3068 5150
827 269 986 370 „444AE-

342 467 544 553 presencium
562 467 711 534 volumus
728 466 901 554 peruenire
918 491 925 531 :
944 469 1029 551 quod
1053 470 1136 536 Both
1152 469 1219 535 lilio
1252 468 1395 554 Symonis
1420 469 1451 536 de

342 573 474 641 Muleah
507 595 546 640 ex
578 595 643 640 vua
659 581 762 659 perte,
787 574 951 642 etaltera
978 595 1055 644 uero
1070 576 1218 660 Nyoolso
1235 573 1302 644 filio
1320 575 1411 642 Ztsrk
1423 577 1453 642 tle

344 685 435 750 iuxta
450 681 602 750 Thnrueli
619 701 678 765 pro
694 702 730 748 se
747 689 778 750 et
803 703 863 769 pro
894 681 988 750 Senk
1021 691 1053 750 et
1084 684 1179 750 Petro
1213 682 1364 750 fratribus
1392 682 1454 765 suis,

342 809 381 856 ne
412 811 469 874 pro
499 791 590 858 Iwou
622 790 662 856 de
694 789 836 876 Zyluohe
866 791 1028 859 seruieute
1054 790 1231 860 eorundem
1253 810 1360 858 eorem
1374 791 1452 858 uobis

284 923 286 928 ·
344 899 556 983 personaliter
572 899 764 986 constitutis,
781 899 926 984 prelatus
951 899 1033 967 Both
1065 901 1233 985 proposuit
1264 900 1340 965 vius
1370 917 1454 964 roos:

348 1006 434 1088 quod
466 1025 561 1092 super
577 1013 679 1075 morte
695 1007 780 1092 Elye
797 1005 905 1074 lrstris
932 1008 982 1074 sui
999 1007 1111 1075 solutis
1127 1008 1189 1074 sibi
1206 1006 1340 1092 triginta
1356 1007 1454 1072 mareis

345 1133 404 1197 per
418 1115 601 1200 Nyeolanm
618 1125 650 1182 et
666 1116 783 1184 fratres
801 1135 876 1183 suos
891 1135 931 1181 eo
947 1118 1038 1183 Iwnn
1058 1113 1263 1202 supradictos
1281 1133 1336 1199 per
1366 1115 1455 1180 omnis

346 1221 491 1289 extitiset
523 1222 736 1305 satisfactum,
764 1222 956 1290 dimittendo
973 1223 1101 1290 eosdem
1118 1242 1216 1308 super
1232 1223 1306 1308 ipss
1322 1222 1454 1289 mortoiu

345 1329 492 1396 omnibns
508 1340 540 1398 et
555 1351 614 1416 per
632 1333 741 1399 omnin
761 1351 869 1399 eornm
886 1332 980 1399 nobis
1012 1331 1191 1416 expedites.
1225 1330 1360 1414 Insuper
1388 1329 1454 1394 obli·

344 1437 436 1520 genit
445 1457 479 1504 se
490 1438 654 1524 predictus
669 1439 753 1507 Both
764 1447 797 1506 et
806 1439 942 1507 heredes
959 1459 1043 1522 suos,
1055 1439 1248 1525 Nyeolenm,
1266 1437 1379 1504 fratres
1390 1455 1453 1502 suos

345 1552 378 1610 et
392 1546 482 1614 Iwuu
499 1553 702 1633 prenotatos,
718 1567 757 1614 ee
773 1545 910 1614 heredes
926 1548 1104 1615 eorundem
1125 1547 1293 1612 uniuersos
1310 1546 1350 1610 nb
1374 1545 1455 1611 omni-

347 1651 407 1718 bus
440 1653 570 1722 racione
603 1655 689 1723 diets
720 1657 833 1722 mortis
865 1656 1021 1740 impetere
1052 1653 1239 1736 nitentibus,
1256 1651 1418 1720 defendere
1431 1657 1456 1716 et

347 1759 501 1844 expedire
518 1761 657 1848 propriis
673 1762 841 1830 laboribus
853 1771 885 1830 et
902 1763 1064 1847 expensis.
1081 1762 1119 1828 In
1135 1759 1227 1827 euius
1251 1779 1309 1844 rey
1334 1758 1457 1826 testimo·

347 1867 434 1935 nium
466 1869 508 1936 ad
540 1869 736 1938 instunoism
768 1872 914 1956 parcium
946 1875 1116 1954 presentes
1149 1867 1343 1934 contulimus
1370 1863 1456 1950 sigilli

347 1976 448 2043 nostri
466 1985 540 2062 post
555 1978 685 2064 plegem
701 1977 935 2046 Thsrterorum
952 1976 1094 2044 seeundo
1120 1974 1268 2044 renouati
1301 1971 1457 2040 munimine

347 2086 535 2167 roboretus;
561 2085 765 2171 presentibus
795 2092 904 2152 temen
930 2086 1085 2172 Magistro
1117 2085 1293 2169 Anthonyo
1325 2083 1457 2160 Centone,

349 2191 448 2259 Saule
463 2194 607 2281 Leetore,
624 2193 746 2279 Mykov
762 2191 913 2278 Custode,
930 2193 1032 2262 Paulo
1048 2194 1090 2260 de
1113 2193 1247 2276 Rursus,
1281 2191 1408 2257 Martius
1423 2186 1458 2252 le

349 2298 502 2386 Zoboleh,
534 2301 702 2368 Beruerdo
720 2301 761 2368 de
778 2301 901 2389 Komey
932 2301 1180 2369 Arehidiseonis
1207 2307 1239 2366 et
1255 2297 1332 2383 slijs
1348 2294 1445 2362 multis

256 2488 259 2496 y
349 2427 434 2496 anno
450 2408 581 2476 Domini
598 2407 716 2476 ΜῦΟΟθ
734 2409 957 2494 octuagesimo
974 2409 1095 2493 quinto.
1118 2411 1288 2494 Regunnte
1318 2403 1457 2470 Ladinlso

348 2515 471 2582 illustri
502 2515 592 2600 Rege
622 2516 801 2603 Hungarie,
843 2517 1032 2585 Lodomerio
1074 2515 1298 2601 strigoniensi,
1329 2512 1462 2580 Johnnue

350 2621 518 2690 Coloneusi
548 2624 830 2711 Arohiepiseopis;
867 2625 998 2692 domino
1030 2633 1139 2693 nostro
1171 2622 1346 2691 venerabili
1379 2624 1460 2703 putre

349 2729 479 2799 Andree
496 2731 556 2800 Dei
572 2733 684 2817 grseie
700 2734 862 2819 Episcopo
879 2733 1033 2818 Agriensi
1046 2732 1271 2801 existentibus.

652 2843 683 2906 A
900 2843 925 2907 Β
1142 2842 1166 2908 O

351 3037 493 3098 (Eredetie
525 3005 709 3105 bllrhrirtynn,
741 3055 758 3090 s
786 3043 874 3090 berun
902 3041 1141 3104 selyemzsinoron
1160 3040 1277 3106 liiggiitt
1295 3041 1381 3106 psoslt
1398 3039 1456 3089 sire

572 3133 643 3180 szett
653 3147 660 3197 5
692 3145 709 3180 e
727 3130 813 3181 bucini
831 3129 884 3182 Ιώ.
906 3128 1035 3181 knmsrsi
1054 3129 1250 3193 levlltsrben.)

748 3845 752 3850 ’
876 3844 950 3914 373.

352 4045 372 4108 I
377 4043 411 4110 V.
429 4043 544 4110 Loszte
560 4045 733 4130 leircllynolc
756 4043 895 4131 Warosy
913 4048 945 4113 es
960 4042 1085 4132 Somop
1101 4055 1181 4113 neoti
1214 4044 1391 4112 Valtteors
1410 4044 1476 4128 fiil-

350 4151 436 4216 dehet
453 4157 607 4238 tclrpyozo
622 4154 806 4238 odomdoya
830 4155 902 4221 Filo
933 4165 1057 4237 mester,
1094 4153 1212 4220 Tomos
1242 4154 1403 4220 commem
1429 4152 1479 4235 fio

769 4265 930 4328 enumera.
948 4263 1046 4327 1286.

425 4453 633 4524 -Ladizlaus
665 4459 727 4524 Dei
758 4459 870 4544 grneis
910 4459 1086 4547 Hungnrie,
1118 4459 1300 4544 Delmeeie,
1329 4455 1479 4530 Oroatis.

350 4563 462 4645 Reme,
479 4561 602 4650 Seruis,
620 4565 768 4655 Gellioie,
787 4566 986 4655 Lodomerie,
1004 4565 1160 4638 Cumanis
1175 4566 1400 4655 Bnlgsrieque
1415 4569 1480 4634 Rex
