3148 5164
658 973 735 1039 464.

124 1179 155 1244 A
178 1179 272 1264 pdcai
294 1175 519 1260 bdptalcanclc
542 1173 823 1258 dizonysdpleoele,
847 1173 931 1256 boqy
948 1171 1058 1256 Gyocr
1081 1176 1267 1258 rremzctsc'q-

125 1285 188 1350 beli-
211 1281 351 1349 Kourdd
373 1283 403 1345 ds
419 1281 473 1362 fia
496 1279 612 1363 Jakac,
637 1302 653 1343 a
675 1277 862 1363 Nemptby-c‘
885 1278 1080 1343 Lecurdnat
1089 1279 1155 1360 fiai
1171 1301 1259 1364 eppa·

345 1386 587 1472 netlecsdqeikru
611 1388 702 1450 atace
726 1385 915 1451 dilatatae.
940 1385 1044 1450 1295.

237 1583 306 1650 Nos
331 1581 514 1667 Capitulum
548 1578 909 1668 Quinqueecclesiensis,
937 1580 1086 1647 Ecclesia
1109 1581 1263 1646 memorie

127 1690 406 1776 commendamus,
432 1685 517 1772 quod
540 1687 698 1772 Magister
722 1683 901 1754 Ocrrardus
925 1685 1009 1754 filius
1036 1688 1193 1772 Stephani
1218 1686 1260 1751 do

127 1817 252 1884 genere
285 1795 365 1862 Jeur
387 1816 445 1881 pro
469 1815 504 1862 se
528 1803 561 1861 et
576 1796 652 1878 ‘pro
676 1794 800 1860 Jacobo
824 1793 890 1858 filio
915 1812 974 1858 suo
997 1795 1040 1860 ab
1064 1817 1128 1863 una
1151 1803 1266 1882 partei

129 1904 299 1971 Dionisius
322 1903 409 1968 filius
431 1895 596 1968 Leunardi
620 1901 660 1966 de
685 1900 850 1985 Nemptby
873 1921 930 1984 pro
955 1920 990 1968 se
1015 1909 1047 1968 et
1070 1923 1129 1988 pro
1161 1905 1262 1971 fratre

127 2034 186 2081 suo
220 2011 356 2098 carnali,
390 2012 467 2076 item
502 2031 560 2094 pro
604 2009 700 2076 Petro
733 2016 764 2075 et
805 2007 960 2077 fratribus
1002 2009 1145 2077 ciusdem
1186 2012 1264 2101 filijs

127 2120 262 2187 Comitis
284 2116 443 2184 Dominici
467 2116 577 2183 fratris
593 2115 643 2184 sni
668 2116 817 2200 carnalis,
842 2117 919 2183 item
943 2139 1001 2204 pro
1033 2118 1109 2202 filijs
1139 2119 1258 2186 Jobau·

127 2229 181 2292 nis
213 2227 319 2292 eciam
352 2223 463 2290 fratris
493 2223 542 2289 sui
577 2223 720 2289 carnalis
755 2223 798 2288 ab
832 2225 946 2308 altera,
982 2227 1204 2308 personaliter
1227 2228 1260 2293 in
1359 2235 1364 2250 “

131 2329 232 2399 ubstri
257 2330 427 2417 presencia
462 2331 665 2414 constitutae,
698 2349 796 2416 super
822 2332 970 2398 omnibus
1004 2341 1037 2400 et
1069 2335 1263 2403 omnimodis
1339 2404 1347 2434 Ν

131 2437 419 2519 destruccionibus,
456 2437 742 2522 combustionibus,
777 2437 929 2522 dampnis
957 2440 1171 2527 quibuslibet,
1195 2444 1262 2508 uul-

130 2547 263 2612 neribus
286 2544 356 2610 siue
379 2543 495 2629 plagis,
521 2542 648 2626 iniurijs
673 2563 711 2608 ac
736 2562 834 2629 super
856 2544 1024 2612 iniuriosis
1061 2547 1263 2616 saceionibus

131 2651 339 2736 quibuslibet,
375 2659 406 2716 et
439 2669 537 2736 super
570 2649 805 2717 discordiarum
839 2651 914 2718 hino
948 2661 979 2718 et
1011 2653 1088 2718 inde
1120 2656 1264 2722 subortis

132 2758 301 2843 stilletis,
329 2763 361 2823 et
386 2758 574 2840 specialiter
597 2777 694 2842 super
718 2757 804 2822 facto
828 2758 941 2850 mortis
977 2761 1126 2826 Vrbanus
1160 2765 1264 2826 serui-

131 2868 217 2933 entis
241 2864 413 2932 eorundem
438 2865 575 2930 filiorum
600 2863 775 2948 Leunardi,
800 2885 894 2948 quem
930 2865 1143 2934 Sebastianus
1175 2869 1262 2934 filius

131 2973 246 3041 Jacobi
268 2971 438 3057 interfecit,
466 2979 501 3036 ut
525 2977 574 3036 est
596 2970 715 3037 dictum
739 2989 797 3055 per
830 2979 954 3056 partes,
988 2972 1163 3038 secundum
1196 2995 1262 3041 mo-

132 3084 208 3148 dum
232 3081 285 3148 uel
319 3079 462 3146 ordinem
488 3077 699 3164 Judieiorum,
726 3088 758 3144 et
782 3079 956 3146 seeundum
980 3080 1150 3148 arbitrium
1177 3085 1260 3152 viro-

135 3211 207 3256 rum
233 3188 388 3254 nobilium
414 3187 746 3274 comprouinoialium,
770 3185 832 3253 sibi
855 3187 993 3252 inuicem
1028 3193 1137 3254 mutuo
1170 3191 1265 3259 satis-

131 3297 299 3375 facientes,
330 3300 520 3378 perpetuam
552 3312 664 3376 pacem
698 3311 733 3357 se
749 3291 868 3358 habere
885 3300 959 3358 eunt
974 3292 1112 3359 confessi
1131 3299 1264 3363 oraculo

130 3409 206 3470 uiue
223 3399 322 3487 uocis,
340 3405 372 3464 et
389 3399 472 3482 quod
491 3406 670 3481 neutraque
686 3399 832 3483 parcium
850 3399 988 3463 alteram
1005 3405 1131 3482 partem
1164 3423 1264 3490 super

130 3509 295 3596 preteritis
312 3507 462 3590 dampnis
478 3506 686 3591 quibuslibet,
699 3507 752 3571 uel
770 3504 908 3588 iniurijs,
919 3513 951 3569 et
961 3503 1148 3590 specialiter
1164 3529 1263 3593 super·

130 3621 222 3682 facto
249 3613 362 3680 mortis
393 3613 543 3678 Vrbanus
574 3612 710 3676 alteram
742 3619 866 3696 partem
899 3614 1067 3695 poteritiu
1099 3622 1261 3698 posterum

130 3723 315 3788 molestare.
346 3717 582 3783 Niobilominus
615 3715 778 3802 predictus
809 3717 966 3801 Magister
999 3719 1176 3788 Corrardus
1202 3743 1262 3808 pro

131 3833 239 3895 morte
255 3823 382 3911 prefata
399 3823 536 3907 predicti
554 3825 714 3910 Vrbanus,
732 3826 862 3892 racione
883 3825 1007 3890 scilicet
1031 3825 1176 3893 eiusdem
1207 3831 1264 3895 Se·

131 3931 289 4017 bastiani,
322 3952 382 4017 pro
413 3951 476 4014 quo
494 3933 690 3998 Sebastiano
723 3932 793 4016 ipse
819 3933 974 4014 Magister
991 3933 1270 4004 dorrardusextb
1301 3937 1305 3946 '

133 4047 218 4106 terat
233 4037 412 4124 fideiussor,
429 4038 586 4124 percoluit
601 4037 750 4105 undecim
767 4057 912 4118 maroas;
937 4037 1012 4104 item
1030 4059 1087 4123 pro
1112 4041 1266 4128 dampnis

132 4147 311 4216 eorundem
342 4145 478 4210 filiorum
511 4143 676 4211 Leunardi
708 4165 766 4230 per
783 4145 920 4212 eundem
937 4145 1166 4214 Sebastianum
1182 4149 1260 4218 irro-

132 4255 220 4338 gatis
237 4251 360 4319 eisdem
393 4251 548 4335 percoluit
579 4251 722 4337 quinque
754 4273 880 4320 marcas
911 4258 943 4318 et
974 4253 1165 4337 dimidiam
1187 4258 1267 4326 item

131 4365 205 4446 ipse
236 4361 394 4445 Magister
425 4360 604 4428 (lorrardus
635 4361 768 4428 racione
795 4361 989 4446 judiciorum
1007 4384 1066 4447 pro
1083 4363 1193 4430 eodem
1210 4367 1264 4433 Se-

131 4469 284 4536 bastiano
299 4467 453 4554 percoluit
470 4466 551 4534 duas
568 4488 703 4535 mareas.
735 4466 878 4545 Quarum
910 4467 1050 4536 omniurn
1082 4489 1264 4538 marcarum

133 4574 350 4660 predictarum
366 4595 515 4662 sumpma
530 4573 610 4642 facit
627 4574 738 4642 decem
756 4581 789 4642 et
805 4581 875 4644 octo
892 4596 1017 4644 marcas
1035 4585 1068 4644 et
1083 4577 1266 4652 dimidiam„

241 4708 345 4746 norun.
360 4708 442 4746 nuno.
458 4709 528 4744 rrrsr.
549 4717 587 4728 -
611 4709 682 4748 urrr.
698 4707 766 4749 xxrr.
1113 4686 1155 4754 37
