3170 5166
321 1105 568 1193 resuspirant
598 1103 736 1188 namorp
766 1124 789 1166 a
820 1097 966 1168 italooroi
981 1100 1068 1168 6rsek
1090 1100 1122 1166 ἐκ
1145 1101 1275 1168 cotnra
1300 1096 1452 1172 Kilirmu

321 1213 563 1303 monorsupbot
578 1215 695 1279 ttirteat
718 1211 988 1279 elmerusztolo'ua
1013 1209 1202 1296 tnrqycibou.
1244 1188 1296 1273 Eo
1328 1209 1451 1276 uertat

425 1413 544 1480 Datum
576 1427 635 1498 pro
666 1407 831 1494 memorio,
855 1404 944 1494 quod
959 1425 981 1472 e
996 1401 1169 1490 quindenis
1184 1403 1298 1474 Suuoti
1314 1403 1448 1492 Georgii

318 1517 467 1590 Keirediu
497 1517 613 1586 Comes
644 1537 703 1603 pro
733 1517 863 1585 domino
894 1535 1004 1584 eornm
1043 1512 1208 1600 Ladizleo,
1239 1513 1393 1602 Philippo
1417 1519 1452 1582 et

318 1628 477 1714 Gregorio
508 1625 689 1695 (inmitibus
721 1623 903 1713 comparuit
914 1642 1023 1693 norem
1042 1621 1137 1690 nobis
1152 1627 1224 1692 ooto
1240 1621 1358 1694 diebus
1375 1643 1450 1692 eou-

317 1743 368 1804 tra
384 1735 668 1823 Arrhiopisoopnru
686 1732 910 1822 colocensem,
927 1739 960 1802 et
976 1732 1102 1801 Gtetuuu
1128 1731 1261 1800 fratrom
1293 1729 1452 1817 einsdem,

298 1844 373 1930 'qni
388 1865 454 1912 uon
485 1851 741 1932 eompuruernnt,
774 1863 834 1911 nee
864 1842 1041 1928 miseruut3
1065 1839 1152 1908 uude
1176 1845 1303 1908 tenetur
1318 1840 1352 1908 iu
1367 1839 1451 1908 iudi·

318 1954 379 2041 oio,
408 1953 472 2021 uisi
502 1971 538 2020 se
554 1951 796 2020 racionabiliter
826 1949 967 2038 poterint
1007 1968 1173 2020 excusare.
1204 1948 1325 2019 Datum
1356 1953 1450 2018 iuxta
1502 1991 1509 1998 ·

317 2063 469 2147 Magnum
485 2060 629 2128 Insulam
646 2061 680 2127 in
695 2058 810 2146 vigilia
825 2061 1045 2130 Pentecostes.

319 2261 460 2328 (liredetie
479 2261 663 2329 bethramta,
681 2275 699 2312 s
717 2259 812 2327 penset
831 2261 983 2326 slusszett3
1013 2258 1090 2311 melt.
1122 2259 1223 2328 Szaley
1254 2241 1386 2326 Agonus
1411 2235 1451 2312 ¹iu·

743 2349 1016 2420 gptiJ'tsmenyeben.)

749 2677 1014 2692 ——nu-——a——n

802 3159 804 3164 ·
846 3215 922 3286 541.

320 3416 572 3505 Torvurpueznt
595 3419 732 3506 oimduy
760 3419 816 3486 Sol
846 3428 959 3483 noratur
990 3417 1105 3485 dumosi
1133 3422 1267 3508 propone
1297 3425 1453 3489 arduum

317 3527 436 3595 tutior
455 3527 671 3613 Akueuukfia
688 3527 774 3610 elleos,
790 3527 938 3618 bizouyos
962 3529 1192 3597 birtokikto'da
1220 3531 1453 3608 elmulurzta'sa

680 3637 871 3726 sarpanas.
896 3615 946 3704 rio
961 3637 1079 3703 nouos.

401 3833 521 3901 Datum
538 3853 595 3920 pro
606 3832 770 3918 memoria,
783 3833 869 3920 quod
881 3833 1173 3918 BoduoydeSnlus
1189 3834 1323 3922 jobagio
1334 3835 1446 3904 Gastri

310 3940 496 4010 Zladieusis
514 3963 571 4029 pro
598 3943 753 4026 Magistro
772 3943 826 4010 Sol
859 3944 1030 4029 Proposito
1062 3943 1264 4030 Dymisieusi
1291 3949 1328 4012 et
1359 3945 1453 4014 Oeuz

311 4051 412 4116 fratre
428 4069 486 4118 suo
501 4069 609 4116 eoram
631 4047 719 4118 nobis
737 4050 928 4118 eonstitutus
945 4052 1130 4136 ogitcorauu
1147 4051 1241 4120 nobis
1252 4053 1449 4122 eonstitutus

310 4157 380 4242 egit
395 4179 504 4225 coram
521 4157 616 4226 nobis
632 4163 744 4226 eontra
760 4157 933 4226 Nicolaum
949 4158 1051 4226 filium
1071 4162 1158 4228 Aous
1176 4159 1327 4248 dinen-io,
1361 4162 1451 4248 qnod

306 4265 399 4334 idem
431 4265 587 4333 Nicolans
619 4273 736 4333 terram
768 4265 812 4334 ad
839 4273 911 4336 noto
928 4275 1043 4336 aratra
1062 4267 1276 4336 suffioientem
1293 4269 1327 4336 iu
1343 4269 1453 4340 Corui·

306 4378 394 4443 rtatu
411 4373 633 4459 supruniensi,
663 4393 758 4457 quarn
775 4375 948 4445 seeundum
966 4381 1109 4445 torrorem
1125 4377 1307 4446 litterarum
1324 4390 1453 4452 nostra·

307 4496 362 4548 nm
377 4482 615 4550 memoriaiiuur
633 4489 777 4550 statuere
793 4504 851 4569 pro
867 4505 904 4554 se
919 4491 951 4553 et
965 4505 1023 4572 pro
1039 4485 1192 4556 fratribus
1210 4487 1279 4558 suis
1298 4487 1425 4558 eisdem

306 4589 363 4658 Sol
379 4589 547 4680 Proposito
581 4597 613 4659 et
629 4590 716 4660 Oouu
746 4591 839 4660 fratri
856 4613 915 4662 suo
934 4601 1169 4685 assumpserat,
1186 4619 1250 4668 non
1266 4601 1450 4674 statuisset.
