3124 5152
755 331 757 341 =
802 291 959 394 ..m-

311 502 436 569 uemper
482 485 681 570 temporibus
722 487 917 554 suceessiuis
957 486 1136 574 perpetuis,
1183 486 1217 553 in
1248 486 1307 554 illa
1337 505 1453 554 eornm

311 589 473 658 libertatis
492 591 699 676 prerogativa
715 600 746 658 et
761 592 884 679 graqia,
902 593 1017 678 quibus
1038 593 1161 680 priores
1188 614 1307 681 eoram,
1329 602 1362 662 et
1389 615 1452 678 per

311 717 514 781 consequens
529 699 594 784 ipsi
611 707 687 766 anto
703 707 829 786 tempus
846 701 1026 786 prescripto
1043 699 1233 769 donacionis
1263 702 1337 788 ipsi
1368 702 1454 769 Mar·

313 805 382 874 tino
401 807 491 874 Bano
507 805 606 892 farte,
626 807 699 874 freti
716 807 854 876 luissent
871 815 903 876 et
919 809 1038 895 ganisi,
1070 807 1304 878 inmutabiliter
1338 817 1371 878 et
1402 808 1452 876 in·

314 933 471 981 eononsse
487 935 682 982 conseruare
699 918 904 1000 tenebuntur,
921 915 1110 999 nullamque
1135 915 1330 1002 nouitatem,
1362 915 1453 982 vltra

313 1021 434 1088 dietam
451 1023 643 1108 libertatem,
675 1043 772 1110 nuper
790 1044 845 1091 eos
862 1031 1018 1092 eteorum
1036 1029 1183 1109 posteros
1199 1023 1317 1092 faeere
1333 1029 1365 1090 et
1392 1025 1453 1090 im-

315 1137 441 1198 mutare
457 1131 630 1216 valebunt;
669 1139 700 1199 et
717 1132 805 1216 quod
820 1131 883 1218 ipsi
900 1131 1066 1200 Prediales
1081 1141 1114 1200 et
1131 1133 1237 1200 annoti
1254 1133 1302 1200 eis
1328 1151 1452 1200 suone·

314 1237 446 1323 dentes,
461 1237 543 1324 ipsis
560 1239 645 1328 filijs,
677 1245 708 1305 et
723 1239 836 1306 reliete
852 1240 984 1306 Martini
1000 1241 1096 1328 Rani,
1122 1260 1298 1325 eorumque
1323 1238 1452 1308 beredi-

313 1346 383 1431 bus,
401 1345 495 1412 sieuti
513 1365 621 1412 eorum
637 1345 725 1413 ueris
746 1353 781 1412 et
798 1345 1037 1414 naturabilibus
1054 1347 1203 1432 dominis,
1229 1366 1358 1432 semper
1374 1347 1453 1414 obe-

191 1483 194 1490 ·
316 1449 396 1536 dire,
429 1451 584 1538 ipsosque
602 1454 716 1538 uereri,
749 1453 955 1536 seruioiaque
971 1457 1003 1520 et
1018 1451 1114 1520 dacia
1129 1455 1173 1521 ad
1189 1453 1344 1521 collectas
1360 1453 1453 1549 debi-

314 1567 375 1642 tas,
393 1557 487 1626 siouti
505 1560 598 1644 alias,
632 1561 706 1628 dum
725 1560 786 1628 snb
804 1569 951 1627 manunt
970 1565 1128 1646 potestate
1145 1559 1247 1643 Regie
1263 1559 1451 1628 Maiestatis

313 1665 456 1734 fuissent
473 1669 652 1754 constituti,
670 1667 825 1736 iecissent
841 1675 872 1734 et
889 1668 1120 1756 exercuissent,
1152 1669 1231 1736 loeis
1248 1675 1280 1736 et
1296 1669 1452 1754 tempori·

315 1776 374 1841 bus
391 1775 632 1862 ingruentibus,
652 1775 699 1842 eis
716 1773 804 1864 dare,
837 1775 1087 1862 amministrare,
1117 1775 1227 1844 faeere
1245 1781 1277 1841 et
1293 1773 1451 1842 exhibere

314 1881 450 1966 obligati
469 1882 677 1950 haberentur.
703 1883 758 1948 Sio
775 1889 806 1950 et
822 1903 860 1950 eo
877 1883 983 1969 modo,
1000 1891 1035 1948 vt
1051 1903 1108 1968 per
1124 1889 1272 1967 tempora
1288 1879 1450 1964 emiterno,

314 2007 336 2054 n
353 1990 497 2074 quolibet
514 2009 599 2055 anno
623 1989 761 2074 quilibet
782 2011 822 2056 ex
839 1990 928 2076 ipsis,
946 1998 1027 2076 puta
1043 1987 1258 2075 predialibns,
1275 1987 1316 2056 de
1333 1987 1450 2075 predio

317 2117 375 2164 sno
392 2095 456 2164 sibi
473 2096 625 2182 subiecto,
644 2101 892 2182 quantocunque
905 2100 1105 2181 quantitates
1115 2097 1304 2180 existerent,
1320 2097 1354 2164 in
1371 2116 1450 2181 qno-

315 2205 396 2270 libet
412 2203 466 2269 die
481 2203 669 2272 iestiuitatis
696 2205 789 2272 Beati
816 2204 949 2291 Georgij
984 2205 1145 2291 martyris,
1178 2206 1329 2290 singulas
1362 2205 1450 2273 duaa

319 2331 439 2398 pensas
455 2311 663 2379 denariorum
679 2333 762 2379 noue
779 2321 919 2401 moneta,
952 2311 1070 2380 deinde
1087 2333 1164 2380 uero
1191 2312 1386 2381 secundario
1413 2313 1449 2380 in

318 2418 461 2504 qnalibet
478 2418 531 2486 die
547 2419 737 2488 festiuitatis
753 2421 847 2488 Beati
863 2419 993 2488 Martini
1010 2419 1216 2505 confessoris,
1232 2421 1298 2506 ipsi
1313 2441 1444 2488 omnes·

318 2546 381 2609 que
396 2527 558 2611 prediales
575 2529 786 2595 communiter
803 2535 834 2594 et
850 2527 993 2612 indiuisi,
1011 2535 1137 2613 septem
1151 2548 1280 2595 mareas
1300 2529 1449 2614 computi

319 2633 424 2717 Regni
440 2633 624 2720 Solanonie,
656 2655 714 2720 pro
739 2635 883 2718 qualibet
899 2634 1022 2702 scilieet
1053 2653 1163 2701 marea
1195 2633 1277 2702 dnos
1306 2634 1449 2700 florenos

319 2759 421 2808 nonos
436 2742 662 2826 computando,
694 2739 829 2826 prefatis
846 2741 923 2826 filijs
940 2747 971 2808 et
985 2741 1098 2808 reliete
1128 2739 1262 2808 Martini
1294 2741 1379 2808 Bani
1411 2739 1447 2806 in

318 2845 471 2916 heredum
489 2849 638 2936 herodes,
669 2869 727 2936 pro
744 2851 879 2916 eolleota
910 2847 989 2916 dare
1020 2855 1052 2914 et
1084 2849 1210 2916 soluere
1241 2848 1451 2932 tenebuntur,

320 2952 480 3038 Ceterum,
513 2957 590 3040 quia
606 2957 670 3041 ipsi
686 2954 851 3042 prediales
868 2956 985 3039 Regali
1011 2957 1064 3024 rel
1093 2953 1245 3038 Reginali
1274 2954 1451 3034 Maiestati.

318 3061 394 3128 dnm
411 3064 497 3130 vltra
513 3065 657 3130 Drauam
674 3064 707 3130 iu
732 3065 844 3147 Regno
871 3062 1043 3130 Selauonie
1075 3062 1322 3148 subintrassent,
1355 3062 1453 3130 iuxta

317 3170 414 3236 ritum
430 3171 600 3256 antiquum
616 3169 771 3237 victualia
788 3169 866 3236 dare
883 3169 1020 3238 fuissent
1054 3169 1199 3250 astrioti3
1222 3167 1343 3235 ideireo
1375 3169 1453 3256 ipsa
1555 3191 1556 3210 ³

318 3279 450 3362 Regalis
474 3280 528 3345 vel
552 3277 718 3363 Reginalis
743 3277 908 3364 Maiestas,
941 3277 1199 3362 quandocunque
1214 3286 1246 3345 et
1277 3276 1452 3360 quociens·

321 3406 447 3472 cunque
464 3387 542 3454 illan
558 3387 591 3452 in
607 3387 712 3474 ipsum
740 3387 887 3469 Regnum
904 3383 1077 3452 Solanonie
1105 3382 1309 3470 aeeederent,
1340 3382 1453 3452 huius·

319 3491 406 3560 modi
423 3493 578 3562 uiotnalia
593 3512 730 3580 semper,
747 3493 871 3560 tooiens
888 3491 1112 3576 quooiensboo
1123 3489 1275 3578 eueniret,
1292 3509 1355 3556 non
1365 3489 1452 3578 ipsis

320 3600 439 3690 Regali
454 3609 511 3668 ant
526 3601 678 3688 Reginali
695 3600 869 3684 Maiestati,
887 3599 945 3667 sed
962 3598 1087 3683 precise
1103 3597 1186 3684 ipsis
1200 3597 1278 3683 filijs
1296 3603 1329 3665 et
1337 3599 1454 3668 relicte

320 3708 451 3776 Martini
469 3709 560 3794 Rani,
593 3715 649 3776 aut
665 3729 775 3776 eorum
792 3707 941 3792 posteris,
973 3713 1127 3789 tanquam
1144 3725 1255 3772 eorum
1285 3705 1451 3794 Dominis,

324 3815 404 3883 dare
419 3821 451 3882 et
467 3815 672 3882 aministrare
687 3813 859 3880 debebunt.
893 3811 1130 3878 Niehilominus
1156 3817 1273 3894 autem,
1305 3811 1392 3880 sieut
1407 3815 1453 3881 ab
1553 3871 1554 3878 ,

321 3923 456 4006 antiquo
472 3921 587 3990 suisset
604 3927 802 4007 eonsuetum,
835 3921 898 4004 ipsi
915 3918 1085 3986 Prediales
1100 3939 1159 4006 pro
1177 3917 1326 3986 faciendo
1358 3917 1453 3988 Jndi-

322 4029 373 4097 oio
389 4030 422 4095 in
438 4029 517 4098 villa
533 4027 709 4096 Keresthur
724 4025 840 4096 Sedern
856 4027 876 4093 J
879 4023 1068 4094 udiciariam
1084 4025 1261 4114 habebunt,
1289 4045 1326 4093 eo
1344 4026 1456 4114 modo,

214 4157 218 4166 ·
323 4137 410 4222 quod
427 4157 468 4205 ex
483 4144 577 4226 parte
592 4139 736 4222 ipsorum
752 4134 950 4222 predialium
968 4134 1082 4202 Comes
1112 4134 1293 4202 Terrestris
1325 4154 1453 4222 eorum,
1552 4201 1553 4221 ,

323 4265 364 4311 ex
380 4250 473 4330 parte
489 4265 571 4314 uero
588 4243 787 4329 prelatorum
803 4241 943 4307 filiorum
960 4248 993 4308 et
1008 4239 1120 4308 reliete
1136 4239 1266 4308 Martini
1282 4241 1376 4325 Rani,
1395 4243 1455 4310 nel

323 4351 480 4419 heredum
497 4373 617 4436 eorum,
636 4350 750 4418 Comes
766 4351 819 4417 uel
836 4347 997 4416 Otfieialis
1014 4368 1122 4416 eornm
1140 4368 1198 4433 pro
1214 4355 1360 4430 tempore
1376 4369 1455 4418 eon-
1551 4437 1552 4442 ἵ

324 4457 439 4545 stituti,
455 4457 501 4524 ibi
517 4459 552 4526 in
569 4457 655 4524 dieta
671 4457 859 4542 Keresthur,
875 4455 960 4524 Sede
975 4455 1165 4540 Judioiaria,
1194 4475 1253 4540 pro
1269 4455 1343 4540 ipso
1359 4453 1454 4524 Judi·
1551 4449 1552 4496 ἶ

325 4567 374 4654 pio
387 4565 536 4634 faciendo
552 4567 649 4634 simul
665 4573 697 4634 et
713 4565 756 4634 ad
772 4563 921 4658 inuioem,
948 4584 1010 4632 non
1028 4583 1104 4632 nero
1121 4562 1262 4650 diuisim,
1292 4563 1453 4644 oonsede·
