<?xml version="1.0" encoding="UTF-8"?>
<!DOCTYPE html PUBLIC "-//W3C//DTD XHTML 1.0 Transitional//EN"
    "http://www.w3.org/TR/xhtml1/DTD/xhtml1-transitional.dtd">
<html xmlns="http://www.w3.org/1999/xhtml" xml:lang="en" lang="en">
 <head>
  <title>
</title>
<meta http-equiv="Content-Type" content="text/html;charset=utf-8" />
  <meta name='ocr-system' content='tesseract 3.04.00' />
  <meta name='ocr-capabilities' content='ocr_page ocr_carea ocr_par ocr_line ocrx_word'/>
</head>
<body>
  <div class='ocr_page' id='page_1' title='image "./codexdiplomatic06wenzgoog_0576.png"; bbox 0 0 3096 5160; ppageno 0'>
   <div class='ocr_carea' id='block_1_1' title="bbox 545 315 706 418">
    <p class='ocr_par' dir='ltr' id='par_1_1' title="bbox 545 315 706 418">
     <span class='ocr_line' id='line_1_1' title="bbox 545 315 706 418; baseline 0 -36"><span class='ocrx_word' id='word_1_1' title='bbox 545 315 706 418; x_wconf 44' lang='lat'>-52—5„</span> 
     </span>
    </p>
   </div>
   <div class='ocr_carea' id='block_1_2' title="bbox 3 505 1196 1356">
    <p class='ocr_par' dir='ltr' id='par_1_2' title="bbox 3 505 1196 1356">
     <span class='ocr_line' id='line_1_2' title="bbox 64 505 1196 597; baseline -0.002 -21"><span class='ocrx_word' id='word_1_2' title='bbox 64 507 274 595; x_wconf 80' lang='lat' dir='ltr'>pertinenciis</span> <span class='ocrx_word' id='word_1_3' title='bbox 290 509 354 578; x_wconf 90' lang='lat' dir='ltr'>sibi</span> <span class='ocrx_word' id='word_1_4' title='bbox 370 527 392 575; x_wconf 90' lang='lat' dir='ltr'>a</span> <span class='ocrx_word' id='word_1_5' title='bbox 408 505 538 579; x_wconf 90' lang='lat' dir='ltr'>dominc</span> <span class='ocrx_word' id='word_1_6' title='bbox 554 511 642 596; x_wconf 89' lang='lat' dir='ltr'>Rege</span> <span class='ocrx_word' id='word_1_7' title='bbox 669 532 728 597; x_wconf 90' lang='lat' dir='ltr'>pro</span> <span class='ocrx_word' id='word_1_8' title='bbox 758 510 827 578; x_wconf 88' lang='lat' dir='ltr'>suis</span> <span class='ocrx_word' id='word_1_9' title='bbox 858 511 1011 580; x_wconf 87' lang='lat' dir='ltr'>fidelibus</span> <span class='ocrx_word' id='word_1_10' title='bbox 1043 508 1196 594; x_wconf 87' lang='lat' dir='ltr'>seruicijs&#39;</span> 
     </span>
     <span class='ocr_line' id='line_1_3' title="bbox 67 617 1192 704; baseline 0 -18"><span class='ocrx_word' id='word_1_11' title='bbox 67 621 213 687; x_wconf 66' lang='lat' dir='ltr'>colamur</span> <span class='ocrx_word' id='word_1_12' title='bbox 231 639 305 687; x_wconf 90' lang='lat' dir='ltr'>cum</span> <span class='ocrx_word' id='word_1_13' title='bbox 322 617 463 703; x_wconf 80' lang='lat' dir='ltr'>hiJ&#39;sdem</span> <span class='ocrx_word' id='word_1_14' title='bbox 479 621 713 696; x_wconf 75' lang='lat' dir='ltr'>instrumentis,</span> <span class='ocrx_word' id='word_1_15' title='bbox 746 621 862 704; x_wconf 87' lang='lat' dir='ltr'>quibus</span> <span class='ocrx_word' id='word_1_16' title='bbox 879 621 1101 688; x_wconf 80' lang='lat' dir='ltr'>mediantibus</span> <span class='ocrx_word' id='word_1_17' title='bbox 1118 639 1192 686; x_wconf 87' lang='lat' dir='ltr'>ean·</span> 
     </span>
     <span class='ocr_line' id='line_1_4' title="bbox 65 725 1188 818; baseline 0.004 -26"><span class='ocrx_word' id='word_1_18' title='bbox 65 726 127 793; x_wconf 85' lang='lat' dir='ltr'>dem</span> <span class='ocrx_word' id='word_1_19' title='bbox 143 725 382 813; x_wconf 70' lang='lat' dir='ltr'>possedissent,</span> <span class='ocrx_word' id='word_1_20' title='bbox 399 725 544 794; x_wconf 83' lang='lat' dir='ltr'>Jcbanni</span> <span class='ocrx_word' id='word_1_21' title='bbox 559 727 625 795; x_wconf 87' lang='lat' dir='ltr'>filio</span> <span class='ocrx_word' id='word_1_22' title='bbox 641 725 738 814; x_wconf 88' lang='lat' dir='ltr'>Ontb,</span> <span class='ocrx_word' id='word_1_23' title='bbox 754 726 821 795; x_wconf 90' lang='lat' dir='ltr'>tilio</span> <span class='ocrx_word' id='word_1_24' title='bbox 838 727 963 796; x_wconf 85' lang='lat' dir='ltr'>scillcet</span> <span class='ocrx_word' id='word_1_25' title='bbox 977 727 1104 795; x_wconf 91' lang='lat' dir='ltr'>sororis</span> <span class='ocrx_word' id='word_1_26' title='bbox 1120 749 1188 818; x_wconf 89' lang='lat' dir='ltr'>sue,</span> 
     </span>
     <span class='ocr_line' id='line_1_5' title="bbox 3 833 1188 924; baseline 0 -20"><span class='ocrx_word' id='word_1_27' title='bbox 3 911 4 924; x_wconf 47' lang='lat'>,</span> <span class='ocrx_word' id='word_1_28' title='bbox 63 857 112 923; x_wconf 88' lang='lat' dir='ltr'>pro</span> <span class='ocrx_word' id='word_1_29' title='bbox 127 835 284 904; x_wconf 82' lang='lat' dir='ltr'>bdelibne</span> <span class='ocrx_word' id='word_1_30' title='bbox 298 833 446 920; x_wconf 78' lang='lat' dir='ltr'>seruiciJs</span> <span class='ocrx_word' id='word_1_31' title='bbox 462 841 494 901; x_wconf 88' lang='lat' dir='ltr'>et</span> <span class='ocrx_word' id='word_1_32' title='bbox 508 836 718 904; x_wconf 89' lang='lat' dir='ltr'>seruiciorum</span> <span class='ocrx_word' id='word_1_33' title='bbox 735 837 858 905; x_wconf 89' lang='lat' dir='ltr'>meritis</span> <span class='ocrx_word' id='word_1_34' title='bbox 874 837 1019 906; x_wconf 86' lang='lat' dir='ltr'>eiusdem</span> <span class='ocrx_word' id='word_1_35' title='bbox 1054 837 1097 904; x_wconf 87' lang='lat' dir='ltr'>ab</span> <span class='ocrx_word' id='word_1_36' title='bbox 1128 857 1188 904; x_wconf 90' lang='lat' dir='ltr'>cuc</span> 
     </span>
     <span class='ocr_line' id='line_1_6' title="bbox 64 940 1191 1031; baseline 0.002 -21"><span class='ocrx_word' id='word_1_37' title='bbox 64 943 257 1029; x_wconf 80' lang='lat' dir='ltr'>puerilitatis</span> <span class='ocrx_word' id='word_1_38' title='bbox 273 942 339 1030; x_wconf 88' lang='lat' dir='ltr'>ipsi</span> <span class='ocrx_word' id='word_1_39' title='bbox 354 940 472 1010; x_wconf 75' lang='lat' dir='ltr'>Comitl</span> <span class='ocrx_word' id='word_1_40' title='bbox 488 943 598 1012; x_wconf 77' lang='lat' dir='ltr'>Ochus</span> <span class='ocrx_word' id='word_1_41' title='bbox 613 944 770 1030; x_wconf 83' lang='lat' dir='ltr'>inpensis,</span> <span class='ocrx_word' id='word_1_42' title='bbox 795 943 951 1012; x_wconf 87' lang='lat' dir='ltr'>heredum</span> <span class='ocrx_word' id='word_1_43' title='bbox 968 964 1099 1012; x_wconf 89' lang='lat' dir='ltr'>sucrum</span> <span class='ocrx_word' id='word_1_44' title='bbox 1130 965 1191 1031; x_wconf 86' lang='lat' dir='ltr'>per</span> 
     </span>
     <span class='ocr_line' id='line_1_7' title="bbox 65 1051 1190 1138; baseline 0.002 -21"><span class='ocrx_word' id='word_1_45' title='bbox 65 1051 196 1120; x_wconf 90' lang='lat' dir='ltr'>heredes</span> <span class='ocrx_word' id='word_1_46' title='bbox 211 1051 466 1138; x_wconf 88' lang='lat' dir='ltr'>perempnaliter</span> <span class='ocrx_word' id='word_1_47' title='bbox 482 1051 699 1120; x_wconf 81' lang='lat' dir='ltr'>condonasset</span> <span class='ocrx_word' id='word_1_48' title='bbox 715 1071 822 1120; x_wconf 90' lang='lat' dir='ltr'>coram</span> <span class='ocrx_word' id='word_1_49' title='bbox 839 1053 968 1119; x_wconf 86' lang='lat' dir='ltr'>Abbatc</span> <span class='ocrx_word' id='word_1_50' title='bbox 979 1057 1010 1120; x_wconf 90' lang='lat' dir='ltr'>et</span> <span class='ocrx_word' id='word_1_51' title='bbox 1021 1051 1190 1120; x_wconf 84' lang='lat' dir='ltr'>(lonuentu</span> 
     </span>
     <span class='ocr_line' id='line_1_8' title="bbox 65 1159 1191 1249; baseline 0.004 -24"><span class='ocrx_word' id='word_1_52' title='bbox 65 1159 234 1249; x_wconf 76' lang='lat' dir='ltr'>antedictis</span> <span class='ocrx_word' id='word_1_53' title='bbox 250 1159 314 1228; x_wconf 85' lang='lat' dir='ltr'>sib.</span> <span class='ocrx_word' id='word_1_54' title='bbox 337 1161 458 1228; x_wconf 86' lang='lat' dir='ltr'>Datum</span> <span class='ocrx_word' id='word_1_55' title='bbox 484 1162 622 1247; x_wconf 88' lang='lat' dir='ltr'>septimo</span> <span class='ocrx_word' id='word_1_56' title='bbox 654 1159 707 1226; x_wconf 91' lang='lat' dir='ltr'>dic</span> <span class='ocrx_word' id='word_1_57' title='bbox 734 1159 1010 1246; x_wconf 81' lang='lat' dir='ltr'>Congregacicnis</span> <span class='ocrx_word' id='word_1_58' title='bbox 1042 1160 1191 1246; x_wconf 88' lang='lat' dir='ltr'>predicte</span> 
     </span>
     <span class='ocr_line' id='line_1_9' title="bbox 64 1267 1192 1356; baseline 0.004 -22"><span class='ocrx_word' id='word_1_59' title='bbox 64 1288 143 1336; x_wconf 87' lang='lat' dir='ltr'>anno</span> <span class='ocrx_word' id='word_1_60' title='bbox 161 1267 296 1334; x_wconf 90' lang='lat' dir='ltr'>Domini</span> <span class='ocrx_word' id='word_1_61' title='bbox 312 1267 486 1339; x_wconf 87' lang='lat' dir='ltr'>millesime</span> <span class='ocrx_word' id='word_1_62' title='bbox 511 1271 737 1338; x_wconf 87' lang='lat' dir='ltr'>trecentesimo</span> <span class='ocrx_word' id='word_1_63' title='bbox 763 1269 1032 1356; x_wconf 84' lang='lat' dir='ltr'>quinquagesimo</span> <span class='ocrx_word' id='word_1_64' title='bbox 1066 1275 1192 1354; x_wconf 84' lang='lat' dir='ltr'>quarto.</span> 
     </span>
    </p>
   </div>
   <div class='ocr_carea' id='block_1_3' title="bbox 274 1466 975 1535">
    <p class='ocr_par' dir='ltr' id='par_1_3' title="bbox 274 1466 975 1535">
     <span class='ocr_line' id='line_1_10' title="bbox 274 1466 975 1535; baseline 0.007 -18"><span class='ocrx_word' id='word_1_65' title='bbox 274 1466 420 1534; x_wconf 73' lang='lat' dir='ltr'>(Eradetie</span> <span class='ocrx_word' id='word_1_66' title='bbox 439 1467 554 1520; x_wconf 86' lang='lat' dir='ltr'>abndai</span> <span class='ocrx_word' id='word_1_67' title='bbox 567 1467 621 1520; x_wconf 85' lang='lat' dir='ltr'>kir.</span> <span class='ocrx_word' id='word_1_68' title='bbox 635 1469 765 1522; x_wconf 87' lang='lat' dir='ltr'>kamarai</span> <span class='ocrx_word' id='word_1_69' title='bbox 778 1469 975 1535; x_wconf 77' lang='lat' dir='ltr'>lcvbltrtrban.)</span> 
     </span>
    </p>
   </div>
   <div class='ocr_carea' id='block_1_4' title="bbox 495 1758 762 1768">
    <p class='ocr_par' dir='ltr' id='par_1_4' title="bbox 495 1758 762 1768">
     <span class='ocr_line' id='line_1_11' title="bbox 495 1758 762 1768; baseline 0.004 -2"><span class='ocrx_word' id='word_1_70' title='bbox 495 1758 762 1768; x_wconf 73' lang='lat'>-—-——-——-——</span> 
     </span>
    </p>
   </div>
   <div class='ocr_carea' id='block_1_5' title="bbox 592 2292 669 2360">
    <p class='ocr_par' dir='ltr' id='par_1_5' title="bbox 592 2292 669 2360">
     <span class='ocr_line' id='line_1_12' title="bbox 592 2292 669 2360; baseline 0 0"><span class='ocrx_word' id='word_1_71' title='bbox 592 2292 669 2360; x_wconf 75' lang='lat'>430.</span> 
     </span>
    </p>
   </div>
   <div class='ocr_carea' id='block_1_6' title="bbox 70 2489 1192 2580">
    <p class='ocr_par' dir='ltr' id='par_1_6' title="bbox 70 2489 1192 2580">
     <span class='ocr_line' id='line_1_13' title="bbox 70 2489 1192 2580; baseline 0.007 -28"><span class='ocrx_word' id='word_1_72' title='bbox 70 2489 130 2555; x_wconf 80' lang='grc' dir='ltr'><em>ΙΙΙ.</em></span> <span class='ocrx_word' id='word_1_73' title='bbox 147 2489 262 2556; x_wconf 82' lang='lat' dir='ltr'>Endrc</span> <span class='ocrx_word' id='word_1_74' title='bbox 277 2491 461 2576; x_wconf 77' lang='lat' dir='ltr'>kirdlynale</span> <span class='ocrx_word' id='word_1_75' title='bbox 476 2491 630 2578; x_wconf 78' lang='lat' dir='ltr'>Lacbpnc</span> <span class='ocrx_word' id='word_1_76' title='bbox 646 2493 677 2558; x_wconf 77' lang='grc' dir='ltr'>έο</span> <span class='ocrx_word' id='word_1_77' title='bbox 711 2491 881 2560; x_wconf 65' lang='grc' dir='ltr'>Ψήῖιοοοῖι</span> <span class='ocrx_word' id='word_1_78' title='bbox 905 2493 1097 2580; x_wconf 69' lang='lat' dir='ltr'>helyedgckct</span> <span class='ocrx_word' id='word_1_79' title='bbox 1123 2499 1192 2560; x_wconf 79' lang='lat' dir='ltr'>tcir-</span> 
     </span>
    </p>
   </div>
   <div class='ocr_carea' id='block_1_7' title="bbox 71 2597 1194 2685">
    <p class='ocr_par' dir='ltr' id='par_1_7' title="bbox 71 2597 1194 2685">
     <span class='ocr_line' id='line_1_14' title="bbox 71 2597 1194 2685; baseline 0.004 -23"><span class='ocrx_word' id='word_1_80' title='bbox 71 2601 170 2681; x_wconf 74' lang='lat' dir='ltr'>9yozd</span> <span class='ocrx_word' id='word_1_81' title='bbox 194 2600 378 2684; x_wconf 76' lang='lat' dir='ltr'>adcmdapa</span> <span class='ocrx_word' id='word_1_82' title='bbox 410 2597 501 2685; x_wconf 70' lang='lat' dir='ltr'>Opaca</span> <span class='ocrx_word' id='word_1_83' title='bbox 526 2620 632 2684; x_wconf 85' lang='lat' dir='ltr'>comcs,</span> <span class='ocrx_word' id='word_1_84' title='bbox 649 2599 832 2666; x_wconf 80' lang='lat' dir='ltr'>Bazcdnok</span> <span class='ocrx_word' id='word_1_85' title='bbox 841 2600 894 2682; x_wconf 80' lang='lat' dir='ltr'>fla</span> <span class='ocrx_word' id='word_1_86' title='bbox 909 2605 1069 2670; x_wconf 76' lang='lat' dir='ltr'>eadmdra.</span> <span class='ocrx_word' id='word_1_87' title='bbox 1093 2601 1194 2668; x_wconf 82' lang='lat'><strong><em>1292.</em></strong></span> 
     </span>
    </p>
   </div>
   <div class='ocr_carea' id='block_1_8' title="bbox 66 2785 1203 4279">
    <p class='ocr_par' dir='ltr' id='par_1_8' title="bbox 66 2785 1203 4279">
     <span class='ocr_line' id='line_1_15' title="bbox 169 2785 1193 2882; baseline 0.006 -23"><span class='ocrx_word' id='word_1_88' title='bbox 169 2785 321 2864; x_wconf 81' lang='lat' dir='ltr'>Andreas</span> <span class='ocrx_word' id='word_1_89' title='bbox 367 2792 428 2860; x_wconf 90' lang='lat' dir='ltr'>Dei</span> <span class='ocrx_word' id='word_1_90' title='bbox 470 2793 582 2878; x_wconf 89' lang='lat' dir='ltr'>gracia</span> <span class='ocrx_word' id='word_1_91' title='bbox 620 2793 797 2882; x_wconf 88' lang='lat' dir='ltr'>Hongarie,</span> <span class='ocrx_word' id='word_1_92' title='bbox 836 2795 1015 2881; x_wconf 89' lang='lat' dir='ltr'>Dalmacie,</span> <span class='ocrx_word' id='word_1_93' title='bbox 1046 2797 1193 2882; x_wconf 82' lang='lat' dir='ltr'>Orcocie,</span> 
     </span>
     <span class='ocr_line' id='line_1_16' title="bbox 67 2899 1189 2990; baseline 0.005 -24"><span class='ocrx_word' id='word_1_94' title='bbox 67 2899 172 2986; x_wconf 80' lang='lat' dir='ltr'>Reme,</span> <span class='ocrx_word' id='word_1_95' title='bbox 201 2900 328 2986; x_wconf 85' lang='lat' dir='ltr'>Seroie,</span> <span class='ocrx_word' id='word_1_96' title='bbox 359 2899 508 2978; x_wconf 78' lang='lat' dir='ltr'>Gallicis,</span> <span class='ocrx_word' id='word_1_97' title='bbox 542 2900 741 2990; x_wconf 88' lang='lat' dir='ltr'>Lcdomerie,</span> <span class='ocrx_word' id='word_1_98' title='bbox 773 2901 929 2969; x_wconf 82' lang='lat' dir='ltr'>Cumania</span> <span class='ocrx_word' id='word_1_99' title='bbox 968 2903 1189 2988; x_wconf 86' lang='lat' dir='ltr'>Bulgariequc</span> 
     </span>
     <span class='ocr_line' id='line_1_17' title="bbox 67 3007 1193 3097; baseline 0.006 -26"><span class='ocrx_word' id='word_1_100' title='bbox 67 3007 132 3074; x_wconf 84' lang='lat' dir='ltr'>Rex</span> <span class='ocrx_word' id='word_1_101' title='bbox 159 3009 308 3076; x_wconf 89' lang='lat' dir='ltr'>omnibns</span> <span class='ocrx_word' id='word_1_102' title='bbox 325 3009 442 3076; x_wconf 74' lang='lat' dir='ltr'>Christi</span> <span class='ocrx_word' id='word_1_103' title='bbox 466 3008 617 3076; x_wconf 88' lang='lat' dir='ltr'>fidelibus</span> <span class='ocrx_word' id='word_1_104' title='bbox 647 3015 812 3096; x_wconf 85' lang='lat' dir='ltr'>presentes</span> <span class='ocrx_word' id='word_1_105' title='bbox 842 3011 966 3078; x_wconf 87' lang='lat' dir='ltr'>litteras</span> <span class='ocrx_word' id='word_1_106' title='bbox 998 3009 1193 3097; x_wconf 87' lang='lat' dir='ltr'>inspecturis</span> 
     </span>
     <span class='ocr_line' id='line_1_18' title="bbox 69 3115 1192 3204; baseline 0.005 -24"><span class='ocrx_word' id='word_1_107' title='bbox 69 3117 204 3184; x_wconf 85' lang='lat' dir='ltr'>salutem</span> <span class='ocrx_word' id='word_1_108' title='bbox 219 3117 255 3182; x_wconf 94' lang='lat' dir='ltr'>in</span> <span class='ocrx_word' id='word_1_109' title='bbox 273 3115 417 3184; x_wconf 89' lang='lat' dir='ltr'>omnium</span> <span class='ocrx_word' id='word_1_110' title='bbox 433 3115 609 3184; x_wconf 87' lang='lat' dir='ltr'>saluatore.</span> <span class='ocrx_word' id='word_1_111' title='bbox 627 3116 720 3185; x_wconf 85' lang='lat' dir='ltr'>Licet</span> <span class='ocrx_word' id='word_1_112' title='bbox 735 3117 839 3203; x_wconf 86' lang='lat' dir='ltr'>Regia</span> <span class='ocrx_word' id='word_1_113' title='bbox 855 3119 962 3204; x_wconf 89' lang='lat' dir='ltr'>piatas</span> <span class='ocrx_word' id='word_1_114' title='bbox 978 3137 1108 3186; x_wconf 89' lang='lat' dir='ltr'>manum</span> <span class='ocrx_word' id='word_1_115' title='bbox 1126 3140 1192 3186; x_wconf 87' lang='lat' dir='ltr'>mu-</span> 
     </span>
     <span class='ocr_line' id='line_1_19' title="bbox 70 3223 1193 3314; baseline 0.007 -26"><span class='ocrx_word' id='word_1_116' title='bbox 70 3223 198 3291; x_wconf 83' lang='lat' dir='ltr'>nificam</span> <span class='ocrx_word' id='word_1_117' title='bbox 231 3223 351 3292; x_wconf 87' lang='lat' dir='ltr'>debeat</span> <span class='ocrx_word' id='word_1_118' title='bbox 381 3227 548 3311; x_wconf 81' lang='lat' dir='ltr'>porrigere</span> <span class='ocrx_word' id='word_1_119' title='bbox 578 3224 756 3310; x_wconf 80' lang='lat' dir='ltr'>uniuersis3</span> <span class='ocrx_word' id='word_1_120' title='bbox 800 3225 876 3294; x_wconf 89' lang='lat' dir='ltr'>illos</span> <span class='ocrx_word' id='word_1_121' title='bbox 907 3234 1028 3314; x_wconf 88' lang='lat' dir='ltr'>tamen,</span> <span class='ocrx_word' id='word_1_122' title='bbox 1058 3247 1193 3313; x_wconf 86' lang='lat' dir='ltr'>quornm</span> 
     </span>
     <span class='ocr_line' id='line_1_20' title="bbox 70 3331 1192 3422; baseline 0.004 -24"><span class='ocrx_word' id='word_1_123' title='bbox 70 3339 204 3419; x_wconf 88' lang='lat' dir='ltr'>experta</span> <span class='ocrx_word' id='word_1_124' title='bbox 218 3333 365 3420; x_wconf 82' lang='lat' dir='ltr'>probitas</span> <span class='ocrx_word' id='word_1_125' title='bbox 381 3331 520 3402; x_wconf 88' lang='lat' dir='ltr'>laudata</span> <span class='ocrx_word' id='word_1_126' title='bbox 536 3340 584 3402; x_wconf 87' lang='lat' dir='ltr'>est</span> <span class='ocrx_word' id='word_1_127' title='bbox 599 3333 634 3401; x_wconf 91' lang='lat' dir='ltr'>in</span> <span class='ocrx_word' id='word_1_128' title='bbox 649 3336 815 3422; x_wconf 88' lang='lat' dir='ltr'>prosperis</span> <span class='ocrx_word' id='word_1_129' title='bbox 832 3339 864 3402; x_wconf 90' lang='lat' dir='ltr'>et</span> <span class='ocrx_word' id='word_1_130' title='bbox 887 3335 1045 3417; x_wconf 85' lang='lat' dir='ltr'>aduersis,</span> <span class='ocrx_word' id='word_1_131' title='bbox 1071 3337 1192 3421; x_wconf 90' lang='lat' dir='ltr'>priuci-</span> 
     </span>
     <span class='ocr_line' id='line_1_21' title="bbox 67 3440 1192 3529; baseline 0.004 -23"><span class='ocrx_word' id='word_1_132' title='bbox 67 3441 181 3525; x_wconf 89' lang='lat' dir='ltr'>paliori</span> <span class='ocrx_word' id='word_1_133' title='bbox 197 3440 295 3509; x_wconf 89' lang='lat' dir='ltr'>debet</span> <span class='ocrx_word' id='word_1_134' title='bbox 308 3442 460 3528; x_wconf 85' lang='lat' dir='ltr'>prosequi</span> <span class='ocrx_word' id='word_1_135' title='bbox 475 3461 609 3509; x_wconf 90' lang='lat' dir='ltr'>munere</span> <span class='ocrx_word' id='word_1_136' title='bbox 624 3449 657 3509; x_wconf 90' lang='lat' dir='ltr'>et</span> <span class='ocrx_word' id='word_1_137' title='bbox 672 3441 804 3529; x_wconf 76' lang='lat' dir='ltr'>tancre,</span> <span class='ocrx_word' id='word_1_138' title='bbox 825 3449 860 3510; x_wconf 85' lang='lat' dir='ltr'>vt</span> <span class='ocrx_word' id='word_1_139' title='bbox 876 3443 934 3529; x_wconf 89' lang='lat' dir='ltr'>alij</span> <span class='ocrx_word' id='word_1_140' title='bbox 953 3463 1061 3511; x_wconf 89' lang='lat' dir='ltr'>eornm</span> <span class='ocrx_word' id='word_1_141' title='bbox 1088 3463 1192 3511; x_wconf 83' lang='lat' dir='ltr'>exem·</span> 
     </span>
     <span class='ocr_line' id='line_1_22' title="bbox 67 3547 1193 3636; baseline 0.005 -24"><span class='ocrx_word' id='word_1_142' title='bbox 67 3547 130 3631; x_wconf 91' lang='lat' dir='ltr'>plis</span> <span class='ocrx_word' id='word_1_143' title='bbox 145 3549 276 3616; x_wconf 86' lang='lat' dir='ltr'>inuitati</span> <span class='ocrx_word' id='word_1_144' title='bbox 292 3549 336 3615; x_wconf 88' lang='lat' dir='ltr'>ad</span> <span class='ocrx_word' id='word_1_145' title='bbox 353 3547 521 3618; x_wconf 83' lang='lat' dir='ltr'>fidelitatis</span> <span class='ocrx_word' id='word_1_146' title='bbox 536 3571 637 3636; x_wconf 84' lang='lat' dir='ltr'>opera</span> <span class='ocrx_word' id='word_1_147' title='bbox 652 3549 781 3619; x_wconf 81' lang='lat' dir='ltr'>facilius</span> <span class='ocrx_word' id='word_1_148' title='bbox 796 3549 1024 3619; x_wconf 86' lang='lat' dir='ltr'>accendantur.</span> <span class='ocrx_word' id='word_1_149' title='bbox 1058 3551 1110 3618; x_wconf 85' lang='lat' dir='ltr'>Ad</span> <span class='ocrx_word' id='word_1_150' title='bbox 1125 3553 1193 3620; x_wconf 84' lang='lat' dir='ltr'>rni-</span> 
     </span>
     <span class='ocr_line' id='line_1_23' title="bbox 69 3656 1192 3743; baseline 0.006 -24"><span class='ocrx_word' id='word_1_151' title='bbox 69 3674 235 3724; x_wconf 81' lang='lat' dir='ltr'>uerscrum</span> <span class='ocrx_word' id='word_1_152' title='bbox 250 3657 347 3742; x_wconf 85' lang='lat' dir='ltr'>igitur</span> <span class='ocrx_word' id='word_1_153' title='bbox 371 3657 525 3726; x_wconf 87' lang='lat' dir='ltr'>noticiam</span> <span class='ocrx_word' id='word_1_154' title='bbox 557 3656 674 3725; x_wconf 89' lang='lat' dir='ltr'>barum</span> <span class='ocrx_word' id='word_1_155' title='bbox 705 3657 789 3726; x_wconf 90' lang='lat' dir='ltr'>serie</span> <span class='ocrx_word' id='word_1_156' title='bbox 820 3657 966 3726; x_wconf 88' lang='lat' dir='ltr'>volomus</span> <span class='ocrx_word' id='word_1_157' title='bbox 999 3661 1192 3743; x_wconf 83' lang='lat' dir='ltr'>peruenire:</span> 
     </span>
     <span class='ocr_line' id='line_1_24' title="bbox 67 3762 1192 3853; baseline 0.004 -25"><span class='ocrx_word' id='word_1_158' title='bbox 67 3762 154 3846; x_wconf 85' lang='lat' dir='ltr'>quod</span> <span class='ocrx_word' id='word_1_159' title='bbox 168 3764 261 3832; x_wconf 90' lang='lat' dir='ltr'>uobis</span> <span class='ocrx_word' id='word_1_160' title='bbox 277 3765 426 3850; x_wconf 86' lang='lat' dir='ltr'>Regnum</span> <span class='ocrx_word' id='word_1_161' title='bbox 442 3765 609 3849; x_wconf 87' lang='lat' dir='ltr'>Hungarie</span> <span class='ocrx_word' id='word_1_162' title='bbox 625 3765 730 3852; x_wconf 91' lang='lat' dir='ltr'>primo</span> <span class='ocrx_word' id='word_1_163' title='bbox 747 3773 780 3834; x_wconf 89' lang='lat' dir='ltr'>et</span> <span class='ocrx_word' id='word_1_164' title='bbox 795 3765 1021 3853; x_wconf 85' lang='lat' dir='ltr'>principaliter</span> <span class='ocrx_word' id='word_1_165' title='bbox 1046 3767 1192 3836; x_wconf 89' lang='lat' dir='ltr'>adeunti-</span> 
     </span>
     <span class='ocr_line' id='line_1_25' title="bbox 66 3871 1192 3960; baseline 0.004 -24"><span class='ocrx_word' id='word_1_166' title='bbox 66 3873 126 3940; x_wconf 88' lang='lat' dir='ltr'>bus</span> <span class='ocrx_word' id='word_1_167' title='bbox 140 3872 256 3939; x_wconf 82' lang='lat' dir='ltr'>Comes</span> <span class='ocrx_word' id='word_1_168' title='bbox 272 3871 386 3960; x_wconf 85' lang='lat' dir='ltr'>Ogycu</span> <span class='ocrx_word' id='word_1_169' title='bbox 402 3871 488 3939; x_wconf 89' lang='lat' dir='ltr'>filius</span> <span class='ocrx_word' id='word_1_170' title='bbox 503 3873 613 3941; x_wconf 85' lang='lat' dir='ltr'>Bunad</span> <span class='ocrx_word' id='word_1_171' title='bbox 630 3881 738 3942; x_wconf 88' lang='lat' dir='ltr'>nostro</span> <span class='ocrx_word' id='word_1_172' title='bbox 755 3893 792 3942; x_wconf 86' lang='lat' dir='ltr'>sc</span> <span class='ocrx_word' id='word_1_173' title='bbox 806 3874 944 3960; x_wconf 88' lang='lat' dir='ltr'>iungens</span> <span class='ocrx_word' id='word_1_174' title='bbox 960 3875 1056 3943; x_wconf 87' lang='lat' dir='ltr'>lateri</span> <span class='ocrx_word' id='word_1_175' title='bbox 1090 3875 1192 3942; x_wconf 89' lang='lat' dir='ltr'>multa</span> 
     </span>
     <span class='ocr_line' id='line_1_26' title="bbox 67 3979 1193 4068; baseline 0.004 -24"><span class='ocrx_word' id='word_1_176' title='bbox 67 3979 235 4048; x_wconf 85' lang='lat' dir='ltr'>fidelitatis</span> <span class='ocrx_word' id='word_1_177' title='bbox 250 3999 351 4066; x_wconf 87' lang='lat' dir='ltr'>opera</span> <span class='ocrx_word' id='word_1_178' title='bbox 366 3979 513 4049; x_wconf 83' lang='lat' dir='ltr'>exhibuit</span> <span class='ocrx_word' id='word_1_179' title='bbox 528 3980 703 4050; x_wconf 84' lang='lat' dir='ltr'>indefesse.</span> <span class='ocrx_word' id='word_1_180' title='bbox 743 3985 880 4049; x_wconf 83' lang='lat' dir='ltr'>Domum</span> <span class='ocrx_word' id='word_1_181' title='bbox 898 3992 1063 4050; x_wconf 87' lang='lat' dir='ltr'>annuente</span> <span class='ocrx_word' id='word_1_182' title='bbox 1079 3983 1193 4068; x_wconf 88' lang='lat' dir='ltr'>gracia</span> 
     </span>
     <span class='ocr_line' id='line_1_27' title="bbox 68 4088 1203 4177; baseline 0.002 -23"><span class='ocrx_word' id='word_1_183' title='bbox 68 4089 240 4157; x_wconf 89' lang='lat' dir='ltr'>saluatoris</span> <span class='ocrx_word' id='word_1_184' title='bbox 257 4089 351 4157; x_wconf 92' lang='lat' dir='ltr'>nobis</span> <span class='ocrx_word' id='word_1_185' title='bbox 366 4088 472 4172; x_wconf 81' lang='lat' dir='ltr'>Regni</span> <span class='ocrx_word' id='word_1_186' title='bbox 487 4091 708 4174; x_wconf 88' lang='lat' dir='ltr'>gubernacula</span> <span class='ocrx_word' id='word_1_187' title='bbox 724 4091 862 4177; x_wconf 80' lang='lat' dir='ltr'>adeptis,</span> <span class='ocrx_word' id='word_1_188' title='bbox 895 4099 927 4157; x_wconf 90' lang='lat' dir='ltr'>et</span> <span class='ocrx_word' id='word_1_189' title='bbox 961 4092 1052 4175; x_wconf 90' lang='lat' dir='ltr'>regio</span> <span class='ocrx_word' id='word_1_190' title='bbox 1084 4090 1203 4158; x_wconf 81' lang='lat' dir='ltr'>diade--</span> 
     </span>
     <span class='ocr_line' id='line_1_28' title="bbox 68 4197 1194 4279; baseline 0.004 -17"><span class='ocrx_word' id='word_1_191' title='bbox 68 4205 159 4264; x_wconf 88' lang='lat' dir='ltr'>mate</span> <span class='ocrx_word' id='word_1_192' title='bbox 173 4197 346 4279; x_wconf 89' lang='lat' dir='ltr'>decoratis,</span> <span class='ocrx_word' id='word_1_193' title='bbox 378 4218 451 4265; x_wconf 92' lang='lat' dir='ltr'>cum</span> <span class='ocrx_word' id='word_1_194' title='bbox 467 4218 527 4266; x_wconf 85' lang='lat' dir='ltr'>nce</span> <span class='ocrx_word' id='word_1_195' title='bbox 543 4198 721 4267; x_wconf 88' lang='lat' dir='ltr'>exercitum</span> <span class='ocrx_word' id='word_1_196' title='bbox 739 4204 853 4266; x_wconf 87' lang='lat' dir='ltr'>contra</span> <span class='ocrx_word' id='word_1_197' title='bbox 868 4197 952 4266; x_wconf 87' lang='lat' dir='ltr'>filios</span> <span class='ocrx_word' id='word_1_198' title='bbox 968 4197 1093 4266; x_wconf 90' lang='lat' dir='ltr'>Herrici</span> <span class='ocrx_word' id='word_1_199' title='bbox 1110 4199 1194 4266; x_wconf 89' lang='lat' dir='ltr'>Bani</span> 
     </span>
    </p>
   </div>
   <div class='ocr_carea' id='block_1_9' title="bbox 67 4304 1333 4394">
    <p class='ocr_par' dir='ltr' id='par_1_9' title="bbox 67 4304 1333 4394">
     <span class='ocr_line' id='line_1_29' title="bbox 67 4304 1333 4394; baseline 0.002 -24"><span class='ocrx_word' id='word_1_200' title='bbox 67 4304 290 4388; x_wconf 89' lang='lat' dir='ltr'>monissemus,</span> <span class='ocrx_word' id='word_1_201' title='bbox 306 4304 392 4372; x_wconf 89' lang='lat' dir='ltr'>idam</span> <span class='ocrx_word' id='word_1_202' title='bbox 409 4305 525 4381; x_wconf 82' lang='lat' dir='ltr'>Oomcs</span> <span class='ocrx_word' id='word_1_203' title='bbox 542 4304 656 4394; x_wconf 83' lang='lat' dir='ltr'>Ogyoa</span> <span class='ocrx_word' id='word_1_204' title='bbox 674 4327 731 4374; x_wconf 87' lang='lat' dir='ltr'>sue</span> <span class='ocrx_word' id='word_1_205' title='bbox 755 4305 926 4376; x_wconf 87' lang='lat' dir='ltr'>fidelitatis</span> <span class='ocrx_word' id='word_1_206' title='bbox 952 4306 1193 4393; x_wconf 83' lang='lat' dir='ltr'>expericnciam</span> <span class='ocrx_word' id='word_1_207' title='bbox 1325 4333 1333 4348; x_wconf 92' lang='lat'><strong>·</strong></span> 
     </span>
    </p>
   </div>
   <div class='ocr_carea' id='block_1_10' title="bbox 3 4409 1196 4718">
    <p class='ocr_par' dir='ltr' id='par_1_10' title="bbox 3 4409 1196 4718">
     <span class='ocr_line' id='line_1_30' title="bbox 66 4409 1196 4497; baseline 0.003 -20"><span class='ocrx_word' id='word_1_208' title='bbox 66 4409 292 4496; x_wconf 79' lang='lat' dir='ltr'>manifestans,</span> <span class='ocrx_word' id='word_1_209' title='bbox 310 4411 456 4497; x_wconf 89' lang='lat' dir='ltr'>dampna</span> <span class='ocrx_word' id='word_1_210' title='bbox 471 4433 536 4480; x_wconf 94' lang='lat' dir='ltr'>non</span> <span class='ocrx_word' id='word_1_211' title='bbox 552 4413 681 4481; x_wconf 88' lang='lat' dir='ltr'>modica</span> <span class='ocrx_word' id='word_1_212' title='bbox 696 4413 731 4478; x_wconf 91' lang='lat' dir='ltr'>in</span> <span class='ocrx_word' id='word_1_213' title='bbox 747 4412 922 4482; x_wconf 89' lang='lat' dir='ltr'>amissione</span> <span class='ocrx_word' id='word_1_214' title='bbox 948 4413 1047 4481; x_wconf 90' lang='lat' dir='ltr'>castri</span> <span class='ocrx_word' id='word_1_215' title='bbox 1079 4415 1129 4482; x_wconf 89' lang='lat' dir='ltr'>sui</span> <span class='ocrx_word' id='word_1_216' title='bbox 1163 4421 1196 4480; x_wconf 87' lang='lat' dir='ltr'>et</span> 
     </span>
     <span class='ocr_line' id='line_1_31' title="bbox 67 4518 1195 4607; baseline 0.002 -21"><span class='ocrx_word' id='word_1_217' title='bbox 67 4518 291 4588; x_wconf 87' lang='lat' dir='ltr'>destruccione</span> <span class='ocrx_word' id='word_1_218' title='bbox 306 4521 546 4606; x_wconf 88' lang='lat' dir='ltr'>possessionum</span> <span class='ocrx_word' id='word_1_219' title='bbox 563 4541 706 4607; x_wconf 87' lang='lat' dir='ltr'>suarum,</span> <span class='ocrx_word' id='word_1_220' title='bbox 724 4542 787 4607; x_wconf 89' lang='lat' dir='ltr'>qne</span> <span class='ocrx_word' id='word_1_221' title='bbox 803 4521 845 4589; x_wconf 93' lang='lat' dir='ltr'>ad</span> <span class='ocrx_word' id='word_1_222' title='bbox 861 4523 1003 4589; x_wconf 88' lang='lat' dir='ltr'>valorem</span> <span class='ocrx_word' id='word_1_223' title='bbox 1014 4522 1102 4590; x_wconf 91' lang='lat' dir='ltr'>mille</span> <span class='ocrx_word' id='word_1_224' title='bbox 1112 4541 1195 4588; x_wconf 90' lang='lat' dir='ltr'>mar·</span> 
     </span>
     <span class='ocr_line' id='line_1_32' title="bbox 3 4623 1194 4718; baseline 0.001 -23"><span class='ocrx_word' id='word_1_225' title='bbox 3 4623 4 4626; x_wconf 65' lang='grc'>’</span> <span class='ocrx_word' id='word_1_226' title='bbox 66 4648 181 4696; x_wconf 86' lang='lat' dir='ltr'>cerum</span> <span class='ocrx_word' id='word_1_227' title='bbox 197 4629 430 4718; x_wconf 83' lang='lat' dir='ltr'>ascendebant,</span> <span class='ocrx_word' id='word_1_228' title='bbox 448 4634 497 4700; x_wconf 86' lang='lat' dir='ltr'>cst</span> <span class='ocrx_word' id='word_1_229' title='bbox 512 4650 693 4718; x_wconf 88' lang='lat' dir='ltr'>perpessus,</span> <span class='ocrx_word' id='word_1_230' title='bbox 727 4629 868 4698; x_wconf 87' lang='lat' dir='ltr'>etmulti</span> <span class='ocrx_word' id='word_1_231' title='bbox 885 4629 925 4698; x_wconf 92' lang='lat' dir='ltr'>de</span> <span class='ocrx_word' id='word_1_232' title='bbox 941 4630 1009 4699; x_wconf 88' lang='lat' dir='ltr'>suis</span> <span class='ocrx_word' id='word_1_233' title='bbox 1026 4629 1194 4698; x_wconf 87' lang='lat' dir='ltr'>seruienti-</span> 
     </span>
    </p>
   </div>
   <div class='ocr_carea' id='block_1_11' title="bbox 0 0 1552 5160">
    <p class='ocr_par' dir='ltr' id='par_1_11' title="bbox 0 0 1552 5160">
     <span class='ocr_line' id='line_1_33' title="bbox 0 0 1552 5160; baseline 0 0"><span class='ocrx_word' id='word_1_234' title='bbox 0 0 1552 5160; x_wconf 95' lang='lat' dir='ltr'> </span> 
     </span>
    </p>
   </div>
  </div>
 </body>
</html>
