3112 5154
800 282 960 382 joa

316 481 389 565 larij
407 480 516 547 dilecti
533 486 565 547 et
579 480 686 548 tidelis
700 477 803 546 nostri
819 499 905 546 anno
920 477 1052 545 Domini
1076 478 1310 547 M⁰GG⁰LXX⁰
1341 491 1446 567 sexto,

315 587 420 674 Regni
436 597 544 658 autem
559 589 661 658 nostri
678 609 764 656 ouno
782 590 905 674 quinto.

317 789 376 850 (IV.
408 789 509 840 Irdszld
542 789 696 854 kirsilynak
716 803 781 854 oper·
801 803 899 840 manue
920 789 1035 840 discreti
1055 789 1110 840 viri
1128 789 1326 842 Bartholomei
1346 792 1450 856 Prepe-
1554 773 1555 784 ¹

317 878 463 942 Agrieusis
482 880 546 930 aule
565 880 664 929 nostre
683 877 922 943 Vicetiaucellarij
944 879 1043 930 dilecti
1071 881 1101 929 st
1127 879 1218 930 fidelis
1250 881 1343 931 nostri
1375 896 1451 932 anno

317 968 433 1020 Domini
451 967 669 1020 wocmxffl
688 967 902 1030 quartodecimo
921 969 1059 1020 kalendas
1078 968 1260 1034 Septembris,
1289 970 1451 1022 indiccione

318 1061 437 1111 octaua«
458 1059 572 1111 kiadott
591 1059 763 1124 megeroslttt
781 1059 1051 1124 privilegiumebol,
1082 1074 1100 1109 a
1119 1059 1309 1126 lomeltdsagir
1328 1061 1450 1126 herczeg

628 1147 787 1214 Batthyini
807 1148 901 1200 esalad
920 1147 1137 1213 leveltiraban.)

852 2105 925 2176 142.

323 2304 385 2370 IV.
401 2304 517 2372 Loszto
532 2305 708 2392 kirdlyuak
723 2329 781 2394 epy
796 2306 1014 2393 motomuelpa
1031 2331 1053 2372 a
1077 2304 1249 2394 (iydopyb‘s
1255 2307 1357 2394 fotyd
1381 2312 1457 2376 orel·

324 2413 389 2496 leit,
406 2434 421 2476 s
438 2422 598 2498 opyauott
613 2413 658 2478 50
672 2413 806 2500 holdupi
813 2411 1031 2499 fhldbirtokot
1046 2416 1206 2500 tdrppczd
1220 2415 1413 2504 adomdnyc
1432 2442 1455 2482 c

628 2520 726 2608 yydri
739 2523 1038 2606 perpotationem.
1056 2520 1153 2589 1276.

432 2712 607 2782 ladizlaus
646 2715 709 2781 Dei
740 2719 853 2800 gracia
883 2715 1062 2804 Hungarie‚
1092 2717 1273 2804 Dalmaoie,
1306 2719 1457 2810 Croacie,

325 2825 439 2908 Reme,
456 2821 579 2906 Seruio,
598 2821 743 2906 Gallieie,
761 2822 961 2907 Lodomerie‚
978 2823 1136 2892 Cumania
1151 2825 1371 2910 Belgarieque
1386 2828 1458 2896 Rex

324 2931 487 3000 uniuersis
519 2930 641 2998 Christi
657 2930 809 3000 fidelibus
827 2938 995 3018 presentes
1011 2932 1137 3002 litteras
1153 2932 1351 3018 inspecturis
1368 2939 1456 3004 salu-

324 3048 390 3107 tem
405 3038 439 3104 in
455 3037 593 3106 Domino
609 3039 849 3125 sempiternam.
865 3039 917 3107 Ad
932 3041 1154 3110 uniuersorum
1170 3041 1324 3110 noticiam
1339 3047 1458 3112 tenore
1554 3043 1555 3048 ’

324 3147 524 3233 presenciam
541 3146 689 3215 volumus
704 3149 887 3234 peruenire,
920 3149 1102 3233 quodcum
1135 3149 1331 3218 venerabilis
1362 3159 1459 3239 pater

324 3252 503 3340 Dyonisius
519 3253 732 3324 miseracione
748 3253 870 3323 Diuina
886 3255 1067 3342 Episcopus
1093 3255 1280 3325 Jauriensis
1312 3256 1459 3326 dilectus

325 3367 358 3429 et
372 3361 478 3428 fidelis
494 3367 602 3428 noster
618 3361 651 3426 in
668 3361 808 3430 diuersis
826 3362 933 3447 Regni
949 3367 1052 3432 nostri
1068 3363 1215 3452 negooijs
1240 3365 1372 3433 fidelem
1399 3369 1460 3433 im·

329 3469 443 3554 pendit
459 3467 667 3552 famulatum
692 3468 768 3536 lioet
783 3469 909 3536 maiora
924 3477 1096 3556 mereatur,
1130 3479 1239 3538 tamen
1264 3475 1298 3541 in
1325 3473 1459 3560 aliqua-

328 3578 393 3644 lem
409 3575 620 3644 seroieiorum
635 3594 763 3644 suorum
781 3577 1118 3662 recompensacionem
1135 3599 1234 3646 vnum
1251 3581 1363 3648 locum
1389 3603 1462 3648 mc·

326 3682 451 3751 londini
466 3685 500 3751 in
516 3684 613 3752 fluuio
629 3684 777 3770 (iunges,
794 3691 826 3752 et
841 3705 940 3753 unam
956 3687 1150 3772 particulam
1165 3693 1250 3756 terre
1267 3685 1361 3756 iuxta
1378 3709 1463 3757 euu-

326 3791 401 3858 dem
416 3791 548 3858 fluuium
566 3791 804 3876 quinquaginta
818 3793 935 3878 iugera
961 3793 1190 3878 continentem,
1222 3795 1308 3861 iuter
1341 3795 1464 3864 villam

326 3898 544 3985 episcopalem
561 3897 701 3966 Sabaria
716 3907 875 3986 vocatam,
892 3905 925 3967 et
939 3901 1026 3968 inter
1044 3900 1158 3968 villam
1173 3901 1290 3970 Zeleus
1316 3903 1465 3972 existen·

326 4017 402 4091 tem,
429 4006 483 4090 qui
499 4006 664 4090 quondam
694 4009 910 4076 castrensium
941 4016 1125 4076 nostrorum
1156 4009 1231 4095 fuit,
1261 4029 1349 4076 nunc
1378 4031 1466 4080 uero

325 4135 448 4183 uacuus
465 4122 497 4183 et
514 4114 716 4184 habitoribus
733 4115 917 4205 destitutus,
933 4117 1038 4188 eidem
1051 4121 1137 4202 patri
1148 4117 1340 4205 venerabili,
1356 4125 1392 4187 et
1402 4139 1466 4207 per

326 4244 397 4290 euru
414 4223 576 4310 Episcopo
593 4232 625 4290 et
641 4224 856 4311 Episcopatui
870 4225 1036 4294 laonensi
1067 4225 1228 4313 dedimus,
1261 4225 1466 4298 donauimns

326 4339 358 4400 et
374 4332 571 4401 contulimus
587 4333 656 4402 iure
673 4341 830 4420 perpetuo
862 4341 895 4401 et
926 4334 1183 4404 irreuocabiliter
1213 4333 1465 4420 possidendum.

326 4441 364 4506 In
390 4440 480 4508 ouius
506 4442 551 4507 rei
577 4441 765 4510 memoriam
798 4449 831 4509 et
863 4450 1049 4530 perpetuam
1081 4443 1264 4511 firmitatem
1288 4453 1466 4528 presentes

328 4545 477 4616 dedimus
494 4549 618 4616 litteras
633 4549 736 4634 sigilli
751 4549 854 4618 nostri
879 4550 1036 4617 autentici
1068 4547 1244 4620 monmine
1274 4549 1464 4624 roboratas.
