3170 5166
174 484 264 551 terat
278 472 397 550 Nostro
413 477 578 552 Maiestati
594 482 657 550 slb.
697 481 830 571 (Ennelr
846 482 973 572 folylan
989 505 1028 556 az
1043 492 1111 575 dgy
1142 485 1310 560 elddntdse

174 591 235 659 Pol
251 609 361 660 comes
376 591 602 674 orsutgblrdra
617 591 712 660 leven
737 591 864 682 bluua;)
889 598 1017 666 ootauis
1048 597 1125 684 dyei
1151 598 1310 688 ,Oinarum

174 697 453 786 aduenientibns3
489 719 561 766 oum
594 698 741 784 prelatus
772 698 889 770 Comes
921 705 1042 772 Paulus
1074 704 1182 774 Jnder
1216 700 1311 774 Onrie

176 815 289 876 nostre
303 828 369 876 una
386 827 457 874 cnm
474 807 614 876 l’relatis
629 814 661 876 et
676 808 860 878 Batonibus
875 830 916 878 ac
932 811 1105 880 Nobilibus
1130 811 1236 897 Regni
1267 814 1311 880 ad

176 915 414 984 discussionem
431 913 518 984 dicte
533 936 633 986 causo
648 916 827 986 iudiciario
855 939 915 1004 pro
944 918 1118 988 Tribunali
1148 919 1310 994 consedis-

177 1029 260 1112 sent,
277 1022 415 1110 pretacti
430 1021 490 1106 filij
510 1023 669 1091 Dominici
686 1031 718 1092 et
733 1025 791 1112 filij
809 1025 978 1095 Benedicti
995 1013 1319 1097 odsnamaceoder-'
1372 1013 1373 1018 ἵ

178 1137 228 1200 tes
244 1133 459 1216 presenciam,
475 1129 640 1214 quoddam
652 1131 858 1218 priuilegium
870 1133 1007 1218 gloriosi
1017 1135 1177 1224 Principis
1188 1135 1310 1204 domini

175 1239 254 1310 Belo
270 1238 434 1324 qnondam
464 1237 571 1306 inoliti
601 1239 700 1324 Regis
731 1240 903 1324 Hungarie
934 1242 1039 1310 nostri
1069 1241 1309 1330 predecessoris

174 1347 351 1416 recolende
363 1347 518 1416 memorie
535 1368 622 1414 anno
638 1346 982 1436 Domini=M⁰OO⁰XL⁰
993 1349 1093 1418 tercio
1111 1348 1239 1439 (1243.)
1250 1355 1309 1421 sub

169 1474 273 1526 aurea
288 1454 381 1522 bulla
396 1453 590 1541 conlectum,
607 1455 670 1524 sibi
688 1455 962 1546 demonstrarent,
979 1458 1070 1526 cuins
1086 1459 1187 1528 series
1203 1459 1308 1548 ipsum

169 1563 336 1632 dominum
353 1562 468 1630 Boiam
483 1563 608 1649 Regem
625 1564 710 1632 inter
725 1564 811 1632 alias
828 1567 1053 1652 possessiones
1069 1586 1126 1634 seu
1139 1567 1309 1653 largifluas

177 1693 257 1742 snas
284 1671 482 1740 donaciones
509 1672 687 1757 predictam
719 1673 958 1760 possessionem
989 1675 1129 1742 Sumkut
1160 1682 1309 1742 vocatam

174 1778 293 1848 (inmiti
309 1778 446 1846 Dittrino
464 1779 558 1847 caluo
575 1779 641 1848 filio
657 1780 780 1852 Methci
796 1801 859 1862 auo
885 1781 1045 1848 dictorum
1072 1779 1211 1848 liliorum
1246 1785 1308 1851 Do-

173 1885 286 1956 minici
304 1893 337 1954 et
352 1886 487 1956 iliorum
503 1887 685 1975 Benedicti,
699 1909 739 1956 ac
754 1888 904 1976 Philippo
922 1887 1017 1972 fratri
1034 1887 1180 1957 eiusdem
1205 1883 1310 1978 Comiss

170 1998 216 2064 tis
241 1994 380 2066 Dettrici
396 1995 456 2064 sub
472 1995 569 2064 certis
584 1996 682 2064 metis
698 2002 730 2064 et
747 1995 903 2065 limitibus
920 1997 953 2064 iu
970 1999 1308 2084 recompensacionem

174 2103 440 2173 fidelissimorum
456 2103 666 2173 seruiciornm
684 2105 718 2170 in
734 2104 816 2172 filios
831 2105 967 2173 filiorum
991 2105 1165 2174 eorundem
1192 2128 1306 2194 perpe·
1416 2093 1418 2098 ¹

171 2220 230 2282 tuo
246 2210 422 2290 tradidisse
454 2211 675 2294 declarasset;
698 2212 890 2298 premissam
923 2220 1034 2282 antem
1067 2217 1307 2301 possessionem

172 2322 328 2388 Bosusna
344 2319 446 2404 ijdem
464 2319 521 2404 lilij
540 2319 704 2387 Dominici
720 2325 752 2386 et
768 2320 825 2406 filij
842 2319 1013 2390 Benedicti
1029 2321 1114 2390 intra
1140 2331 1243 2416 metas
1275 2323 1313 2391 in'

169 2427 259 2498 dicto
275 2427 448 2514 priuilegio
464 2447 563 2496 auree
578 2429 666 2496 bulla
683 2429 893 2516 consignatas
912 2429 1064 2498 adiacere
1080 2431 1307 2504 asseruissent.

172 2538 214 2604 In
229 2535 321 2604 cuius
339 2534 503 2622 priuilegij
521 2555 621 2604 aurea
637 2536 727 2604 bulla
758 2535 944 2622 consignati
976 2539 1175 2608 contrarium
1207 2539 1306 2623 ijdem

170 2645 235 2731 filij
252 2643 433 2712 Alexandri
448 2643 506 2730 filij
525 2642 646 2712 Chalen
665 2642 826 2730 quoddam
844 2645 1055 2730 priuilegium
1082 2645 1225 2716 eiusdem
1253 2649 1309 2716 do·

174 2753 255 2820 mini
272 2753 350 2821 Bele
367 2753 466 2838 Regis
480 2773 567 2822 auno
583 2752 714 2820 Domini
743 2751 863 2819 ΜῡΟΟο
894 2754 1160 2840 quinquegcsimo
1192 2763 1308 2822 octauo

171 2862 363 2942 conlectum,
382 2868 414 2930 et
430 2860 499 2928 ulia
513 2861 688 2947 priuilegia
703 2861 989 2930 serenissimorum
1006 2861 1193 2948 Principum
1206 2861 1307 2930 dorni·

171 2988 286 3038 nornrn
301 2967 460 3056 Stephani
476 2976 509 3038 et
523 2969 673 3036 Ladizlai
690 2968 853 3054 quondam
869 2968 1040 3037 illustrium
1058 2971 1184 3055 Regum
1217 2969 1306 3038 Hun-

172 3075 267 3160 garie
283 3075 425 3144 telletum
441 3076 707 3145 recordacionnm
725 3083 978 3164 presentassent,
1008 3077 1175 3161 inquibus
1200 3080 1276 3165 prol
1296 3118 1307 3130 -

171 3191 227 3252 tas
243 3183 467 3270 possessiones
482 3183 623 3252 Sumlsnt
638 3191 671 3252 et
687 3185 847 3274 Rosusna,
878 3191 945 3252 lam
963 3205 1021 3271 per
1047 3185 1306 3270 resignacionem

170 3292 276 3380 ipsius
292 3293 428 3362 Comitis
444 3291 570 3360 Detrioi
586 3291 683 3382 calui,
700 3311 798 3376 quam
816 3312 873 3380 per
884 3292 1019 3361 sormam
1030 3291 1095 3360 litis
1106 3292 1190 3361 inter
1201 3293 1306 3380 ipsum

170 3401 331 3474 Comitem
347 3399 512 3470 Detricnm
530 3403 659 3470 caluum
676 3409 709 3469 et
724 3401 809 3470 lilios
824 3421 912 3488 snos,
928 3420 968 3470 ac
985 3389 1191 3469 Lulrachinm
1203 3399 1306 3468 lilium

169 3508 315 3596 Philippi
332 3515 364 3591 et
381 3508 498 3578 fratres
525 3508 672 3578 eiusdem
704 3512 747 3580 ab
780 3529 862 3592 nnu3
885 3509 962 3578 item
993 3507 1078 3580 Joob
1108 3507 1305 3598 Episcopum

170 3617 556 3704 Quinqneeeclesicusem
573 3624 607 3686 et
637 3617 754 3686 fratres
787 3616 932 3684 eiusdem
964 3615 1047 3685 lilios
1078 3615 1195 3704 prefati
1226 3619 1306 3704 Zah,

170 3727 277 3815 patris
292 3725 373 3796 dicti
391 3724 549 3794 Feliciani
564 3725 605 3794 de
621 3743 742 3809 genere
758 3722 828 3792 Zalr
846 3732 938 3812 parte
954 3727 1000 3795 ab
1015 3727 1121 3794 altera
1137 3727 1306 3815 uentilate,

169 3855 231 3926 per
246 3834 446 3904 sentenciam
463 3832 622 3902 dictorum
638 3831 923 3902 Serenissimorum
949 3831 1138 3920 Principum
1164 3831 1308 3902 domino.

169 3965 244 4014 rum
260 3942 349 4029 Bele,
366 3940 525 4029 Stephani
542 3949 575 4009 et
591 3939 741 4008 Ladizlai
756 3936 881 4026 Regum
898 3939 1020 4010 eisdem
1052 3939 1114 4009 lob
1145 3935 1307 4030 Episcopo

169 4059 205 4122 et
220 4048 374 4119 fratribus
391 4048 459 4116 suis
475 4048 553 4134 filijs
569 4049 638 4116 Zalr
655 4047 695 4116 de
712 4067 830 4133 genere
846 4045 915 4116 Zah
932 4049 992 4116 snb
1009 4045 1071 4135 hys
1096 4047 1192 4117 metis
1217 4049 1303 4118 adiu·

168 4161 301 4236 dicatas
318 4156 468 4228 extitisse
485 4156 571 4225 idem
589 4159 705 4226 domes
721 4157 844 4229 Paulus
858 4156 1057 4244 reperisset:
1084 4155 1179 4238 Quod
1196 4159 1304 4244 prima

168 4275 267 4356 mela,
282 4271 319 4334 ut
341 4265 376 4332 in
393 4264 482 4333 dicto
498 4264 672 4352 priuilegio
690 4262 811 4334 domini
828 4264 909 4332 Bcle
926 4265 1026 4349 Regis
1042 4285 1100 4352 por
1115 4265 1204 4352 ipsos
1222 4267 1304 4334 filios

167 4375 351 4447 Alexandri
369 4374 515 4442 exhibito
531 4373 765 4463 reperiebatur,
783 4382 833 4444 est
848 4371 996 4460 Snmkut,
1022 4393 1079 4460 per
1095 4395 1192 4459 quam
1212 4394 1307 4462 sepa·
1447 4429 1450 4434 ,

168 4485 407 4559 reserarem-a
423 4481 536 4572 Zahij5
561 4482 679 4552 deinde
707 4483 799 4552 vadit
831 4483 872 4550 ad
907 4481 1069 4568 quendam
1101 4483 1220 4568 locum,
1249 4483 1304 4552 rbi

168 4598 331 4700 illiti-itte
349 4599 432 4691 mute
451 4598 577 4684 teletas
594 4592 636 4670 de
652 4599 738 4668 tarra
752 4581 841 4666 etde
852 4593 873 4664 l:
890 4591 1021 4702 pidibus
1033 4587 1130 4690 lactc,
1148 4597 1307 4690 etquarla
