3124 5152
612 333 675 400 317

566 424 720 432 --..

91 527 298 595 vendidissent
315 527 421 594 eidem
438 525 575 594 Golomb
593 548 650 613 pro
668 529 769 596 trihus
800 531 915 596 mareis
946 529 1152 601 denariorum
1171 534 1205 601 in

91 635 158 702 tilios
186 635 327 703 tiliorum
362 655 491 703 suornm
522 635 592 702 inre
608 644 765 722 perpetuo
781 643 813 703 et
829 638 1083 707 irreuoeebiliter
1101 645 1206 728 possi.

90 743 229 825 dendam;
253 752 286 812 et
306 743 442 812 eandem
476 747 649 830 peouniam
682 747 819 815 confessi
852 753 926 814 sunt
946 770 982 815 se
1013 751 1056 816 ab
1090 749 1204 816 eodem

91 851 208 917 bolomb
227 851 377 938 plenarie
391 852 564 936 recepisse.
582 853 619 918 ln
635 854 726 920 errius
746 855 791 920 rei
813 853 1030 922 testimoninm
1048 863 1079 922 et
1096 877 1206 942 perpe-

90 969 164 1026 tuan
192 959 379 1026 firmitatem
413 965 579 1044 presentes
611 960 736 1026 litteras
768 961 986 1030 concessimus
1027 963 1205 1048 sigillorum

91 1074 253 1134 nostrorum
285 1068 466 1134 munimine
497 1068 676 1135 roboratas.
708 1071 828 1136 Datum
861 1069 1203 1156 vindemiandas

90 1193 159 1238 suno
175 1175 306 1240 Domini
338 1173 459 1240 M⁰CC⁰
491 1176 700 1258 octogesimo·
733 1177 828 1242 Petre
860 1175 1003 1245 Deeano.
1038 1177 1204 1248 Bonifaeio

91 1280 223 1368 Custode,
242 1291 274 1350 et
290 1281 426 1348 Andrea
444 1279 616 1366 (ilanigero
634 1284 855 1351 existentibus.

91 1479 210 1540 (Ererietie
229 1479 420 1544 borhtrtydm
449 1482 497 1532 ket
516 1481 755 1547 hhrbyszsinegen
788 1483 902 1548 tiiggbtt
930 1485 1024 1548 penset
1055 1487 1206 1550 elveszett;

297 1589 314 1624 a
336 1570 414 1622 melt.
443 1571 512 1624 bdrb
531 1572 632 1636 Revey
652 1575 746 1624 esnldd
765 1573 979 1638 leveltsirdhsn.)

508 1859 773 1872 *⁸*—

606 2401 680 2468 2b4.

92 2598 222 2683 Asopia·
238 2601 430 2667 ΙιοιιυιιιιιιιΙι
456 2600 730 2687 br'zouysdplevele‚
763 2603 846 2686 hopp
873 2602 941 2666 Zdh
973 2603 1205 2690 rrenazetsd'pbedi

92 2707 238 2774 Marchubi
258 2709 355 2772 hibor
371 2708 499 2793 nqjdneh
516 2707 673 2773 Honorati
687 2705 863 2773 Simonnah
889 2709 1034 2773 Zdhteiek
1065 2709 1202 2798 helyseu-

308 2817 366 2881 ben
381 2817 529 2902 bizonyos
537 2816 646 2902 fdldet
661 2817 849 2902 dtenpedett.
876 2817 975 2882 1280.

188 3012 253 3082 Nos
269 3011 445 3080 Ledizlsus
461 3012 650 3097 Propositus
666 3017 697 3078 et
714 3011 898 3078 conuentus
915 3011 1051 3078 fratrum
1070 3011 1202 3078 Ordinis

94 3117 423 3188 Premonstrstensium
440 3119 481 3186 de
497 3120 589 3203 Seag
606 3119 826 3204 signifioamus
846 3119 1004 3188 uniuersis
1036 3127 1102 3188 tam
1136 3141 1204 3206 pre·

93 3227 225 3295 sentibus
255 3246 353 3310 quam
384 3227 500 3293 suturis
531 3227 655 3294 litteras
687 3227 745 3294 hes
777 3227 970 3313 inspecturis
1001 3228 1137 3296 satutem
1170 3231 1203 3296 in

93 3332 227 3402 Domino.
243 3334 475 3403 Vniuersorum
492 3335 611 3400 notieie
627 3336 742 3401 harum
758 3336 840 3402 serie
856 3335 1004 3402 volumno
1022 3336 1200 3422 declarare,

93 3441 167 3522 qnod
194 3443 377 3529 Tybnreins
408 3444 449 3509 de
464 3443 606 3511 Morehol
637 3444 818 3528 degenere
849 3444 927 3530 hah,
958 3450 990 3510 et
1020 3445 1204 3532 Stephanus

94 3547 169 3616 filins
184 3551 327 3618 eiusdem
355 3551 571 3636 personaliter
603 3571 712 3619 eoram
745 3553 838 3619 nobis
871 3553 1038 3620 constituti
1068 3553 1205 3638 professi

94 3665 159 3722 runt
186 3659 261 3726 uiua
291 3681 380 3748 voee,
412 3661 497 3744 quod
529 3660 692 3744 quandem
713 3662 904 3746 partientem
924 3668 1009 3730 terre
1024 3663 1204 3746 Zahteiegu

94 3770 234 3851 rooatam,
262 3767 305 3835 nd
322 3789 418 3835 vnum
436 3775 578 3835 aratrum
595 3789 666 3836 enm
682 3770 917 3855 superfluitate,
943 3785 1009 3852 qua
1039 3776 1089 3838 est
1120 3770 1206 3836 intra

95 3877 183 3940 metes
212 3877 341 3942 inclusa
382 3896 486 3943 nonas
516 3883 547 3942 et
571 3875 734 3964 antiquas,
766 3877 924 3965 dederint,
956 3878 1148 3947 donauerint
1173 3886 1205 3945 ot

94 3977 271 4048 tradiderint
286 3983 424 4066 Symoni
441 3981 480 4050 de
497 3984 641 4070 Heresty
656 4004 777 4070 genero
795 3986 947 4070 ipsorum,
965 4004 1003 4050 ae
1020 3986 1116 4067 (sung
1148 4007 1205 4052 sue

96 4081 160 4172 filie,
176 4095 205 4154 et
233 4091 301 4158 suis
317 4091 488 4158 heredibus
504 4092 725 4178 heredumque
744 4093 983 4162 sureoessoribns
1000 4103 1156 4178 perpetuo
1173 4104 1206 4160 et

95 4188 341 4266 inrenoeabiliter
356 4197 597 4284 possidendam.
621 4198 725 4278 Quam
737 4201 866 4286 quidem
877 4201 997 4267 dietam
1009 4201 1203 4285 particulam

94 4305 164 4364 terre
186 4323 254 4372 eum
271 4326 333 4374 sua
349 4307 569 4393 superfluitate
587 4307 754 4377 Heliomas
771 4309 813 4377 de
829 4311 956 4395 Surany
972 4309 1066 4375 horno
1084 4307 1202 4375 domini

93 4402 179 4490 Regis
194 4415 252 4480 sub
270 4415 454 4482 testimonio
470 4423 580 4484 nostro
601 4416 809 4500 percircuiuit
829 4417 971 4502 undique
1003 4417 1205 4502 presentibus

94 4523 306 4590 commetaneis
339 4529 370 4590 et
401 4523 518 4589 nioinis
534 4524 631 4590 oertis
664 4525 756 4590 motis
773 4545 876 4592 nouas
892 4526 984 4590 iuxta
1001 4531 1127 4592 ueteres
1143 4525 1204 4592 eri·

93 4623 199 4703 gendo:
222 4639 315 4716 prout
344 4630 444 4718 ijdem
476 4628 571 4698 horno
599 4631 721 4698 domini
753 4633 850 4718 Regis
883 4639 915 4699 et
945 4640 1055 4701 noster
1088 4631 1204 4702 retule-
