3148 5146
93 1168 115 1231 1
122 1166 157 1233 V.
173 1167 293 1232 Manto
307 1165 492 1248 tctrclpoatc
506 1189 528 1229 a
556 1164 722 1250 Lycotae-i
745 1167 819 1230 vdrt
850 1163 1012 1250 tdrpyccd
1042 1163 1223 1250 adorno'oyo

397 1269 518 1338 Omodd
530 1280 639 1336 naecter
654 1275 814 1338 eadmero.
839 1269 936 1338 1275.

206 1465 414 1555 (L)adizlaus
440 1465 505 1534 Dei
531 1465 644 1550 gracia
670 1464 847 1554 Hungarie,
873 1465 1052 1551 Dalmacie‚
1084 1466 1229 1552 Graccis,

93 1576 210 1661 Reme,
227 1575 352 1662 Seruie,
368 1575 520 1660 Gallicis,
531 1571 733 1656 Lodomerie,
750 1573 908 1641 Cumania
923 1573 1142 1660 Balgarieque
1157 1577 1227 1642 Rex

97 1681 253 1750 omnibus
269 1681 390 1750 Christi
407 1682 557 1750 fidelibus
573 1691 757 1768 presentem
773 1683 926 1770 paginam
942 1683 1135 1768 inspecturis
1145 1681 1228 1749 salu-

91 1796 161 1854 tem
177 1789 211 1856 in
228 1791 371 1858 omnium
387 1792 559 1858 saluatore.
585 1793 670 1856 Dum
685 1789 726 1856 de
743 1791 916 1857 Maiestate
933 1789 1038 1874 Regia
1066 1808 1125 1876 pro
1153 1789 1226 1856 iide-

91 1897 177 1964 lium
215 1897 340 1965 meritis
380 1898 588 1966 conseruntur
621 1905 654 1964 st
684 1897 847 1965 donantur
878 1897 1053 1982 postulata,
1084 1895 1225 1963 munitur

93 2003 362 2090 gubernaculum,
394 2023 537 2071 necnon
553 2002 657 2090 gades
672 2007 704 2070 et
720 2009 825 2070 status
842 2001 1010 2086 regiminis
1038 2001 1226 2087 ampliatur.

94 2110 242 2179 Proinde
259 2111 302 2180 ad
318 2111 540 2180 uniuersorum
554 2109 707 2180 noticiam
722 2117 833 2178 tenore
848 2109 1049 2194 presencium
1079 2110 1225 2178 volumus

93 2219 280 2306 peruenire,
307 2219 395 2302 quod
419 2220 577 2305 Magister
593 2219 755 2287 Omodeus
771 2218 856 2285 tilius
873 2216 1019 2302 Omodey
1036 2216 1176 2286 dilectus
1193 2225 1225 2284 et

91 2327 202 2394 fidelis
219 2333 328 2394 noster
343 2327 389 2394 ad
405 2335 550 2395 nostram
567 2325 727 2394 accedens
742 2327 943 2412 presenciam
961 2346 982 2392 a
997 2323 1092 2392 nobis
1103 2325 1225 2393 instan-

94 2436 225 2503 tissime
250 2437 436 2524 postulauit,
466 2443 502 2503 vt
533 2435 696 2521 quoddam
729 2434 877 2504 Oasbum
908 2443 1055 2504 nostrum
1087 2435 1225 2520 Lyndua

94 2549 250 2610 vocatum
266 2545 300 2610 in
316 2542 479 2612 comitatu
495 2541 600 2612 (iastri
617 2543 729 2611 Ferrei
745 2544 941 2611 existentem
953 2541 1051 2632 (igy),
1068 2545 1172 2610 eidem
1183 2543 1225 2608 de

95 2650 301 2735 benignitate
316 2651 422 2737 Regia
438 2654 583 2720 conferre
597 2652 815 2736 dignaremur.
855 2651 925 2719 Nos
942 2653 1053 2736 itaque
1079 2649 1224 2719 conside·

94 2757 180 2826 ratis
196 2757 347 2844 seruicijs
362 2759 534 2844 meritoriis
548 2759 652 2846 ipsius
667 2759 817 2845 Magistri
833 2757 991 2847 Omodey,
1009 2781 1072 2845 que
1088 2759 1226 2844 primum

94 2867 299 2951 temporibus
315 2867 437 2935 domini
452 2868 532 2936 Bele
547 2867 646 2953 Regis
663 2870 751 2935 clare
767 2867 920 2936 memorie
936 2868 991 2934 aui
1016 2867 1119 2934 nostri
1146 2867 1224 2932 dile-

96 2973 247 3062 ctissimi‚
264 2980 297 3042 et
312 2975 434 3044 domini
449 2974 607 3060 Stephani
622 2974 721 3059 Regis
738 2974 849 3042 inclite
865 2972 1105 3043 recordacionis
1121 2972 1225 3040 karis-

97 3079 173 3147 simi
190 3082 293 3168 patris
309 3083 424 3171 nostri,
455 3091 488 3151 et
504 3083 633 3151 demum
649 3082 769 3151 nostris
785 3083 820 3149 in
837 3081 975 3149 diuersis
1008 3078 1224 3168 expedicioui-

97 3188 163 3254 bus
179 3195 213 3255 et
228 3190 374 3275 negociJs
389 3191 493 3273 Regni
509 3189 611 3256 nostri
627 3210 699 3258 cum
716 3209 843 3258 summa
860 3196 893 3256 et
907 3191 1054 3257 inmensa
1069 3187 1227 3258 fidelitate

98 3293 263 3382 inpendit,
279 3295 495 3382 peticionibus
511 3297 655 3365 eiusdem
672 3295 899 3366 fauorabiliter
912 3295 1072 3382 inclinati,
1104 3294 1226 3366 dictam

96 3399 251 3473 Castrum
266 3403 417 3493 Lyncus,
434 3424 507 3474 cum
523 3405 611 3473 villis
627 3411 659 3470 et
673 3406 769 3473 terris
785 3403 828 3470 ad
844 3402 1004 3490 prefatum
1020 3402 1170 3474 Castrum
1183 3404 1224 3470 de

94 3508 167 3578 iure
182 3510 430 3598 pertinentibus,
461 3512 526 3598 ipsi
541 3512 700 3596 Magistro
718 3511 872 3598 Omodeo,
904 3517 937 3578 et
966 3531 1023 3596 per
1053 3531 1127 3580 eum
1158 3511 1225 3580 suis

94 3615 274 3686 heredibus
290 3617 509 3704 heredumque
524 3637 655 3688 suorum
668 3617 911 3687 successoribus
928 3616 1088 3704 dedimus,
1119 3625 1225 3687 contu·

94 3723 195 3793 limus
211 3731 313 3810 atque
330 3725 526 3795 donanimus
542 3727 610 3794 iure
626 3733 784 3814 perpetuo
800 3733 832 3794 et
848 3724 1105 3794 irrecupabiliter
1121 3726 1226 3811 possi-

94 3829 253 3902 dendum.
294 3833 333 3898 ln
349 3833 440 3902 cuius
466 3833 513 3902 rei
544 3834 731 3902 memoriam
762 3839 1014 3920 perpetuamque
1042 3831 1226 3900 firmitatem

91 3945 267 4024 presentes
284 3942 506 4010 concessimus
521 3942 647 4010 litteras
663 3941 827 4026 dupplicis
857 3941 962 4026 sigilli
991 3941 1093 4010 nostri
1124 3941 1227 4009 muni-

94 4047 188 4114 mine
204 4049 385 4118 roboratas.
423 4048 544 4118 Datum
560 4068 751 4138 permanes
767 4048 962 4118 uenerabilis
978 4049 1040 4117 viri
1070 4049 1224 4134 Magistri
1257 4117 1258 4122 ,

91 4153 267 4222 Benedicti
283 4155 403 4224 Sancte
427 4157 661 4242 strigoniensis
691 4157 840 4226 Ecclesia
871 4159 906 4224 in
937 4156 1226 4242 Archiepiscopum

92 4261 301 4346 Eleaticum
317 4271 426 4332 nostre
441 4263 716 4352 ViceCaucellarij
736 4265 847 4332 dilecti
865 4271 897 4332 et
912 4262 1019 4332 fidelis
1028 4263 1130 4333 nostri
1140 4284 1226 4332 auno

92 4370 232 4437 Domini
247 4371 477 4439 M⁰OC⁰LXX⁰
493 4373 614 4461 quinto,
629 4373 735 4458 Regni
751 4379 861 4453 autem
876 4373 979 4442 nostri
996 4392 1081 4440 auno
1097 4378 1225 4456 quarto,

90 4475 152 4543 IV.
170 4476 246 4546 idus
261 4479 466 4552 Decembris.
507 4481 732 4550 Venerabibus
763 4481 911 4568 patribus
941 4480 1108 4567 Stephano
1139 4480 1228 4549 Golo-

88 4583 188 4656 censi
206 4591 238 4652 et
251 4589 400 4658 Jobanne
416 4589 604 4675 Spalateusi
621 4588 904 4677 archiepiscopis3
928 4587 991 4656 Job
1023 4586 1227 4674 Quinqueec·
