3170 5166
791 299 951 404 ffl—

304 491 470 560 Ecclcsias
485 493 547 560 Dei
564 493 701 560 feliciter
725 494 991 578 gnbemantibns.
1015 495 1162 562 Dionisio
1193 496 1348 564 Palatino
1377 495 1437 564 Oo-

305 599 382 666 mite
410 597 450 664 dc
475 598 599 684 Oclyoh
632 605 663 665 et
693 599 809 667 Judice
841 599 1068 682 Cumanorum,
1099 599 1238 668 Nicolao
1271 601 1433 686 Woynods

303 707 520 774 'l'ransiiuano
539 707 662 774 Gemite
678 707 717 773 de
733 706 858 793 Zonnk‚
891 707 1040 774 Hinoone
1056 707 1147 776 Bene
1181 711 1286 776 tocius
1311 709 1433 778 Solano-

305 814 370 902 nic,
389 815 584 901 iwanchyno
599 815 756 900 Magistro
782 815 1064 882 Thaunrnicornm
1094 823 1279 883 nostrorum
1314 819 1437 885 Comiic

306 925 348 990 de
365 922 452 1010 Plys,
469 919 739 989 Nicolaandicc
768 920 865 986 Curio
895 931 1006 988 nostre
1037 921 1162 990 Comite
1193 923 1235 989 de
1268 921 1433 1012 sueonie,

304 1030 408 1096 Panlo
424 1029 515 1095 Bano
532 1027 573 1094 de
587 1027 738 1110 Zenrino‚
754 1027 847 1111 Moys
859 1029 1014 1113 Magistro
1026 1029 1295 1096 Tewarnieorum
1308 1031 1440 1098 domine·

305 1137 430 1220 Regino
445 1133 617 1202 karissime
633 1139 790 1202 consortis
820 1142 931 1203 nostre
964 1134 1090 1203 (tomite
1121 1136 1330 1224 symigiensi,
1360 1139 1437 1208 Her-

307 1246 407 1312 bordo
424 1241 580 1328 Magistro
596 1245 786 1328 Agasonnm
803 1251 987 1312 nostrorum
1005 1245 1128 1311 Gemite
1144 1247 1185 1313 de
1201 1248 1343 1333 Barana,
1359 1250 1434 1334 Rey-

307 1352 406 1422 noldo
421 1353 578 1438 Magistro
594 1351 823 1437 Depiierorum
834 1361 1014 1420 nostrornm
1026 1353 1150 1420 Comite
1160 1355 1441 1438 angagenriensi,.

305 1460 444 1528 Nicolao
475 1460 633 1544 Magistro
663 1460 895 1528 Pinccrnnrnm
924 1466 1116 1547 nostrornm,
1148 1462 1300 1530 Johanne
1316 1461 1443 1530 Cornite

308 1569 533 1654 Suprnnienai,
565 1567 723 1653 Gregorio
747 1569 872 1635 Comite
898 1568 1005 1636 Casiri
1020 1569 1140 1655 Ferrei,
1174 1569 1298 1637 Jacobo
1315 1570 1435 1639 Gemite

311 1675 482 1764 nitriensi,
513 1675 641 1742 Dedalo
657 1673 781 1742 Comite
798 1675 996 1762 Zniadiensi,
1027 1685 1060 1743 et
1076 1677 1153 1762 alijs
1169 1697 1267 1760 quam
1292 1678 1442 1762 pluribus

311 1783 492 1852 Comitatus
507 1783 611 1867 Regni
627 1785 730 1850 nostri
748 1785 933 1852 tenentibus
951 1793 983 1850 et
998 1784 1147 1854 honores.

309 1983 346 2044 (A
364 1981 481 2046 zigrtbi
500 1982 694 2046 irtpialsnnak
715 1985 791 2033 1341.
812 1983 959 2034 »Nicolaus
979 1983 1099 2034 villicus
1118 1987 1146 2034 et
1157 1983 1254 2034 Laden
1269 1983 1339 2034 ciuis
1352 1984 1438 2033 libere

306 2073 374 2124 ville
394 2073 429 2122 de
447 2073 572 2133 Petrina,
592 2087 642 2144 sno
662 2077 690 2122 et
709 2072 821 2124 nomine
841 2073 1038 2124 voluer-sorum
1058 2075 1161 2124 ciuium
1181 2075 1216 2126 de
1231 2073 1346 2124 eadem«
1360 2071 1436 2122 kert-

304 2161 367 2215 sere
399 2163 459 2214 kelt
484 2162 656 2228 stinctib613
676 2179 692 2214 s
710 2163 796 2213 bacini
816 2163 870 2213 kin.
902 2163 1031 2214 kamarai
1062 2164 1240 2215 le‘reltarnsk
1271 2164 1436 2230 Zlgrrtbban

756 2253 820 2303 levit
839 2251 991 2318 reszeben.)

809 3185 811 3190 ἱ
837 3108 913 3176 552.

306 3307 368 3374 IV.
385 3306 503 3372 Ldscld
518 3305 632 3394 kircty
648 3331 668 3372 a
682 3275 772 3374 colai
788 3313 847 3372 ectr
872 3307 942 3372 cccc
960 3307 1137 3395 ιφὀὀῖιάφμάι
1162 3311 1277 3374 nemesi
1308 3311 1433 3378 cucco

760 3415 856 3483 emeli.
878 3416 975 3484 1275.

418 3609 541 3681 Amicis
572 3611 641 3678 scis
656 3609 855 3679 Reuerendis
874 3611 1054 3679 Gonnentni
1071 3609 1217 3679 Ecclesia
1232 3611 1441 3682 Zaladiensis

305 3727 421 3796 Comes
435 3721 579 3792 Jacobns
596 3720 638 3788 de
652 3719 778 3804 Scopas
804 3717 912 3788 Judex
943 3717 1039 3786 Gnrie
1069 3717 1192 3786 domini
1223 3718 1383 3788 colonici
1397 3720 1439 3785 D.

309 3857 357 3922 gr.
375 3833 474 3917 Regis
505 3829 674 3913 Hungarie
691 3827 753 3897 stb.
770 3826 948 3916 Noueritis,
973 3828 1061 3912 qnod
1076 3827 1233 3896 Nicolaus
1248 3827 1335 3895 filins
1351 3828 1438 3896 Petri

305 3972 365 4038 pro
381 3945 518 4015 Nicolso
534 3939 600 4009 filio
616 3936 774 4006 Johannis
790 3935 848 4022 filij
865 3936 1036 4022 Laurencij
1053 3933 1233 4004 deKanise
1247 3935 1310 4004 stb.
1326 3939 1441 4003 contra

307 4055 443 4145 Gynrke
458 4052 558 4120 filium
574 4045 731 4130 Demetrij
750 4043 791 4112 de
808 4043 893 4130 Ond,
909 4049 942 4113 ct
950 4043 1124 4112 Nicolaum
1139 4043 1242 4110 filium
1259 4041 1439 4128 Michaelis,

311 4185 351 4233 ac
366 4162 527 4231 Jacobnm
543 4157 644 4226 filium
660 4152 771 4221 Belus
786 4150 828 4220 cie
842 4151 950 4219 Reche
966 4150 1126 4237 quasdam
1140 4151 1266 4218 litteras
1297 4145 1439 4234 Capituli

305 4271 452 4342 Ecclesia
482 4264 665 4337 Janriensis
696 4263 835 4331 formam
864 4256 1123 4345 possessionum
1152 4255 1438 4338 reambnlaeionis,

310 4375 625 4459 contradictoricqnc
640 4369 847 4439 inhibioionis
864 4373 896 4435 ct
921 4365 1091 4434 citncionis
1122 4363 1340 4450 exprimentes
1373 4362 1436 4430 stb.

306 4489 399 4552 nobis
415 4487 622 4570 presentarnt
638 4480 840 4548 declarantes
856 4477 941 4545 inter
950 4482 1067 4560 cetera,
1080 4471 1168 4561 paod
1184 4490 1255 4539 oum
1272 4469 1439 4558 predictos

305 4591 461 4658 Nicolans
476 4590 561 4656 illius
576 4588 738 4656 Johannis
755 4585 896 4674 acceptis
912 4585 1069 4654 Ladintao
1085 4582 1149 4652 filio
1165 4579 1290 4649 Mathis
1322 4579 1438 4665 Regio,
