<?xml version="1.0" encoding="UTF-8"?>
<!DOCTYPE html PUBLIC "-//W3C//DTD XHTML 1.0 Transitional//EN"
    "http://www.w3.org/TR/xhtml1/DTD/xhtml1-transitional.dtd">
<html xmlns="http://www.w3.org/1999/xhtml" xml:lang="en" lang="en">
 <head>
  <title>
</title>
<meta http-equiv="Content-Type" content="text/html;charset=utf-8" />
  <meta name='ocr-system' content='tesseract 3.04.00' />
  <meta name='ocr-capabilities' content='ocr_page ocr_carea ocr_par ocr_line ocrx_word'/>
</head>
<body>
  <div class='ocr_page' id='page_1' title='image "./codexdiplomatic06wenzgoog_0147.png"; bbox 0 0 3148 5146; ppageno 0'>
   <div class='ocr_carea' id='block_1_1' title="bbox 303 1038 1441 1324">
    <p class='ocr_par' dir='ltr' id='par_1_1' title="bbox 303 1038 1441 1324">
     <span class='ocr_line' id='line_1_1' title="bbox 304 1038 1441 1130; baseline -0.001 -18"><span class='ocrx_word' id='word_1_1' title='bbox 304 1045 362 1118; x_wconf 83' lang='lat' dir='ltr'>lV.</span> <span class='ocrx_word' id='word_1_2' title='bbox 377 1045 493 1114; x_wconf 73' lang='lat' dir='ltr'>Medo</span> <span class='ocrx_word' id='word_1_3' title='bbox 507 1041 618 1129; x_wconf 75' lang='lat' dir='ltr'>kirdly</span> <span class='ocrx_word' id='word_1_4' title='bbox 635 1041 795 1130; x_wconf 77' lang='lat' dir='ltr'>aoyjdeal</span> <span class='ocrx_word' id='word_1_5' title='bbox 810 1040 937 1107; x_wconf 70' lang='lat' dir='ltr'>idoneor</span> <span class='ocrx_word' id='word_1_6' title='bbox 954 1038 1101 1106; x_wconf 76' lang='lat' dir='ltr'>Erudbet</span> <span class='ocrx_word' id='word_1_7' title='bbox 1125 1040 1335 1128; x_wconf 74' lang='lat' dir='ltr'>leirdlyodeol</span> <span class='ocrx_word' id='word_1_8' title='bbox 1358 1042 1441 1111; x_wconf 69' lang='lat' dir='ltr'>stoc</span> 
     </span>
     <span class='ocr_line' id='line_1_2' title="bbox 303 1142 1440 1237; baseline -0.001 -18"><span class='ocrx_word' id='word_1_9' title='bbox 303 1155 435 1237; x_wconf 74' lang='lat' dir='ltr'>kdlodc,</span> <span class='ocrx_word' id='word_1_10' title='bbox 465 1151 602 1220; x_wconf 80' lang='lat' dir='ltr'>Ldre&#39;urc</span> <span class='ocrx_word' id='word_1_11' title='bbox 634 1149 797 1218; x_wconf 74' lang='lat' dir='ltr'>comesuris</span> <span class='ocrx_word' id='word_1_12' title='bbox 828 1147 1019 1232; x_wconf 67' lang='lat' dir='ltr'>obercodja</span> <span class='ocrx_word' id='word_1_13' title='bbox 1054 1142 1257 1234; x_wconf 68' lang='lat' dir='ltr'>ch-Ujbedy</span> <span class='ocrx_word' id='word_1_14' title='bbox 1287 1148 1440 1218; x_wconf 67' lang='lat' dir='ltr'>binokrtt.</span> 
     </span>
     <span class='ocr_line' id='line_1_3' title="bbox 828 1257 926 1324; baseline 0 -4"><span class='ocrx_word' id='word_1_15' title='bbox 828 1257 926 1324; x_wconf 82' lang='grc'><strong><em>1274.</em></strong></span> 
     </span>
    </p>
   </div>
   <div class='ocr_carea' id='block_1_2' title="bbox 296 1447 1439 2378">
    <p class='ocr_par' dir='ltr' id='par_1_2' title="bbox 296 1447 1439 2378">
     <span class='ocr_line' id='line_1_4' title="bbox 414 1447 1439 1538; baseline 0 -18"><span class='ocrx_word' id='word_1_16' title='bbox 414 1453 591 1522; x_wconf 87' lang='lat' dir='ltr'>Ladizlaus</span> <span class='ocrx_word' id='word_1_17' title='bbox 632 1450 694 1519; x_wconf 88' lang='lat' dir='ltr'>Dei</span> <span class='ocrx_word' id='word_1_18' title='bbox 725 1448 837 1535; x_wconf 76' lang='lat' dir='ltr'>gracia</span> <span class='ocrx_word' id='word_1_19' title='bbox 866 1449 1045 1537; x_wconf 79' lang='lat' dir='ltr'>Hungarie,</span> <span class='ocrx_word' id='word_1_20' title='bbox 1076 1450 1255 1538; x_wconf 82' lang='lat' dir='ltr'>Dalmaeie,</span> <span class='ocrx_word' id='word_1_21' title='bbox 1289 1447 1439 1536; x_wconf 78' lang='lat' dir='ltr'>Oroacie,</span> 
     </span>
     <span class='ocr_line' id='line_1_5' title="bbox 296 1555 1429 1648; baseline -0.004 -18"><span class='ocrx_word' id='word_1_22' title='bbox 296 1565 409 1648; x_wconf 81' lang='lat' dir='ltr'>Rama,</span> <span class='ocrx_word' id='word_1_23' title='bbox 424 1561 547 1644; x_wconf 87' lang='lat' dir='ltr'>Seruio,</span> <span class='ocrx_word' id='word_1_24' title='bbox 561 1557 714 1644; x_wconf 81' lang='lat' dir='ltr'>Gallicis,</span> <span class='ocrx_word' id='word_1_25' title='bbox 730 1555 935 1642; x_wconf 85' lang='lat' dir='ltr'>Lodomerie,</span> <span class='ocrx_word' id='word_1_26' title='bbox 951 1557 1107 1627; x_wconf 75' lang='lat' dir='ltr'>(iomanie</span> <span class='ocrx_word' id='word_1_27' title='bbox 1123 1557 1343 1645; x_wconf 80' lang='lat' dir='ltr'>Bulgarieque</span> <span class='ocrx_word' id='word_1_28' title='bbox 1358 1559 1429 1626; x_wconf 83' lang='lat' dir='ltr'>Rex</span> 
     </span>
     <span class='ocr_line' id='line_1_6' title="bbox 296 1663 1427 1754; baseline -0.006 -15"><span class='ocrx_word' id='word_1_29' title='bbox 296 1667 447 1754; x_wconf 87' lang='lat' dir='ltr'>omnibus</span> <span class='ocrx_word' id='word_1_30' title='bbox 477 1666 661 1736; x_wconf 76' lang='lat' dir='ltr'>christiane</span> <span class='ocrx_word' id='word_1_31' title='bbox 676 1663 751 1734; x_wconf 87' lang='lat' dir='ltr'>fidei</span> <span class='ocrx_word' id='word_1_32' title='bbox 769 1665 957 1750; x_wconf 85' lang='lat' dir='ltr'>cultoribus,</span> <span class='ocrx_word' id='word_1_33' title='bbox 978 1667 1117 1735; x_wconf 87' lang='lat' dir='ltr'>salutem</span> <span class='ocrx_word' id='word_1_34' title='bbox 1131 1663 1166 1734; x_wconf 91' lang='lat' dir='ltr'>in</span> <span class='ocrx_word' id='word_1_35' title='bbox 1182 1683 1262 1733; x_wconf 92' lang='lat' dir='ltr'>uero</span> <span class='ocrx_word' id='word_1_36' title='bbox 1277 1665 1427 1736; x_wconf 82' lang='lat' dir='ltr'>salutari.</span> 
     </span>
     <span class='ocr_line' id='line_1_7' title="bbox 297 1769 1426 1860; baseline -0.001 -16"><span class='ocrx_word' id='word_1_37' title='bbox 297 1776 385 1856; x_wconf 80' lang='lat' dir='ltr'>Quia</span> <span class='ocrx_word' id='word_1_38' title='bbox 399 1795 454 1844; x_wconf 92' lang='lat' dir='ltr'>cor</span> <span class='ocrx_word' id='word_1_39' title='bbox 469 1773 568 1858; x_wconf 82' lang='lat' dir='ltr'>Regis</span> <span class='ocrx_word' id='word_1_40' title='bbox 598 1775 632 1840; x_wconf 93' lang='lat' dir='ltr'>in</span> <span class='ocrx_word' id='word_1_41' title='bbox 649 1793 748 1840; x_wconf 93' lang='lat' dir='ltr'>manu</span> <span class='ocrx_word' id='word_1_42' title='bbox 778 1771 841 1840; x_wconf 90' lang='lat' dir='ltr'>Dei</span> <span class='ocrx_word' id='word_1_43' title='bbox 866 1780 925 1858; x_wconf 91' lang='lat' dir='ltr'>est,</span> <span class='ocrx_word' id='word_1_44' title='bbox 942 1779 976 1841; x_wconf 93' lang='lat' dir='ltr'>et</span> <span class='ocrx_word' id='word_1_45' title='bbox 992 1791 1055 1856; x_wconf 91' lang='lat' dir='ltr'>quo</span> <span class='ocrx_word' id='word_1_46' title='bbox 1074 1774 1146 1840; x_wconf 87' lang='lat' dir='ltr'>nult</span> <span class='ocrx_word' id='word_1_47' title='bbox 1177 1771 1317 1842; x_wconf 89' lang='lat' dir='ltr'>inclinat</span> <span class='ocrx_word' id='word_1_48' title='bbox 1332 1769 1426 1860; x_wconf 86' lang='lat' dir='ltr'>illud,</span> 
     </span>
     <span class='ocr_line' id='line_1_8' title="bbox 297 1877 1430 1970; baseline -0.001 -21"><span class='ocrx_word' id='word_1_49' title='bbox 297 1881 552 1970; x_wconf 77' lang='lat' dir='ltr'>reprehensibile</span> <span class='ocrx_word' id='word_1_50' title='bbox 592 1902 659 1949; x_wconf 94' lang='lat' dir='ltr'>non</span> <span class='ocrx_word' id='word_1_51' title='bbox 697 1879 795 1949; x_wconf 91' lang='lat' dir='ltr'>debet</span> <span class='ocrx_word' id='word_1_52' title='bbox 846 1879 992 1963; x_wconf 89' lang='lat' dir='ltr'>iudicari,</span> <span class='ocrx_word' id='word_1_53' title='bbox 1023 1881 1052 1948; x_wconf 92' lang='lat' dir='ltr'>si</span> <span class='ocrx_word' id='word_1_54' title='bbox 1082 1881 1190 1968; x_wconf 80' lang='lat' dir='ltr'>Regia</span> <span class='ocrx_word' id='word_1_55' title='bbox 1229 1877 1430 1948; x_wconf 82' lang='lat' dir='ltr'>sublimitate</span> 
     </span>
     <span class='ocr_line' id='line_1_9' title="bbox 298 1987 1428 2074; baseline -0.002 -18"><span class='ocrx_word' id='word_1_56' title='bbox 298 1989 444 2060; x_wconf 85' lang='lat' dir='ltr'>decorati</span> <span class='ocrx_word' id='word_1_57' title='bbox 459 1988 639 2058; x_wconf 90' lang='lat' dir='ltr'>secundum</span> <span class='ocrx_word' id='word_1_58' title='bbox 655 1988 878 2057; x_wconf 86' lang='lat' dir='ltr'>diuersitatem</span> <span class='ocrx_word' id='word_1_59' title='bbox 908 1987 1065 2074; x_wconf 89' lang='lat' dir='ltr'>temporis</span> <span class='ocrx_word' id='word_1_60' title='bbox 1081 2008 1117 2058; x_wconf 81' lang='lat' dir='ltr'>se</span> <span class='ocrx_word' id='word_1_61' title='bbox 1133 1987 1167 2056; x_wconf 95' lang='lat' dir='ltr'>in</span> <span class='ocrx_word' id='word_1_62' title='bbox 1198 1987 1267 2058; x_wconf 92' lang='lat' dir='ltr'>suis</span> <span class='ocrx_word' id='word_1_63' title='bbox 1298 1989 1428 2056; x_wconf 71' lang='lat' dir='ltr'>undant</span> 
     </span>
     <span class='ocr_line' id='line_1_10' title="bbox 299 2093 1430 2183; baseline -0.002 -19"><span class='ocrx_word' id='word_1_64' title='bbox 299 2099 437 2181; x_wconf 88' lang='lat' dir='ltr'>actibus,</span> <span class='ocrx_word' id='word_1_65' title='bbox 470 2104 502 2164; x_wconf 88' lang='lat' dir='ltr'>et</span> <span class='ocrx_word' id='word_1_66' title='bbox 517 2097 677 2164; x_wconf 89' lang='lat' dir='ltr'>inmutent</span> <span class='ocrx_word' id='word_1_67' title='bbox 709 2093 821 2164; x_wconf 88' lang='lat' dir='ltr'>debite</span> <span class='ocrx_word' id='word_1_68' title='bbox 844 2093 1074 2164; x_wconf 76' lang='lat' dir='ltr'><strong>sollicitudinis</strong></span> <span class='ocrx_word' id='word_1_69' title='bbox 1104 2095 1277 2165; x_wconf 86' lang='lat' dir='ltr'>libramine</span> <span class='ocrx_word' id='word_1_70' title='bbox 1292 2095 1430 2183; x_wconf 90' lang='lat' dir='ltr'>prouido</span> 
     </span>
     <span class='ocr_line' id='line_1_11' title="bbox 301 2201 1433 2290; baseline 0.002 -22"><span class='ocrx_word' id='word_1_71' title='bbox 301 2202 513 2272; x_wconf 81' lang='lat' dir='ltr'>reformantes</span> <span class='ocrx_word' id='word_1_72' title='bbox 529 2204 562 2270; x_wconf 95' lang='lat' dir='ltr'>in</span> <span class='ocrx_word' id='word_1_73' title='bbox 578 2203 704 2288; x_wconf 87' lang='lat' dir='ltr'>melius,</span> <span class='ocrx_word' id='word_1_74' title='bbox 720 2201 754 2269; x_wconf 93' lang='lat' dir='ltr'>in</span> <span class='ocrx_word' id='word_1_75' title='bbox 771 2203 888 2288; x_wconf 88' lang='lat' dir='ltr'>quibus</span> <span class='ocrx_word' id='word_1_76' title='bbox 903 2209 1076 2274; x_wconf 89' lang='lat' dir='ltr'>cernentur</span> <span class='ocrx_word' id='word_1_77' title='bbox 1100 2221 1272 2290; x_wconf 78' lang='lat' dir='ltr'>perperam</span> <span class='ocrx_word' id='word_1_78' title='bbox 1303 2221 1433 2288; x_wconf 87' lang='lat' dir='ltr'>proces·</span> 
     </span>
     <span class='ocr_line' id='line_1_12' title="bbox 301 2307 1431 2378; baseline -0.001 0"><span class='ocrx_word' id='word_1_79' title='bbox 301 2309 394 2378; x_wconf 88' lang='lat' dir='ltr'>sisse.</span> <span class='ocrx_word' id='word_1_80' title='bbox 419 2309 561 2378; x_wconf 85' lang='lat' dir='ltr'>Proinde</span> <span class='ocrx_word' id='word_1_81' title='bbox 578 2309 621 2376; x_wconf 88' lang='lat' dir='ltr'>ad</span> <span class='ocrx_word' id='word_1_82' title='bbox 637 2307 861 2378; x_wconf 86' lang='lat' dir='ltr'>vninersornm</span> <span class='ocrx_word' id='word_1_83' title='bbox 877 2309 1034 2377; x_wconf 84' lang='lat' dir='ltr'>noticiam</span> <span class='ocrx_word' id='word_1_84' title='bbox 1049 2308 1164 2378; x_wconf 84' lang='lat' dir='ltr'>barum</span> <span class='ocrx_word' id='word_1_85' title='bbox 1180 2309 1264 2376; x_wconf 86' lang='lat' dir='ltr'>serie</span> <span class='ocrx_word' id='word_1_86' title='bbox 1280 2309 1431 2377; x_wconf 87' lang='lat' dir='ltr'>nolumus</span> 
     </span>
    </p>
   </div>
   <div class='ocr_carea' id='block_1_3' title="bbox 298 2415 1572 2508">
    <p class='ocr_par' dir='ltr' id='par_1_3' title="bbox 298 2415 1572 2508">
     <span class='ocr_line' id='line_1_13' title="bbox 298 2415 1572 2508; baseline -0.002 -22"><span class='ocrx_word' id='word_1_87' title='bbox 298 2417 483 2508; x_wconf 88' lang='lat' dir='ltr'>peruenire,</span> <span class='ocrx_word' id='word_1_88' title='bbox 515 2415 602 2501; x_wconf 89' lang='lat' dir='ltr'>quod</span> <span class='ocrx_word' id='word_1_89' title='bbox 632 2437 706 2486; x_wconf 86' lang='lat' dir='ltr'>corn</span> <span class='ocrx_word' id='word_1_90' title='bbox 736 2415 871 2485; x_wconf 82' lang='lat' dir='ltr'>humani</span> <span class='ocrx_word' id='word_1_91' title='bbox 903 2416 1031 2504; x_wconf 80' lang='lat' dir='ltr'>generis</span> <span class='ocrx_word' id='word_1_92' title='bbox 1061 2417 1237 2504; x_wconf 86' lang='lat' dir='ltr'>perspicax</span> <span class='ocrx_word' id='word_1_93' title='bbox 1277 2416 1430 2484; x_wconf 85' lang='lat' dir='ltr'>inimicus</span> <span class='ocrx_word' id='word_1_94' title='bbox 1571 2419 1572 2424; x_wconf 77' lang='grc'>’</span> 
     </span>
    </p>
   </div>
   <div class='ocr_carea' id='block_1_4' title="bbox 298 2519 1434 2722">
    <p class='ocr_par' dir='ltr' id='par_1_4' title="bbox 298 2519 1434 2722">
     <span class='ocr_line' id='line_1_14' title="bbox 299 2519 1434 2612; baseline -0.004 -17"><span class='ocrx_word' id='word_1_95' title='bbox 299 2524 453 2612; x_wconf 85' lang='lat' dir='ltr'>pestifero</span> <span class='ocrx_word' id='word_1_96' title='bbox 492 2543 619 2594; x_wconf 87' lang='lat' dir='ltr'>veneno</span> <span class='ocrx_word' id='word_1_97' title='bbox 672 2543 730 2592; x_wconf 91' lang='lat' dir='ltr'>sue</span> <span class='ocrx_word' id='word_1_98' title='bbox 761 2522 885 2594; x_wconf 86' lang='lat' dir='ltr'>iraudis</span> <span class='ocrx_word' id='word_1_99' title='bbox 925 2523 1150 2594; x_wconf 83' lang='lat' dir='ltr'>innocencium</span> <span class='ocrx_word' id='word_1_100' title='bbox 1196 2519 1434 2608; x_wconf 90' lang='lat' dir='ltr'>corrumpendo</span> 
     </span>
     <span class='ocr_line' id='line_1_15' title="bbox 298 2629 1426 2722; baseline -0.007 -18"><span class='ocrx_word' id='word_1_101' title='bbox 298 2633 434 2722; x_wconf 80' lang='lat' dir='ltr'>violare,</span> <span class='ocrx_word' id='word_1_102' title='bbox 459 2632 633 2719; x_wconf 84' lang='lat' dir='ltr'>puritatem</span> <span class='ocrx_word' id='word_1_103' title='bbox 664 2631 824 2700; x_wconf 91' lang='lat' dir='ltr'>menoium</span> <span class='ocrx_word' id='word_1_104' title='bbox 855 2629 1038 2700; x_wconf 79' lang='lat' dir='ltr'>desudando</span> <span class='ocrx_word' id='word_1_105' title='bbox 1070 2629 1210 2716; x_wconf 84' lang='lat' dir='ltr'>iniicere,</span> <span class='ocrx_word' id='word_1_106' title='bbox 1232 2637 1265 2699; x_wconf 87' lang='lat' dir='ltr'>et</span> <span class='ocrx_word' id='word_1_107' title='bbox 1297 2648 1426 2700; x_wconf 90' lang='lat' dir='ltr'>coneor-</span> 
     </span>
    </p>
   </div>
   <div class='ocr_carea' id='block_1_5' title="bbox 300 2735 1571 2826">
    <p class='ocr_par' dir='ltr' id='par_1_5' title="bbox 300 2735 1571 2826">
     <span class='ocr_line' id='line_1_16' title="bbox 300 2735 1571 2826; baseline -0.002 -18"><span class='ocrx_word' id='word_1_108' title='bbox 300 2739 390 2808; x_wconf 91' lang='lat' dir='ltr'>diam</span> <span class='ocrx_word' id='word_1_109' title='bbox 418 2739 510 2810; x_wconf 86' lang='lat' dir='ltr'>uisus</span> <span class='ocrx_word' id='word_1_110' title='bbox 540 2739 630 2808; x_wconf 87' lang='lat' dir='ltr'>malo</span> <span class='ocrx_word' id='word_1_111' title='bbox 661 2735 824 2810; x_wconf 77' lang='lat' dir='ltr'>discordie</span> <span class='ocrx_word' id='word_1_112' title='bbox 855 2757 1019 2826; x_wconf 84' lang='lat' dir='ltr'>superare,</span> <span class='ocrx_word' id='word_1_113' title='bbox 1045 2735 1169 2808; x_wconf 86' lang='lat' dir='ltr'>nedum</span> <span class='ocrx_word' id='word_1_114' title='bbox 1184 2738 1268 2806; x_wconf 86' lang='lat' dir='ltr'>inter</span> <span class='ocrx_word' id='word_1_115' title='bbox 1285 2737 1430 2806; x_wconf 80' lang='lat' dir='ltr'>Berones</span> <span class='ocrx_word' id='word_1_116' title='bbox 1570 2747 1571 2750; x_wconf 75' lang='grc'>’</span> 
     </span>
    </p>
   </div>
   <div class='ocr_carea' id='block_1_6' title="bbox 299 2825 1432 3363">
    <p class='ocr_par' dir='ltr' id='par_1_6' title="bbox 299 2825 1432 3363">
     <span class='ocr_line' id='line_1_17' title="bbox 301 2825 1429 2933; baseline -0.004 -17"><span class='ocrx_word' id='word_1_117' title='bbox 301 2847 406 2933; x_wconf 74' lang='lat' dir='ltr'>Regni</span> <span class='ocrx_word' id='word_1_118' title='bbox 437 2845 608 2933; x_wconf 81' lang='lat' dir='ltr'>Hungarie</span> <span class='ocrx_word' id='word_1_119' title='bbox 639 2845 729 2915; x_wconf 87' lang='lat' dir='ltr'>necis</span> <span class='ocrx_word' id='word_1_120' title='bbox 760 2847 973 2918; x_wconf 86' lang='lat' dir='ltr'>seminarium</span> <span class='ocrx_word' id='word_1_121' title='bbox 1003 2853 1036 2916; x_wconf 83' lang='lat' dir='ltr'>et</span> <span class='ocrx_word' id='word_1_122' title='bbox 1066 2845 1189 2914; x_wconf 90' lang='lat' dir='ltr'>beilum</span> <span class='ocrx_word' id='word_1_123' title='bbox 1229 2825 1429 2923; x_wconf 82' lang='lat' dir='ltr'>intestinum,</span> 
     </span>
     <span class='ocr_line' id='line_1_18' title="bbox 300 2951 1432 3042; baseline -0.004 -18"><span class='ocrx_word' id='word_1_124' title='bbox 300 2974 435 3041; x_wconf 88' lang='lat' dir='ltr'>quorum</span> <span class='ocrx_word' id='word_1_125' title='bbox 464 2952 635 3042; x_wconf 74' lang='lat' dir='ltr'>fidelitate,</span> <span class='ocrx_word' id='word_1_126' title='bbox 667 2954 790 3024; x_wconf 87' lang='lat' dir='ltr'>uirtute</span> <span class='ocrx_word' id='word_1_127' title='bbox 821 2961 855 3022; x_wconf 90' lang='lat' dir='ltr'>et</span> <span class='ocrx_word' id='word_1_128' title='bbox 870 2953 1034 3024; x_wconf 83' lang='lat' dir='ltr'>industria</span> <span class='ocrx_word' id='word_1_129' title='bbox 1057 2953 1166 3040; x_wconf 89' lang='lat' dir='ltr'>ipsum</span> <span class='ocrx_word' id='word_1_130' title='bbox 1180 2954 1330 3039; x_wconf 75' lang='lat' dir='ltr'>Regum</span> <span class='ocrx_word' id='word_1_131' title='bbox 1344 2951 1432 3020; x_wconf 91' lang='lat' dir='ltr'>Hun-</span> 
     </span>
     <span class='ocr_line' id='line_1_19' title="bbox 299 3058 1432 3148; baseline -0.005 -16"><span class='ocrx_word' id='word_1_132' title='bbox 299 3063 391 3146; x_wconf 80' lang='lat' dir='ltr'>garie</span> <span class='ocrx_word' id='word_1_133' title='bbox 407 3061 611 3131; x_wconf 82' lang='lat' dir='ltr'>defensatum</span> <span class='ocrx_word' id='word_1_134' title='bbox 638 3059 744 3129; x_wconf 82' lang='lat' dir='ltr'>iuerat</span> <span class='ocrx_word' id='word_1_135' title='bbox 754 3058 1018 3148; x_wconf 82' lang='lat' dir='ltr'>predecessorum</span> <span class='ocrx_word' id='word_1_136' title='bbox 1037 3069 1220 3130; x_wconf 88' lang='lat' dir='ltr'>nostrorum</span> <span class='ocrx_word' id='word_1_137' title='bbox 1235 3059 1432 3147; x_wconf 89' lang='lat' dir='ltr'>temporibus</span> 
     </span>
     <span class='ocr_line' id='line_1_20' title="bbox 299 3169 1425 3256; baseline 0 -19"><span class='ocrx_word' id='word_1_138' title='bbox 299 3179 333 3238; x_wconf 88' lang='lat' dir='ltr'>et</span> <span class='ocrx_word' id='word_1_139' title='bbox 347 3169 489 3238; x_wconf 79' lang='lat' dir='ltr'>feliciter</span> <span class='ocrx_word' id='word_1_140' title='bbox 516 3170 753 3256; x_wconf 68' lang='lat' dir='ltr'>gubernatum</span> <span class='ocrx_word' id='word_1_141' title='bbox 779 3189 890 3237; x_wconf 85' lang='lat' dir='ltr'>rerum</span> <span class='ocrx_word' id='word_1_142' title='bbox 906 3177 939 3238; x_wconf 87' lang='lat' dir='ltr'>et</span> <span class='ocrx_word' id='word_1_143' title='bbox 955 3171 1041 3238; x_wconf 88' lang='lat' dir='ltr'>inter</span> <span class='ocrx_word' id='word_1_144' title='bbox 1055 3189 1117 3240; x_wconf 91' lang='lat' dir='ltr'>nos</span> <span class='ocrx_word' id='word_1_145' title='bbox 1134 3171 1176 3238; x_wconf 93' lang='lat' dir='ltr'>ab</span> <span class='ocrx_word' id='word_1_146' title='bbox 1192 3190 1257 3238; x_wconf 88' lang='lat' dir='ltr'>una</span> <span class='ocrx_word' id='word_1_147' title='bbox 1273 3176 1377 3256; x_wconf 85' lang='lat' dir='ltr'>parte,</span> <span class='ocrx_word' id='word_1_148' title='bbox 1391 3179 1425 3238; x_wconf 84' lang='lat' dir='ltr'>et</span> 
     </span>
     <span class='ocr_line' id='line_1_21' title="bbox 303 3275 1430 3363; baseline 0.002 -21"><span class='ocrx_word' id='word_1_149' title='bbox 303 3275 468 3344; x_wconf 89' lang='lat' dir='ltr'>dominam</span> <span class='ocrx_word' id='word_1_150' title='bbox 483 3275 644 3363; x_wconf 81' lang='lat' dir='ltr'>Reginam</span> <span class='ocrx_word' id='word_1_151' title='bbox 661 3281 798 3344; x_wconf 84' lang='lat' dir='ltr'>matrem</span> <span class='ocrx_word' id='word_1_152' title='bbox 813 3281 959 3346; x_wconf 84' lang='lat' dir='ltr'>nostram</span> <span class='ocrx_word' id='word_1_153' title='bbox 978 3275 1227 3346; x_wconf 88' lang='lat' dir='ltr'>Serenissimam</span> <span class='ocrx_word' id='word_1_154' title='bbox 1242 3295 1282 3344; x_wconf 87' lang='lat' dir='ltr'>ex</span> <span class='ocrx_word' id='word_1_155' title='bbox 1312 3277 1430 3361; x_wconf 86' lang='lat' dir='ltr'>altera,</span> 
     </span>
    </p>
   </div>
   <div class='ocr_carea' id='block_1_7' title="bbox 303 3380 1569 3488">
    <p class='ocr_par' dir='ltr' id='par_1_7' title="bbox 303 3380 1569 3488">
     <span class='ocr_line' id='line_1_22' title="bbox 303 3380 1569 3488; baseline 0.004 -41"><span class='ocrx_word' id='word_1_156' title='bbox 303 3380 493 3452; x_wconf 90' lang='lat' dir='ltr'>dissoidinm</span> <span class='ocrx_word' id='word_1_157' title='bbox 531 3383 690 3452; x_wconf 85' lang='lat' dir='ltr'>scandalo</span> <span class='ocrx_word' id='word_1_158' title='bbox 721 3403 788 3451; x_wconf 92' lang='lat' dir='ltr'>non</span> <span class='ocrx_word' id='word_1_159' title='bbox 818 3402 967 3466; x_wconf 86' lang='lat' dir='ltr'>vacuum,</span> <span class='ocrx_word' id='word_1_160' title='bbox 999 3389 1033 3452; x_wconf 85' lang='lat' dir='ltr'>et</span> <span class='ocrx_word' id='word_1_161' title='bbox 1063 3382 1432 3472; x_wconf 56' lang='lat' dir='ltr'>presumptuosorum</span> <span class='ocrx_word' id='word_1_162' title='bbox 1568 3469 1569 3488; x_wconf 16' lang='grc' dir='ltr'>ᾖ</span> 
     </span>
    </p>
   </div>
   <div class='ocr_carea' id='block_1_8' title="bbox 298 3489 1432 3685">
    <p class='ocr_par' dir='ltr' id='par_1_8' title="bbox 298 3489 1432 3685">
     <span class='ocr_line' id='line_1_23' title="bbox 298 3489 1432 3578; baseline 0.001 -22"><span class='ocrx_word' id='word_1_163' title='bbox 298 3489 468 3558; x_wconf 83' lang='lat' dir='ltr'>materiam</span> <span class='ocrx_word' id='word_1_164' title='bbox 484 3489 696 3560; x_wconf 84' lang='lat' dir='ltr'>suscitasset:</span> <span class='ocrx_word' id='word_1_165' title='bbox 713 3497 824 3559; x_wconf 86' lang='lat' dir='ltr'>tamen</span> <span class='ocrx_word' id='word_1_166' title='bbox 839 3490 885 3577; x_wconf 82' lang='lat' dir='ltr'>pij</span> <span class='ocrx_word' id='word_1_167' title='bbox 906 3491 1011 3578; x_wconf 85' lang='lat' dir='ltr'>patris</span> <span class='ocrx_word' id='word_1_168' title='bbox 1022 3510 1082 3578; x_wconf 88' lang='lat' dir='ltr'>per</span> <span class='ocrx_word' id='word_1_169' title='bbox 1092 3491 1313 3576; x_wconf 88' lang='lat' dir='ltr'>clemenciam,</span> <span class='ocrx_word' id='word_1_170' title='bbox 1339 3490 1432 3560; x_wconf 90' lang='lat' dir='ltr'>euius</span> 
     </span>
     <span class='ocr_line' id='line_1_24' title="bbox 299 3595 1430 3685; baseline 0.003 -22"><span class='ocrx_word' id='word_1_171' title='bbox 299 3596 352 3664; x_wconf 87' lang='lat' dir='ltr'>vie</span> <span class='ocrx_word' id='word_1_172' title='bbox 366 3595 494 3665; x_wconf 90' lang='lat' dir='ltr'>iusticie</span> <span class='ocrx_word' id='word_1_173' title='bbox 525 3606 558 3666; x_wconf 87' lang='lat' dir='ltr'>et</span> <span class='ocrx_word' id='word_1_174' title='bbox 574 3597 798 3667; x_wconf 80' lang='lat' dir='ltr'>misericordie</span> <span class='ocrx_word' id='word_1_175' title='bbox 830 3599 902 3668; x_wconf 85' lang='lat' dir='ltr'>eius</span> <span class='ocrx_word' id='word_1_176' title='bbox 932 3619 998 3668; x_wconf 92' lang='lat' dir='ltr'>non</span> <span class='ocrx_word' id='word_1_177' title='bbox 1029 3607 1079 3668; x_wconf 87' lang='lat' dir='ltr'>est</span> <span class='ocrx_word' id='word_1_178' title='bbox 1110 3617 1274 3685; x_wconf 86' lang='lat' dir='ltr'>numerus,</span> <span class='ocrx_word' id='word_1_179' title='bbox 1305 3599 1430 3668; x_wconf 86' lang='lat' dir='ltr'>sedatis</span> 
     </span>
    </p>
   </div>
   <div class='ocr_carea' id='block_1_9' title="bbox 299 3703 1568 3794">
    <p class='ocr_par' dir='ltr' id='par_1_9' title="bbox 299 3703 1568 3794">
     <span class='ocr_line' id='line_1_25' title="bbox 299 3703 1568 3794; baseline 0.004 -22"><span class='ocrx_word' id='word_1_180' title='bbox 299 3703 570 3794; x_wconf 86' lang='lat' dir='ltr'>dissensionibus,</span> <span class='ocrx_word' id='word_1_181' title='bbox 598 3703 863 3774; x_wconf 77' lang='lat' dir='ltr'>discordantibus</span> <span class='ocrx_word' id='word_1_182' title='bbox 895 3707 1059 3774; x_wconf 82' lang='lat' dir='ltr'>Beronum</span> <span class='ocrx_word' id='word_1_183' title='bbox 1090 3707 1209 3775; x_wconf 88' lang='lat' dir='ltr'>animis</span> <span class='ocrx_word' id='word_1_184' title='bbox 1225 3705 1269 3774; x_wconf 85' lang='lat' dir='ltr'>ad</span> <span class='ocrx_word' id='word_1_185' title='bbox 1301 3726 1435 3776; x_wconf 89' lang='lat' dir='ltr'>concor·</span> <span class='ocrx_word' id='word_1_186' title='bbox 1567 3751 1568 3768; x_wconf 29' lang='grc' dir='ltr'><strong>η</strong></span> 
     </span>
    </p>
   </div>
   <div class='ocr_carea' id='block_1_10' title="bbox 294 3810 1430 4313">
    <p class='ocr_par' dir='ltr' id='par_1_10' title="bbox 294 3810 1430 4313">
     <span class='ocr_line' id='line_1_26' title="bbox 298 3810 1430 3900; baseline 0.001 -23"><span class='ocrx_word' id='word_1_187' title='bbox 298 3810 388 3878; x_wconf 86' lang='lat' dir='ltr'>diam</span> <span class='ocrx_word' id='word_1_188' title='bbox 418 3813 593 3900; x_wconf 89' lang='lat' dir='ltr'>reuocatis,</span> <span class='ocrx_word' id='word_1_189' title='bbox 625 3818 659 3878; x_wconf 91' lang='lat' dir='ltr'>et</span> <span class='ocrx_word' id='word_1_190' title='bbox 674 3810 832 3880; x_wconf 84' lang='lat' dir='ltr'>restrictis</span> <span class='ocrx_word' id='word_1_191' title='bbox 864 3811 1016 3881; x_wconf 85' lang='lat' dir='ltr'>manibus</span> <span class='ocrx_word' id='word_1_192' title='bbox 1047 3811 1122 3881; x_wconf 93' lang='lat' dir='ltr'>binc</span> <span class='ocrx_word' id='word_1_193' title='bbox 1152 3812 1229 3880; x_wconf 91' lang='lat' dir='ltr'>inde</span> <span class='ocrx_word' id='word_1_194' title='bbox 1247 3811 1291 3880; x_wconf 91' lang='lat' dir='ltr'>ad</span> <span class='ocrx_word' id='word_1_195' title='bbox 1308 3812 1430 3881; x_wconf 87' lang='lat' dir='ltr'>beilum</span> 
     </span>
     <span class='ocr_line' id='line_1_27' title="bbox 295 3917 1426 4006; baseline 0.001 -21"><span class='ocrx_word' id='word_1_196' title='bbox 295 3919 493 4006; x_wconf 87' lang='lat' dir='ltr'>preparatis,</span> <span class='ocrx_word' id='word_1_197' title='bbox 517 3917 722 3986; x_wconf 83' lang='lat' dir='ltr'>Prolatorum</span> <span class='ocrx_word' id='word_1_198' title='bbox 741 3925 774 3987; x_wconf 87' lang='lat' dir='ltr'>et</span> <span class='ocrx_word' id='word_1_199' title='bbox 804 3917 968 3989; x_wconf 79' lang='lat' dir='ltr'>Beronum</span> <span class='ocrx_word' id='word_1_200' title='bbox 999 3919 1135 3988; x_wconf 91' lang='lat' dir='ltr'>consilio</span> <span class='ocrx_word' id='word_1_201' title='bbox 1167 3919 1337 3988; x_wconf 85' lang='lat' dir='ltr'>mediante</span> <span class='ocrx_word' id='word_1_202' title='bbox 1353 3941 1426 3988; x_wconf 90' lang='lat' dir='ltr'>cnm</span> 
     </span>
     <span class='ocr_line' id='line_1_28' title="bbox 295 4023 1427 4110; baseline 0.002 -17"><span class='ocrx_word' id='word_1_203' title='bbox 295 4023 410 4093; x_wconf 88' lang='lat' dir='ltr'>eadem</span> <span class='ocrx_word' id='word_1_204' title='bbox 440 4024 573 4094; x_wconf 85' lang='lat' dir='ltr'>domina</span> <span class='ocrx_word' id='word_1_205' title='bbox 603 4023 732 4110; x_wconf 82' lang='lat' dir='ltr'>Regina</span> <span class='ocrx_word' id='word_1_206' title='bbox 762 4034 868 4095; x_wconf 85' lang='lat' dir='ltr'>matre</span> <span class='ocrx_word' id='word_1_207' title='bbox 900 4031 1012 4096; x_wconf 86' lang='lat' dir='ltr'>nostra</span> <span class='ocrx_word' id='word_1_208' title='bbox 1041 4024 1220 4094; x_wconf 88' lang='lat' dir='ltr'>karissima</span> <span class='ocrx_word' id='word_1_209' title='bbox 1251 4028 1312 4094; x_wconf 92' lang='lat' dir='ltr'>sub</span> <span class='ocrx_word' id='word_1_210' title='bbox 1327 4029 1427 4097; x_wconf 85' lang='lat' dir='ltr'>certis</span> 
     </span>
     <span class='ocr_line' id='line_1_29' title="bbox 294 4133 1430 4222; baseline -0.003 -18"><span class='ocrx_word' id='word_1_211' title='bbox 294 4133 539 4205; x_wconf 85' lang='lat' dir='ltr'>condicionibus</span> <span class='ocrx_word' id='word_1_212' title='bbox 555 4133 599 4204; x_wconf 90' lang='lat' dir='ltr'>ad</span> <span class='ocrx_word' id='word_1_213' title='bbox 618 4133 710 4222; x_wconf 87' lang='lat' dir='ltr'>pacis</span> <span class='ocrx_word' id='word_1_214' title='bbox 725 4142 757 4203; x_wconf 90' lang='lat' dir='ltr'>et</span> <span class='ocrx_word' id='word_1_215' title='bbox 771 4135 942 4212; x_wconf 88' lang='lat' dir='ltr'>concordie</span> <span class='ocrx_word' id='word_1_216' title='bbox 974 4134 1164 4204; x_wconf 89' lang='lat' dir='ltr'>denenimus</span> <span class='ocrx_word' id='word_1_217' title='bbox 1180 4134 1343 4206; x_wconf 80' lang='lat' dir='ltr'>unionem</span> <span class='ocrx_word' id='word_1_218' title='bbox 1359 4133 1430 4204; x_wconf 84' lang='lat' dir='ltr'>Hoc</span> 
     </span>
     <span class='ocr_line' id='line_1_30' title="bbox 296 4240 1428 4313; baseline 0.002 -7"><span class='ocrx_word' id='word_1_219' title='bbox 296 4240 380 4309; x_wconf 82' lang='lat' dir='ltr'>inter</span> <span class='ocrx_word' id='word_1_220' title='bbox 410 4249 518 4313; x_wconf 84' lang='lat' dir='ltr'>cetera</span> <span class='ocrx_word' id='word_1_221' title='bbox 548 4243 609 4310; x_wconf 90' lang='lat' dir='ltr'>sub</span> <span class='ocrx_word' id='word_1_222' title='bbox 625 4240 811 4311; x_wconf 89' lang='lat' dir='ltr'>huiusmodi</span> <span class='ocrx_word' id='word_1_223' title='bbox 842 4248 1003 4312; x_wconf 80' lang='lat' dir='ltr'>tractatus</span> <span class='ocrx_word' id='word_1_224' title='bbox 1028 4241 1132 4311; x_wconf 84' lang='lat' dir='ltr'>nostri</span> <span class='ocrx_word' id='word_1_225' title='bbox 1147 4241 1372 4312; x_wconf 72' lang='lat' dir='ltr'>moderamine</span> <span class='ocrx_word' id='word_1_226' title='bbox 1388 4240 1428 4308; x_wconf 89' lang='lat' dir='ltr'>de</span> 
     </span>
    </p>
   </div>
   <div class='ocr_carea' id='block_1_11' title="bbox 296 4347 1566 4438">
    <p class='ocr_par' dir='ltr' id='par_1_11' title="bbox 296 4347 1566 4438">
     <span class='ocr_line' id='line_1_31' title="bbox 296 4347 1566 4438; baseline 0.004 -23"><span class='ocrx_word' id='word_1_227' title='bbox 296 4347 462 4434; x_wconf 88' lang='lat' dir='ltr'>utriusque</span> <span class='ocrx_word' id='word_1_228' title='bbox 478 4355 622 4418; x_wconf 85' lang='lat' dir='ltr'>nostrum</span> <span class='ocrx_word' id='word_1_229' title='bbox 639 4350 743 4437; x_wconf 88' lang='lat' dir='ltr'>partis</span> <span class='ocrx_word' id='word_1_230' title='bbox 760 4350 974 4438; x_wconf 86' lang='lat' dir='ltr'>beneplacito,</span> <span class='ocrx_word' id='word_1_231' title='bbox 991 4349 1218 4438; x_wconf 86' lang='lat' dir='ltr'>conninencis,</span> <span class='ocrx_word' id='word_1_232' title='bbox 1234 4355 1266 4418; x_wconf 90' lang='lat' dir='ltr'>et</span> <span class='ocrx_word' id='word_1_233' title='bbox 1296 4369 1431 4418; x_wconf 84' lang='lat' dir='ltr'>consen·</span> <span class='ocrx_word' id='word_1_234' title='bbox 1565 4399 1566 4420; x_wconf 47' lang='lat' dir='ltr'>r</span> 
     </span>
    </p>
   </div>
   <div class='ocr_carea' id='block_1_12' title="bbox 296 4453 1564 4544">
    <p class='ocr_par' dir='ltr' id='par_1_12' title="bbox 296 4453 1564 4544">
     <span class='ocr_line' id='line_1_32' title="bbox 296 4453 1564 4544; baseline -0.002 -21"><span class='ocrx_word' id='word_1_235' title='bbox 296 4475 337 4523; x_wconf 91' lang='lat' dir='ltr'>su</span> <span class='ocrx_word' id='word_1_236' title='bbox 351 4453 489 4544; x_wconf 84' lang='lat' dir='ltr'>firmato,</span> <span class='ocrx_word' id='word_1_237' title='bbox 519 4455 763 4544; x_wconf 86' lang='lat' dir='ltr'>inperpetuum</span> <span class='ocrx_word' id='word_1_238' title='bbox 794 4454 951 4527; x_wconf 87' lang='lat' dir='ltr'>duraturo</span> <span class='ocrx_word' id='word_1_239' title='bbox 970 4455 1160 4544; x_wconf 86' lang='lat' dir='ltr'>specialiter</span> <span class='ocrx_word' id='word_1_240' title='bbox 1174 4455 1369 4542; x_wconf 79' lang='lat' dir='ltr'>statuend03</span> <span class='ocrx_word' id='word_1_241' title='bbox 1394 4460 1432 4522; x_wconf 82' lang='lat' dir='ltr'>ut</span> <span class='ocrx_word' id='word_1_242' title='bbox 1563 4517 1564 4520; x_wconf 74' lang='grc'>,</span> 
     </span>
    </p>
   </div>
   <div class='ocr_carea' id='block_1_13' title="bbox 295 4561 1429 4653">
    <p class='ocr_par' dir='ltr' id='par_1_13' title="bbox 295 4561 1429 4653">
     <span class='ocr_line' id='line_1_33' title="bbox 295 4561 1429 4653; baseline 0.002 -23"><span class='ocrx_word' id='word_1_243' title='bbox 295 4561 518 4646; x_wconf 87' lang='lat' dir='ltr'>possessiones</span> <span class='ocrx_word' id='word_1_244' title='bbox 533 4561 708 4652; x_wconf 86' lang='lat' dir='ltr'>Beronum,</span> <span class='ocrx_word' id='word_1_245' title='bbox 727 4563 895 4653; x_wconf 88' lang='lat' dir='ltr'>nobilium,</span> <span class='ocrx_word' id='word_1_246' title='bbox 911 4571 943 4634; x_wconf 87' lang='lat' dir='ltr'>ct</span> <span class='ocrx_word' id='word_1_247' title='bbox 973 4563 1172 4652; x_wconf 70' lang='lat' dir='ltr'>generaliter</span> <span class='ocrx_word' id='word_1_248' title='bbox 1202 4582 1429 4650; x_wconf 87' lang='lat' dir='ltr'>quorumcum-</span> 
     </span>
    </p>
   </div>
   <div class='ocr_carea' id='block_1_14' title="bbox 0 0 1578 5146">
    <p class='ocr_par' dir='ltr' id='par_1_14' title="bbox 0 0 1578 5146">
     <span class='ocr_line' id='line_1_34' title="bbox 0 0 1578 5146; baseline 0 0"><span class='ocrx_word' id='word_1_249' title='bbox 0 0 1578 5146; x_wconf 95' lang='lat' dir='ltr'> </span> 
     </span>
    </p>
   </div>
  </div>
 </body>
</html>
