3112 5154
565 347 725 450 -raa—

82 557 140 622 lem
155 553 200 620 ad
216 543 299 619 duas
316 551 420 616 metas
437 551 579 632 terreas3
604 545 720 613 deinde
737 544 800 611 itur
816 544 859 612 ad
879 552 1002 630 partem
1019 545 1211 614 orientalem

80 681 194 730 uersus
225 660 343 727 siluam
376 653 512 722 Comitis
543 655 685 742 Martini,
703 655 755 721 vbi
773 660 848 720 sunt
864 653 928 720 due
944 661 1160 741 meletense,
1176 654 1211 722 iu

80 789 218 852 quarum
239 767 344 832 altera
377 767 427 831 est
458 764 555 830 arbor
588 762 784 846 uirgultina3
808 760 929 828 abhinc
959 763 1064 830 tendit
1099 781 1212 832 uersus

82 873 202 942 eduam
233 873 327 940 iuxta
359 871 523 937 meridiem
555 869 699 936 adduas
730 873 833 936 metas
864 875 999 956 terreas,
1024 869 1212 954 inquorum

80 983 187 1050 altera
204 987 255 1048 est
270 979 366 1047 arbor
382 978 592 1066 gemslcheu;
614 976 735 1044 abhinc
750 996 863 1044 uersus
876 977 1033 1045 orientem
1048 977 1091 1045 ad
1109 1000 1210 1064 angu-

77 1091 165 1157 lares
195 1094 299 1155 metas
331 1084 465 1152 Comitis
496 1083 637 1171 Martini,
669 1083 778 1168 ibique
804 1083 1005 1153 terminatur.
1024 1085 1210 1173 Prescripte

77 1205 188 1266 autem
205 1201 292 1262 mete
310 1195 352 1261 ad
368 1201 493 1280 partem
510 1192 809 1278 septemtrionalem
826 1199 982 1279 separant
1012 1201 1116 1263 terras
1150 1193 1210 1261 Oo-

79 1307 172 1372 mitis
203 1301 337 1370 Martini
370 1308 402 1368 et
417 1301 557 1368 filiorum
579 1318 727 1379 suorum3
752 1319 770 1366 e
787 1307 900 1367 contra
914 1299 1050 1369 heedem
1066 1309 1151 1370 mete
1167 1303 1227 1380 ad¹

77 1419 206 1498 partem
223 1408 466 1476 meridionalem
484 1413 642 1494 separant
661 1413 766 1474 temus
787 1410 963 1496 Ambrosij,
995 1411 1120 1497 Coume,
1146 1410 1224 1476 Abs

77 1521 184 1603 salon,
215 1518 341 1600 Moron,
374 1516 459 1583 Pous
491 1522 523 1583 et
538 1520 719 1582 ceterorum
747 1522 957 1602 cognatorum
972 1537 1102 1587 suorum
1117 1517 1209 1586 atris

77 1647 146 1711 que
161 1625 310 1712 partibus
325 1625 360 1707 in
375 1629 563 1709 perpetuum
580 1625 714 1708 pacifice
731 1624 935 1710 possidendo.
951 1626 1021 1695 Hoc
1046 1625 1209 1714 adiuncto,

77 1733 168 1818 quod
199 1731 308 1818 siqua
337 1731 483 1819 parcium
501 1731 543 1798 de
558 1729 741 1799 huiusmodi
768 1735 1006 1817 composicione
1022 1736 1057 1800 in
1073 1741 1141 1802 toto
1157 1736 1210 1801 vel

79 1843 115 1907 iu
132 1847 228 1926 parts
243 1837 393 1922 resiliret,
407 1839 460 1905 vel
476 1859 543 1906 una
559 1860 635 1925 pars
651 1837 692 1905 de
718 1840 856 1925 singulis
885 1842 1046 1926 resilierit,
1078 1843 1212 1926 triginta

78 1965 212 2014 marcas
229 1947 315 2032 parti
331 1947 600 2033 composicionem
619 1948 767 2016 toleranti
784 1949 908 2031 absque
924 1950 1076 2034 porcione
1086 1949 1211 2036 judicis

77 2055 212 2124 soluere
227 2051 347 2120 debeat
362 2061 440 2121 ante
455 2054 557 2121 litem.
573 2055 655 2120 Item
672 2057 700 2122 si
717 2074 779 2138 qus
799 2057 943 2140 parcium
975 2057 1100 2126 litteras
1132 2078 1212 2144 qua·

76 2164 258 2246 lescnnque
289 2181 385 2248 super
416 2161 504 2230 facto
537 2162 681 2246 predicte
701 2161 861 2248 particule
879 2169 963 2230 terre
977 2165 1150 2251 sexaginta
1165 2168 1211 2234 iu-

79 2290 198 2354 gerum
214 2269 247 2336 in
264 2268 478 2354 preludioium
509 2269 612 2354 partis
644 2269 780 2336 aduerse
811 2268 1004 2339 occultando
1035 2273 1211 2357 detineret3

77 2375 342 2460 quandocunque
367 2375 559 2459 exhibuerit,
598 2376 758 2460 prefatam
780 2396 938 2444 summam
955 2383 1094 2463 pecunie
1109 2379 1208 2449 XXX

76 2504 265 2552 marcarum
285 2485 410 2552 soluere
428 2489 585 2552 teneatur.
617 2486 654 2552 lu
686 2485 776 2552 cuius
807 2485 853 2553 rei
870 2491 1058 2556 memoriam
1090 2495 1123 2558 et
1137 2510 1208 2576 per·

76 2601 216 2678 petuam
246 2590 461 2660 stabilitatem
492 2597 660 2676 presentes
690 2599 818 2660 nostras
849 2593 893 2661 ad
912 2597 1105 2682 peticionem
1124 2604 1211 2666 ntra·

76 2718 219 2783 rumque
234 2701 380 2782 parcium
395 2699 498 2766 nostri
515 2699 729 2784 opposicionc
744 2699 841 2784 sigilli
875 2705 1091 2772 concessimus
1120 2708 1213 2774 robo-

73 2812 180 2876 ratas.
197 2807 312 2874 Actum
322 2826 409 2874 anno
419 2805 539 2873 Graoie
549 2805 778 2873 M⁰OC⁰LXX⁰
788 2808 912 2896 quinto,
923 2831 1035 2879 mense
1046 2811 1208 2900 Marohyo.

74 2912 234 2982 Johanne
249 2913 400 2999 (lantone,
416 2913 544 2981 Thoma
560 2913 710 3002 Custode,
726 2915 891 2986 Demetrio
908 2917 1051 3005 Decano,
1084 2919 1211 2988 ceteris-

72 3041 145 3106 que
176 3041 274 3106 quam
306 3021 452 3106 pluribus
482 3018 604 3088 ibidem
635 3021 858 3092 existentibus.
885 3025 1007 3094 Datum
1023 3048 1081 3113 per
1097 3047 1211 3096 manus

71 3127 231 3211 Magistri
247 3127 447 3197 Wsuclrizlai
463 3127 610 3195 Lectoris
626 3125 996 3214 Quinqueeoclesieusis.

70 3324 227 3388 (Eu-edetis
265 3325 447 3391 borhtrtyttm
466 3327 587 3393 melyrdl
608 3343 625 3378 s
655 3328 748 3394 pecsdt
766 3331 848 3380 vdrds
867 3330 1103 3396 selyemzsindrcn
1122 3334 1211 3399 liigg;

228 3430 247 3465 a
265 3414 380 3468 ldmtlt
401 3416 523 3483 herczsg
540 3417 711 3484 Flszterhtzy
731 3419 827 3472 cssltd
846 3419 1059 3486 lsvtltdrtban.)
