3096 5160
633 299 635 304 ,
771 209 930 311 ..mo-

286 409 381 478 dietis
398 409 450 475 vel
467 405 638 475 heredibus
653 404 846 490 eorundem
871 403 1017 472 similiter
1042 403 1263 492 prenominati
1294 407 1417 475 Joban·
1541 473 1542 498 2

286 539 344 586 nes
361 525 393 587 et
407 503 584 585 Ladizlirus
600 513 652 584 vel
668 511 807 582 heredes
824 532 932 581 eorum
949 512 1131 600 prediutem
1158 520 1279 582 terram
1305 534 1417 583 eorum
1541 503 1542 584 J

287 623 468 711 Zakadatb,
499 626 528 692 si
545 620 736 691 vendioione
751 621 913 689 voluerint
939 641 1111 707 exponere,
1143 641 1210 691 non
1240 623 1320 708 aliie
1352 623 1418 689 uisi

285 731 433 821 prodieto
449 731 567 799 Comiti
583 730 645 798 Sur
676 735 709 796 et
739 727 810 796 eius
840 725 1015 798 heredibus
1045 729 1189 798 vendere
1218 737 1418 799 tenerentur.
1541 741 1542 748 ’

287 839 359 910 Hoo
375 840 434 908 tali
450 845 564 908 tenore
579 838 752 906 verborum
767 835 802 903 in
827 833 942 905 eodem
973 835 1148 924 priuilegio
1179 844 1329 908 contento
1361 859 1421 926 per

288 968 347 1018 uos
362 947 508 1036 perleoto
525 953 557 1014 et
572 947 701 1034 releoto,
729 943 875 1028 utrisque
891 944 1040 1031 partibus
1056 943 1205 1032 expositu
1237 946 1422 1036 diligenter,

288 1057 372 1126 nihil
387 1052 597 1124 aduersitatis
612 1054 665 1120 vel
681 1052 923 1122 contrarietatis
938 1072 997 1138 per
1008 1059 1281 1142 uuusquepmtee
1295 1055 1421 1124 dietum

291 1164 351 1232 fuit
367 1161 541 1250 priuilegio
558 1158 731 1228 antedieto.
757 1160 875 1243 Itaque
890 1160 1006 1229 Comes
1021 1159 1197 1234 Ladiulaus
1214 1169 1246 1234 et
1264 1163 1422 1234 Nieolaus

288 1271 449 1357 dixerunt,
465 1267 551 1354 quod
566 1267 716 1334 Kilianus
734 1273 766 1334 et
781 1266 925 1337 Jaoubus
941 1266 998 1354 filij
1016 1269 1079 1336 Sur
1095 1268 1304 1338 medietatem
1319 1271 1420 1340 huius

289 1385 376 1446 terre
390 1375 477 1444 Bika
494 1374 577 1463 ipsis
592 1374 820 1460 ignorantibus
835 1376 869 1443 in
886 1394 997 1443 eorum
1008 1374 1422 1461 preiudioiumvendieioni
1541 1399 1542 1410 ¹

291 1485 517 1572 exposuissent
532 1485 598 1550 iem
615 1481 753 1566 dudum;
776 1484 854 1550 item
870 1484 986 1551 Petrus
1000 1483 1088 1552 lilius
1114 1481 1231 1552 Jaeobi
1263 1487 1321 1572 filij
1356 1487 1423 1554 Sur
1541 1511 1542 1516 ¹

290 1603 322 1664 et
336 1593 453 1662 iratres
470 1589 645 1662 eorundem
661 1590 817 1678 prediotis
831 1591 909 1679 filijs
924 1590 1047 1659 blatbei
1062 1593 1247 1663 tabentibus
1258 1593 1424 1680 dixerunt,

292 1701 378 1788 quod
393 1701 458 1790 ipsi
474 1701 664 1786 ignorarent
679 1697 764 1768 hano
787 1701 1012 1770 vendicionem
1044 1698 1112 1768 fore
1142 1701 1274 1770 laetam.
1315 1702 1424 1787 Igitur

293 1808 410 1879 (lomes
425 1809 602 1878 Ladizlaus
618 1815 652 1878 et
665 1807 822 1878 Nieoluus
839 1808 1053 1878 exbibuerunt
1077 1817 1222 1882 tenorem
1254 1809 1422 1896 priuilegij
1541 1841 1542 1846 ¹

274 1917 396 2002 ,nostri
420 1917 622 2004 reoognusoi‚
649 1916 770 2003 recepti
802 1915 847 1984 ad
878 1915 1065 1985 mandatum
1097 1915 1220 1985 domini
1252 1917 1352 2002 Regis
1386 1917 1422 1984 in

292 2023 432 2094 (lamera
449 2025 587 2094 eoelesie
602 2031 721 2114 nostre,
741 2025 776 2092 iu
792 2045 855 2112 quo
871 2022 933 2092 fuit
948 2031 1121 2112 repertum,
1145 2024 1233 2108 quod
1263 2024 1423 2096 Kilianus
1541 2083 1542 2086 ,

293 2141 326 2202 et
340 2135 484 2202 Jaoobus
498 2133 556 2220 filij
574 2133 709 2202 Comitis
724 2131 787 2200 Sur
812 2131 1021 2202 medietatem
1053 2132 1226 2220 porcionis,
1256 2152 1355 2216 quam
1386 2131 1424 2200 in
1541 2197 1542 2228 ,

294 2245 381 2308 terra
396 2238 482 2307 Bike
497 2240 628 2310 nomine
643 2244 685 2310 ab
701 2239 784 2310 Iuan
799 2248 833 2308 et
848 2239 1006 2310 Ladizlao
1021 2240 1101 2325 fllije
1118 2240 1285 2308 Abrabam
1300 2239 1426 2309 inoon·
1541 2245 1542 2328 j

294 2345 457 2432 oambinm
473 2347 666 2436 babuerunt,
697 2357 827 2435 aparte
843 2349 991 2420 orientali
1006 2350 1093 2417 ultra
1109 2368 1228 2434 aquam
1244 2349 1327 2416 Saar
1357 2349 1425 2416 exi·
1541 2343 1542 2422 s

294 2463 445 2536 stentem,
476 2474 549 2524 eum
565 2455 743 2525 medietate
759 2476 845 2542 aque
860 2459 943 2526 Saar
969 2465 1003 2525 et
1032 2455 1108 2544 alijs
1142 2456 1331 2526 utilitatibus
1362 2475 1424 2524 seu

294 2563 507 2652 pertiuenoijs
522 2563 591 2634 suis
608 2565 740 2632 Matheo
755 2563 822 2634 lilio
841 2564 934 2633 Sauli
951 2565 1129 2650 degenere
1153 2565 1257 2636 Bouto
1287 2565 1427 2650 Maynet
1541 2569 1542 2592 l

294 2693 355 2760 pro
371 2671 484 2740 deoem
499 2671 617 2740 mareis
634 2672 868 2760 vendidissent,
900 2681 933 2741 et
948 2665 1090 2760 preoium
1107 2673 1248 2742 totaliter
1279 2672 1424 2758 reeepis-

295 2786 379 2849 eent.
402 2779 474 2847 Hoo
489 2779 546 2846 tali
563 2786 677 2848 tenore
701 2779 845 2868 perieoto
876 2789 909 2850 et
939 2779 1070 2867 selonts,
1101 2789 1134 2851 et
1163 2781 1311 2869 partibus
1342 2781 1423 2849 dato
1541 2809 1542 2854 Τ

295 2887 439 2974 intellegi
455 2877 640 2973 diligenter,
658 2888 709 2956 ad
726 2887 787 2957 heo
801 2890 964 2976 prenotati
980 2887 1133 2957 Kiliuuus
1149 2894 1181 2956 et
1196 2889 1324 2974 Petrus,
1356 2889 1426 2956 ira·

296 3005 427 3082 tresque
442 2997 583 3082 ipsorum
600 2996 835 3085 responderunt
849 2998 911 3066 boe
926 2997 1022 3085 idem,
1040 2997 1249 3084 quodPetrus
1262 3019 1270 3080 ;
1284 2997 1426 3064 dicendo

296 3105 382 3173 bano
397 3105 622 3174 vendicionem
639 3125 674 3174 se
691 3105 836 3192 nesoire;
859 3105 1015 3193 prediotis
1029 3107 1106 3194 fitijs
1121 3108 1244 3176 Mathei
1260 3106 1319 3192 filij
1331 3103 1429 3172 Sauli
1541 3117 1542 3154 1

297 3213 445 3284 similiter
460 3215 675 3284 retinentibus
690 3214 774 3284 sieut
788 3215 849 3285 sui.
888 3215 1055 3302 Siquidem
1070 3215 1112 3284 ad
1144 3215 1264 3283 iustum
1289 3214 1431 3301 peticio-

298 3341 372 3389 sem
384 3321 552 3410 utriusque
562 3324 665 3411 partis
675 3329 708 3390 et
723 3323 1020 3412 prenominatorum
1035 3323 1228 3394 arbitrorum
1243 3322 1431 3409 predictum

298 3431 508 3516 priuilegium
524 3437 665 3500 nostrum
682 3431 716 3500 in
732 3451 861 3500 eamera
877 3432 1024 3500 [loelosie
1040 3439 1150 3500 nostre
1175 3433 1219 3499 ad
1243 3431 1431 3500 uberiorem

298 3539 476 3626 testimonij
508 3541 668 3609 oauteium
700 3539 837 3610 ieoimus
869 3539 999 3629 requiri,
1031 3549 1065 3608 et
1080 3539 1247 3608 inuentum
1273 3539 1433 3626 portibus

299 3647 442 3734 utrisque
458 3655 491 3717 et
505 3649 754 3717 arbitratoribue
772 3650 902 3737 publiee
919 3649 1099 3737 presentari
1115 3656 1148 3718 et
1163 3648 1293 3736 perlegi
1309 3648 1429 3716 dietin-

299 3764 350 3824 ote
365 3763 399 3824 et
413 3762 536 3844 aperte.
580 3757 615 3826 lu
632 3777 696 3841 quo
711 3758 839 3845 quidem
856 3759 1026 3846 priuilegio
1041 3757 1168 3844 liquido
1185 3764 1235 3826 eet
1247 3765 1434 3843 repertum,

300 3865 387 3950 quod
401 3863 555 3933 Kilianus
570 3873 603 3933 et
616 3867 759 3938 Jaoobus
774 3867 832 3953 filij
850 3865 986 3935 (lomitis
1002 3868 1065 3935 Sur
1080 3865 1289 3935 medietatem
1305 3866 1434 3952 peroio·

299 3973 350 4040 nis
366 3972 401 4040 in
416 3979 504 4042 terra
518 3971 615 4062 Bika,
645 3993 743 4060 quam
758 3994 780 4042 u
795 3975 872 4061 dlijs
887 3976 1052 4044 Abrabam
1077 3975 1259 4042 babuerunt
1288 3975 1324 4042 in
1357 3995 1436 4043 oon·

301 4081 473 4168 cambium,
504 4088 633 4170 aparte
650 4081 802 4152 orientali
834 4085 918 4152 ultra
950 4103 1072 4168 uquam
1104 4085 1189 4152 Saar
1220 4082 1435 4167 existentem,

301 4210 374 4259 oum
391 4191 565 4261 medietate
581 4211 666 4277 eque
681 4193 773 4281 Saar,
803 4199 835 4262 et
851 4193 928 4278 aliis
944 4193 1139 4263 utilitatibus
1156 4201 1188 4261 et
1204 4193 1355 4280 periinen
1368 4193 1436 4282 ijs,

301 4299 431 4368 Matheo
447 4299 515 4368 filiu
531 4299 622 4368 Sauli
639 4322 696 4389 pro
713 4302 823 4372 deoem
840 4304 957 4371 merois
974 4301 1209 4388 vendidissent,
1234 4308 1266 4370 et
1282 4300 1436 4388 precium

258 4481 262 4484 ,
302 4409 446 4476 totaliter
461 4409 669 4496 reeepiseent.
709 4409 890 4498 Suprudioti
907 4433 986 4481 vero
1001 4411 1157 4480 Kilienus
1173 4419 1205 4479 et
1221 4410 1324 4478 frater
1340 4428 1437 4498 suus,
1541 4407 1542 4454 i

303 4517 381 4584 item
397 4515 512 4585 Petrus
529 4525 560 4587 et
576 4517 693 4588 iratres
709 4520 759 4588 sui
775 4518 835 4608 filij
852 4519 969 4590 laoobi
985 4521 1175 4608 interrogati
1200 4541 1258 4608 per
1288 4520 1436 4594 arbitros
