3148 5146
796 319 956 416 A.

310 513 470 582 libertatis
486 511 615 580 titulum
635 511 727 596 digni
741 523 944 583 censeantur.
985 514 1124 582 Proinde
1140 515 1184 582 ad
1210 515 1446 615 ‚vulnerantem
1566 562 1567 565 =

311 619 468 690 noticiam
484 619 686 706 presencium
703 621 787 690 serie
803 622 951 690 volumus
966 620 1152 707 peruenire,
1169 622 1257 707 quod
1272 623 1447 693 Abraham

311 735 345 796 et
359 727 556 798 Benedictus
570 727 629 814 lilij
647 729 735 816 Isou,
767 729 980 813 venceslaus,
1013 728 1149 796 Bandur
1164 735 1197 796 et
1212 730 1371 799 Salomon
1387 730 1443 818 filij

311 835 475 923 Lebouon,
491 835 633 923 uncas
648 835 748 918 cheu,
764 835 937 924 Martinus,
969 835 1063 904 Botis
1078 843 1111 904 et
1127 837 1256 906 Iuanlsa
1272 838 1331 928 lilij
1350 838 1449 908 Geor·

313 943 359 1030 gij
370 942 568 1030 jobagiones
592 939 699 1012 Gastri
715 943 827 1012 Ferrei
843 941 885 1011 dc
900 943 983 1012 villa
997 941 1124 1012 Sbutcn
1140 963 1179 1014 eo
1195 931 1352 1032 tempore,
1386 966 1448 1031 quo

313 1057 389 1137 post
414 1049 585 1120 decessum
615 1050 776 1136 Stephani
806 1050 945 1118 illustris
977 1049 1076 1136 Regis
1106 1051 1276 1136 Hungarie
1306 1054 1449 1137 gloriose

313 1155 566 1241 recordacionis,
599 1159 702 1245 patris
718 1159 823 1228 nostri
839 1157 1021 1240 karissimi,
1052 1159 1230 1228 senissima
1260 1180 1386 1246 genera
1419 1169 1449 1230 ct

315 1269 434 1352 ingens
450 1267 612 1336 exercitus
628 1263 904 1335 Theutonieorum
919 1272 953 1334 et
967 1265 1183 1336 Bobernornrn
1213 1266 1364 1353 Regnum
1395 1288 1448 1336 no

313 1383 416 1442 strum
432 1372 621 1458 inuasisset,
645 1379 679 1442 et
710 1394 769 1444 nos
801 1372 845 1440 ad
875 1373 1091 1441 resistendum
1123 1373 1246 1441 eisdem
1278 1375 1446 1458 quandam

313 1487 458 1550 nostram
474 1481 632 1549 miliciam
647 1481 858 1567 misissemus,
891 1480 998 1548 eidem
1028 1481 1232 1564 adherentes,
1262 1483 1446 1550 Beronibus

313 1585 507 1672 quibusdam
524 1587 655 1674 nostris,
687 1587 741 1672 qui
757 1587 821 1673 ipsi
837 1585 962 1656 milicie
988 1586 1181 1674 intererant,
1213 1586 1385 1658 laudabile
1417 1596 1446 1657 et

314 1694 460 1782 speciale
476 1693 650 1764 seruicium
667 1693 903 1780 impenderunt,
936 1695 972 1762 in
1002 1715 1040 1762 eo
1071 1693 1234 1782 videlicet,
1264 1697 1353 1781 quod
1385 1717 1447 1766 non

315 1823 438 1891 paucos
456 1802 577 1870 milites
594 1801 824 1889 Tbeutonioos,
841 1822 906 1870 nou
921 1821 994 1869 cum
1011 1802 1208 1870 assistcncia
1223 1803 1374 1886 aliorum,
1391 1803 1446 1872 sed

316 1915 460 1999 ipsorum
476 1911 603 1978 viribus
619 1917 651 1977 et
667 1909 846 1976 virtutibus
863 1908 1071 1995 exigentibus
1088 1909 1183 1978 nobis
1211 1909 1246 1976 in
1272 1911 1451 1996 captiuis:

315 2027 381 2087 tem
397 2018 612 2085 adduxerunt.
635 2016 772 2084 Demum
787 2035 860 2084 oum
876 2017 919 2083 ad
936 2017 1192 2102 expugnandum
1223 2023 1255 2084 ct
1287 2020 1447 2107 recipien-

316 2126 394 2194 dum
410 2133 555 2192 castrum
569 2131 716 2192 nostrum
732 2123 914 2210 lauriense,
940 2126 1027 2209 quod
1041 2145 1102 2212 per
1119 2124 1249 2194 eosdem
1273 2127 1450 2196 Thcutoni·

317 2255 373 2302 cos
391 2241 522 2318 captum
539 2231 701 2314 extiterat,
718 2237 831 2298 contra
847 2251 927 2315 quos
943 2231 1088 2298 Barones
1101 2237 1239 2318 nostros,
1255 2234 1452 2318 Magistrum

318 2341 516 2424 Gregorium
533 2337 690 2405 Comitem
706 2337 811 2406 (lustri
828 2339 949 2418 Ferrci,
980 2339 1174 2423 Magistrum
1188 2340 1374 2408 dohannem
1391 2343 1454 2410 Oo-

317 2449 430 2516 mitem
445 2445 702 2532 Suprnniensem
719 2445 819 2512 lilium
835 2446 1035 2530 Micbkbani,
1053 2465 1094 2512 ac
1108 2445 1272 2515 Dedalum
1288 2450 1454 2518 Comitem

316 2555 557 2639 Zaladiensem‚
575 2551 713 2620 dilectos
730 2559 763 2619 et
792 2551 907 2622 fideles
938 2561 1068 2622 nostros
1100 2553 1323 2642 misissemus,
1348 2557 1455 2643 ijdem

311 2663 510 2754 jobagiones
527 2660 633 2728 castri
649 2659 770 2746 Ferrei,
790 2680 927 2745 quorum
951 2660 1087 2728 nomina
1106 2663 1255 2748 superius
1287 2671 1366 2732 sunt
1398 2683 1460 2732 ex·

317 2791 441 2858 pressa,
471 2770 533 2838 sub
550 2766 662 2834 codem
678 2773 786 2834 castro
802 2766 969 2834 lauriensi
986 2768 1109 2837 eisdem
1125 2769 1312 2837 Beronibus
1327 2772 1459 2838 nostris

316 2877 521 2949 cernentibus
537 2881 669 2944 strenue
686 2880 717 2942 et
733 2873 945 2942 laudabiliter
961 2875 1169 2962 dimicarunt,
1186 2881 1284 2962 prout
1294 2898 1359 2964 ‚per
1367 2879 1462 2946 litte·
1567 2871 1568 2940 l

318 3009 372 3056 ras
388 2983 536 3069 Magistri
553 2981 702 3066 Gregorij
721 2980 856 3050 comitis
873 2979 978 3050 Castri
992 2981 1113 3070 Ferrei,
1130 2982 1293 3052 ,Iohannis
1302 2984 1464 3070 Magistri
1567 2971 1568 3024 ἶ

317 3093 455 3162 Comitis
472 3088 715 3175 Suprunicnsis,
732 3087 874 3156 fidelium
890 3092 1055 3157 Beronum
1072 3099 1254 3158 nostrorum
1270 3091 1369 3159 nobis
1379 3113 1464 3161 oon-
1567 3125 1568 3128 ¹

317 3197 593 3270 sentennaco.
617 3195 810 3282 Nosigitur,
843 3197 900 3280 qur
915 3216 957 3263 ex
973 3197 1079 3266 orooro
1110 3199 1251 3285 anceps
1281 3201 1469 3284 regiminis
1567 3185 1568 3212 ¹

318 3307 425 3380 metiri
440 3305 595 3374 debemus
610 3303 730 3372 merita
745 3303 957 3390 singulorum,
988 3304 1135 3373 volentes
1152 3305 1278 3373 eisdem
1298 3305 1469 3395 jobagio-
1567 3381 1568 3392 ¹

319 3419 414 3484 nibus
430 3413 535 3481 (lustri
551 3411 652 3479 nostri
667 3411 824 3480 antedicti
840 3413 973 3480 cuilibet
988 3413 1133 3497 ipsorum
1157 3413 1362 3500 insolidum
1402 3439 1470 3504 pro

319 3521 476 3609 impensis
491 3517 643 3603 seruicijs
658 3517 762 3602 Regio
777 3538 945 3588 occurrere
961 3519 1075 3588 fauore
1091 3546 1098 3588 :
1115 3519 1149 3586 in
1181 3519 1327 3587 futurum
1364 3523 1475 3610 ipsos

317 3641 351 3699 ct
367 3635 515 3718 posteros
531 3623 707 3693 eorundem
724 3645 796 3692 cum
811 3628 963 3695 omnibus
980 3625 1077 3694 terris
1093 3627 1163 3696 suis
1189 3647 1211 3694 a
1235 3627 1477 3712 Jobaglonatu

320 3737 429 3808 castri
445 3741 477 3802 et
495 3729 731 3818 jurisdiccione
762 3733 892 3817 penitus
925 3733 1106 3822 eximendo,
1138 3735 1183 3802 ad
1215 3754 1402 3806 numerum
1440 3749 1480 3810 et
1567 3745 1568 3748 ’

321 3855 427 3917 cetum
444 3839 659 3911 seruienoium
674 3845 858 3910 nostrorum
881 3844 1057 3928 Regalinm
1087 3843 1270 3912 liberaliter
1301 3844 1482 3919 duximus
1567 3921 1568 3936 ,

317 3947 567 4024 transferendos.
606 3949 658 4014 Ita
675 3947 839 4038 videlieet,
870 3952 957 4035 quod
972 3958 1040 4020 tam
1066 3951 1140 4039 ipsi,
1172 3971 1271 4038 quam
1301 3952 1484 4037 ipsorum
1567 4021 1568 4024 ,

318 4063 466 4144 heredes,
496 4055 718 4141 heredumque
750 4077 879 4128 snorum
896 4079 1102 4129 successores
1119 4079 1160 4128 ca
1175 4060 1348 4144 gaudeant
1368 4065 1488 4138 liber·
1567 4143 1568 4154 ¹

318 4179 395 4256 tntc,
413 4190 479 4256 qua
494 4165 594 4234 ceteri
610 4167 793 4233 seruientcs
808 4169 910 4234 nostri
927 4169 1067 4253 chales
1084 4169 1291 4254 gratulantur
1307 4175 1345 4237 et
1377 4181 1490 4249 exul·
1567 4227 1568 4230 =

318 4285 398 4346 tant.
428 4275 466 4340 In
484 4273 577 4341 cuius
593 4271 640 4338 rei
655 4272 842 4339 memoriam
871 4274 1124 4358 firmitatemque
1157 4283 1357 4362 perpetuam
1400 4305 1491 4372 pre.

317 4393 429 4455 sentm
454 4381 581 4448 cisddm
612 4382 831 4448 concessimus
856 4381 979 4450 litteras
1018 4382 1181 4469 dupplicir
1211 4383 1315 4466 sigilli
1361 4399 1492 4464 nostri

318 4489 494 4560 munimine
509 4489 690 4554 roboratas.
716 4489 835 4574 Datum
866 4508 923 4575 per
953 4510 1070 4558 manus
1096 4486 1246 4575 Magistri
1277 4491 1494 4577 Benedigfi

317 4597 508 4667 Orodiensis
533 4591 683 4659 Ecclesic
717 4595 876 4680 Propositi
908 4597 991 4687 dulc
1033 4603 1140 4667 nostre
1172 4596 1496 4705 Visstcffissellarij
