3096 5160
853 953 931 1021 407.
1052 945 1058 956 “

329 1153 420 1218 Mdtd
456 1153 628 1219 adclamauit
666 1150 764 1219 Kalad
784 1151 850 1236 fiai
881 1153 973 1218 allani
1001 1153 1184 1220 tattettaoets
1218 1152 1327 1217 Oebna
1358 1173 1454 1219 aarum

702 1263 833 1328 rasuera.
858 1263 959 1327 1290.
974 1260 1078 1328 bend.

437 1457 506 1524 Nos
523 1456 564 1522 bt.
584 1455 753 1523 Palatinus
767 1453 882 1524 Comes
897 1453 1111 1541 Symigionsis
1137 1459 1170 1520 et
1198 1455 1309 1522 Judex
1341 1455 1451 1524 Guma-

329 1583 441 1630 norum
457 1563 572 1630 damus
586 1583 643 1649 pro
661 1563 826 1648 memoria,
843 1561 929 1646 quod
946 1581 1090 1648 oausam,
1107 1581 1206 1646 quam
1215 1563 1335 1630 Comes
1346 1564 1451 1631 Oebuz

330 1671 415 1736 filius
454 1669 574 1758 Buzad‚
613 1690 674 1757 pro
710 1691 773 1755 quo
803 1669 963 1738 Beroldus
995 1671 1141 1737 seruiens
1172 1689 1251 1738 suus
1282 1671 1450 1738 terminum

330 1778 514 1864 assumpsit,
531 1785 642 1848 eontra
656 1775 814 1846 Comitem
840 1779 948 1846 Kaled
972 1778 1073 1846 fitium
1105 1777 1210 1845 Keled
1241 1779 1452 1863 personaliter

331 1890 490 1952 astantem
508 1885 651 1954 babebat
665 1887 699 1954 in
714 1886 886 1971 quindenis
902 1886 1013 1954 Sancti
1030 1885 1162 1970 Georgij
1182 1905 1288 1953 eoram
1308 1886 1451 1954 nobisda

329 1992 474 2076 partium
491 1993 657 2060 uoluntate
672 1994 716 2061 ad
732 1991 916 2076 quindenas
931 1991 1123 2065 Natiuitatis
1133 1991 1294 2060 Johanuis
1306 1993 1451 2078 Baptiste

329 2097 479 2166 duximus
494 2101 733 2184 prorogandam
751 2099 793 2166 ad
810 2100 1059 2186 peremptoriam
1076 2098 1324 2185 responsionem
1334 2098 1449 2166 sacien-

329 2204 406 2270 dam
422 2210 509 2272 statu
525 2207 624 2292 priori
640 2215 858 2293 permanente,
892 2205 1042 2274 timedio
1058 2211 1211 2292 tempore,
1242 2203 1398 2273 videlieet
1419 2206 1449 2271 in

331 2313 458 2379 ootauis
474 2312 615 2380 eiusdem
633 2313 820 2382 sestiuitatis
845 2313 1006 2381 Jobaunis
1034 2312 1182 2400 Baptista
1213 2333 1325 2380 eoram
1350 2312 1450 2379 Bruui-

330 2417 406 2486 feris
423 2419 464 2486 da
480 2420 574 2487 Noua
590 2419 689 2488 Curia
705 2441 762 2506 per
778 2421 946 2488 arbitrium
963 2419 1060 2488 Gotal
1077 2421 1137 2507 filij
1152 2419 1249 2506 Patri,
1282 2419 1447 2502 &meneij

330 2524 387 2607 filij
414 2525 505 2613 Vros,
538 2527 673 2597 Comitis
702 2529 851 2596 Mareelli
882 2530 941 2614 filij
974 2529 1078 2597 Jokos
1107 2550 1167 2616 pro
1198 2535 1291 2614 parte
1323 2526 1449 2595 Comitis

330 2631 456 2716 Oohuz;
478 2632 555 2702 item
571 2636 723 2703 Bernaba
738 2636 797 2720 filij
816 2635 952 2722 Vrbani,
985 2637 1070 2704 Besa
1086 2641 1118 2702 et
1132 2635 1195 2701 Iilu
1211 2634 1270 2724 filij
1287 2634 1449 2720 Buguzlay

329 2761 388 2824 pro
403 2752 496 2826 parte
519 2741 658 2810 aduersa
673 2743 758 2813 inter
773 2763 809 2814 se
832 2763 896 2810 non
927 2748 1079 2830 poterunt
1109 2742 1317 2822 conuordare,
1346 2743 1395 2808 nel
1422 2740 1447 2805 si

330 2855 491 2936 poterunt,
521 2851 753 2936 eomparobunt
768 2850 811 2916 ad
828 2871 942 2936 paoem
959 2847 1170 2918 recitandam.
1208 2848 1251 2916 Bt
1282 2847 1312 2916 si
1343 2865 1447 2914 omues

330 2958 540 3024 arbitraturus
556 2959 717 3026 interesse
732 2979 796 3026 non
813 2965 956 3044 possent,
988 2957 1051 3026 duo
1068 2964 1101 3024 et
1118 2955 1182 3022 duo
1198 2955 1363 3025 suffitiant
1390 2973 1445 3039 pro

330 3071 422 3149 parte
438 3070 574 3150 utraque
590 3066 632 3132 ad
649 3066 815 3134 arbitrium
833 3065 1034 3150 satiandum
1063 3083 1140 3150 pars
1156 3083 1234 3130 uero
1250 3063 1394 3131 resiliens
1408 3059 1447 3126 de

329 3173 465 3239 arbitrio
481 3172 623 3239 uirorum
641 3173 858 3260 prediotorum
874 3173 995 3241 iudieio
1011 3171 1123 3240 dasem
1140 3189 1325 3238 marearum
1348 3167 1446 3238 subin

330 3279 426 3365 oebit,
443 3287 538 3363 prout
553 3286 664 3365 partes
680 3301 717 3348 se
734 3280 777 3348 ad
801 3277 836 3346 id
862 3288 1043 3368 spontanea
1072 3279 1259 3364 obligarunt
1290 3279 1448 3346 uoluntate

330 3405 437 3452 eoram
454 3387 567 3471 nobis;
591 3388 707 3454 seriem
723 3393 831 3456 autam
848 3386 925 3454 faeti
941 3395 1053 3474 partas
1079 3386 1114 3453 in
1144 3385 1264 3452 litteris
1298 3382 1448 3470 predicto·

329 3510 399 3558 rum
416 3490 655 3560 Oruoiserornm
670 3493 765 3562 nobis
782 3496 1002 3578 reportabunt.
1026 3495 1147 3560 Datum
1163 3489 1255 3559 Bude
1270 3492 1382 3576 quinta
1396 3488 1448 3554 die

330 3600 460 3666 termini
476 3597 665 3685 supradieti.

437 3708 488 3773 Kt
499 3729 520 3774 v
530 3709 573 3775 ur
591 3731 599 3773 :
623 3709 685 3778 Pro
703 3705 828 3776 comite
845 3707 954 3776 Oobuu
969 3715 1083 3776 eontra
1099 3705 1201 3775 Keled
1217 3703 1260 3774 ad
1275 3702 1449 3790 quindenas

329 3815 522 3884 Natiuitatis
538 3815 699 3884 Jobannis
716 3815 874 3902 Baptiste.

330 4013 469 4073 (Bradatia
487 4009 678 4080 bdrhar'tyan,
710 4015 829 4080 melyrb'l
849 4029 866 4065 a
885 4013 965 4064 batn
985 4013 1171 4077 odsnyomott
1188 4012 1286 4078 paeset
1303 4011 1448 4070 elveszett;

544 4103 622 4156 malt.
642 4103 742 4170 Bzalay
760 4089 888 4170 dgoston
905 4103 939 4154 dr
958 4103 1234 4170 gyttjtsmenyabsn.)
