3148 5146
696 313 739 380 99

143 533 215 600 que
230 518 384 600 pretextu
415 528 602 594 guerrarum
634 506 821 575 huiusmodi
842 511 980 588 meopte,
997 503 1089 570 reddi
1105 513 1138 572 et
1153 502 1282 570 restitui

113 667 119 678 ·
149 622 303 698 debeant,
321 623 354 685 et
370 616 514 703 dampna
530 615 608 681 data
627 613 847 700 indempniter
862 610 1047 681 restaurari.
1063 610 1156 679 lieet
1171 611 1282 696 itaque

151 730 268 798 comes
316 723 519 792 Laurenoius
549 721 636 790 filius
667 721 802 808 Kemen,
834 719 974 788 dileotus
1006 726 1038 786 et
1061 719 1167 786 fidelis
1198 719 1285 785 Baro

143 843 271 918 nostm,
287 832 343 918 qni
356 831 558 918 temporibus
590 827 854 916 predeuessorum
885 833 1078 914 nostrorum,
1096 826 1151 894 aui
1181 825 1287 894 nostri

150 941 307 1010 uidelioet
339 946 372 1006 et
386 939 491 1026 patris
522 937 651 1025 piarum
683 934 944 1004 reeordauionum
976 937 1099 1020 Regum
1116 933 1285 1018 Hungarie

152 1049 340 1133 illustrium,
365 1044 586 1115 Palatinatnm
602 1052 635 1113 et
650 1046 792 1112 maiores
824 1043 929 1128 Regni
960 1043 1098 1111 bonores
1131 1039 1283 1110 laudabi-

151 1157 228 1225 liter
258 1155 409 1242 obtinuit,
440 1173 551 1222 eorum
584 1153 751 1238 obsequijs
766 1158 801 1219 ut
816 1150 964 1238 fideliter,
991 1151 1039 1218 sio
1055 1157 1087 1218 et
1102 1149 1284 1218 immutabi-

150 1266 225 1332 liter
240 1265 276 1331 in
292 1262 458 1350 prosperis
474 1263 599 1348 pariter
613 1267 645 1329 et
660 1260 809 1329 aduersis
826 1258 1014 1340 insistendo,
1032 1257 1120 1344 apud
1129 1257 1284 1326 Nostram

151 1371 371 1458 Maiestatem,
402 1389 475 1438 oum
508 1389 573 1438 non
606 1389 736 1438 eramus
754 1386 863 1454 oapax
882 1365 1011 1452 eousilij
1032 1371 1162 1452 propter
1177 1371 1285 1433 nostre

144 1479 253 1548 etatis
267 1477 496 1565 inperfectum,
511 1497 572 1564 per
588 1497 666 1545 anos
682 1477 831 1544 inimicos
850 1479 1032 1562 superatus,
1050 1493 1090 1542 ea
1115 1475 1186 1542 uioe
1202 1493 1238 1542 se
1254 1485 1288 1543 et

152 1586 242 1654 lilios
276 1603 354 1654 snos
388 1593 522 1655 ooaotus
553 1584 597 1652 ad
612 1595 739 1672 partem
769 1583 982 1654 transtulerat
1009 1583 1155 1669 predicte
1170 1583 1287 1652 matris

154 1699 278 1778 nostre,
296 1699 328 1759 et
338 1693 380 1760 ob
398 1692 461 1761 boo
475 1693 638 1780 possessio
655 1693 759 1779 ipsius
775 1691 883 1778 Vybel
898 1697 1017 1760 uooata
1033 1691 1176 1758 existens
1190 1690 1285 1759 iuxta

151 1799 242 1883 ‘wig
257 1799 291 1866 in
309 1799 471 1868 comitatu
502 1799 746 1868 'Prinuhiniansi
764 1798 807 1867 ad
822 1785 1064 1883 suggestionem
1080 1797 1286 1881 quorundam

153 1927 212 1995 per
227 1927 289 1976 nos
305 1914 446 1994 reoepta,
463 1906 580 1976 luisset
611 1907 809 1976 blonasterio
841 1905 934 1975 Beati
965 1904 1095 1972 Martini
1112 1905 1154 1973 de
1185 1903 1287 1972 Sauro

148 2015 267 2082 llonts
298 2013 468 2082 Pannonia
493 2015 666 2100 assignata
681 2021 793 2084 nostro
810 2012 983 2099 priuilegio
999 2012 1182 2100 mediante;
1205 2013 1285 2098 qnia

151 2130 266 2190 umen
280 2121 325 2190 ad
341 2121 607 2190 reformationem
624 2121 727 2209 ipsius
760 2121 933 2190 oonuordie
963 2121 1180 2209 comperimus
1209 2139 1286 2189 eun-

151 2229 228 2298 dern
270 2229 428 2298 Comitem
477 2229 681 2298 Lauenoiurn
711 2247 769 2316 pre
800 2225 949 2298 omnibns
988 2227 1064 2314 alijs
1100 2227 1282 2296 Batonibus

152 2341 230 2403 tune
244 2334 352 2404 eidem
370 2335 466 2403 matri
497 2342 608 2404 nostre
637 2335 871 2404 adherentibus
902 2333 1079 2405 eldeaoiter
1101 2337 1283 2424 laborasse,

146 2440 379 2511 oommendate
419 2442 590 2528 probitatis
620 2462 679 2512 sua
709 2442 808 2510 fidam
838 2442 936 2511 fidem
975 2441 1186 2532 deelarando,
1218 2462 1279 2512 nos

152 2549 247 2636 paois
263 2557 295 2616 et
311 2549 482 2617 eonoordis
506 2550 677 2638 zelatores,
697 2569 770 2617 oum
787 2558 919 2637 propter
943 2549 1124 2620 huiuamodi
1156 2549 1286 2618 uirtutis

151 2674 212 2725 sne
244 2661 340 2724 aetus
370 2663 552 2743 strennuos,
581 2663 650 2724 tum
683 2657 786 2725 oolam
818 2659 896 2743 quia
911 2665 1055 2728 nostrum
1073 2666 1107 2725 et
1123 2657 1285 2726 Baronum

152 2773 338 2833 nostrornm
355 2762 569 2832 iuramentum
587 2764 732 2851 prediete
765 2766 858 2852 paois
889 2764 1116 2833 reformaeioni
1148 2763 1288 2851 interpo-

144 2871 251 2940 situm
283 2872 499 2940 infallibiliter
525 2872 697 2941 attendere
712 2873 863 2942 uolumus
879 2880 911 2941 et
927 2892 1060 2940 seruare
1075 2893 1157 2959 puro
1174 2871 1281 2958 oorde,

145 2999 194 3047 ao
209 2997 271 3067 per
285 2986 414 3048 nostros
446 2979 554 3046 fauere
584 2981 761 3048 obseruare
777 3005 786 3047 ε
803 2979 869 3047 iam
893 2977 1012 3046 dietum
1044 2979 1288 3065 possessionem

153 3086 262 3172 Vybel
293 3105 366 3154 oum
382 3085 453 3155 suis
470 3087 668 3156 utilitatibus
685 3087 834 3156 omnibus
850 3093 882 3156 et
898 3087 1108 3174 pertinenoiJs
1124 3086 1285 3156 uniuersis

146 3193 264 3262 eidem
280 3193 398 3262 Gumiti
427 3195 617 3280 Laurentio,
633 3202 666 3261 et
681 3214 739 3281 per
758 3216 829 3263 eum
862 3195 939 3280 filijs
970 3197 1049 3282 suis,
1081 3195 1284 3278 liliorumque

152 3320 287 3368 snorum
319 3300 354 3366 in
370 3308 536 3386 posterum
565 3301 806 3371 suecessoribus
821 3300 1022 3371 reddidimus
1039 3309 1071 3369 et
1087 3289 1285 3370 restituimus

147 3427 195 3474 eo
209 3409 282 3475 iura
297 3412 331 3476 at
360 3407 574 3496 plenitudine,
601 3410 634 3476 in
666 3409 783 3494 quibus
814 3407 903 3496 prius
934 3428 1006 3477 eam
1038 3410 1101 3477 rite
1131 3409 1292 3478 nossoitur

153 3513 362 3600 possedisse5
387 3515 597 3601 priuilegium
629 3523 772 3586 nostrum
807 3516 871 3602 ipsi
886 3515 1081 3584 blonasterio
1097 3517 1192 3584 Beati
1206 3517 1292 3586 Mar·

153 3621 216 3688 tini
231 3641 332 3707 super
350 3621 413 3690 boe
444 3622 600 3692 traditum
616 3629 648 3691 et
679 3642 878 3709 conoessum,
910 3629 1078 3691 cassantes
1094 3631 1126 3691 et
1157 3625 1287 3710 penitus

151 3727 325 3796 irritantes
354 3729 544 3798 auotmitate
574 3732 779 3817 presencium
804 3749 1011 3818 reuoeamns;
1035 3732 1082 3798 ita
1097 3739 1133 3798 ut
1148 3731 1285 3800 ubieun-

152 3854 220 3918 que
235 3837 273 3902 in
289 3833 411 3904 iuditio
426 3837 482 3906 uel
498 3843 593 3906 extra
609 3838 707 3908 luerit
721 3845 953 3928 presentatum,
969 3837 1092 3908 viribus
1115 3846 1235 3927 eareat,
1254 3850 1287 3908 et

152 3943 280 4010 nullius
293 3943 339 4009 sit
356 3941 487 4030 penitus
508 3945 679 4014 firmitatis.
697 3947 739 4014 Vt
754 3947 854 4030 igitur
869 3947 1054 4017 huiusmodi
1068 3945 1289 4016 restituoionis

140 4050 263 4118 :series
279 4051 376 4118 robur
391 4060 547 4140 perpetue
561 4052 725 4122 firmitatis
741 4054 897 4144 obtineat,
929 4058 1097 4142 presentes
1129 4053 1289 4124 eoncessi-

149 4179 229 4227 mus
262 4157 393 4227 litteras
427 4157 591 4246 dupplieia
622 4161 727 4248 sigilli
759 4161 862 4230 nostri
901 4162 1079 4231 munimine
1108 4163 1289 4230 roboratas.

148 4266 279 4334 Datum
297 4285 358 4352 per
387 4287 506 4336 manus
537 4269 686 4354 Magistri
716 4267 887 4340 Benedicti
920 4268 1083 4338 Budensis
1116 4270 1289 4370 Propositi,

140 4376 234 4444 aule
264 4378 376 4442 nostre
406 4373 487 4442 Viae
519 4375 724 4463 canoeltarij,
756 4375 866 4445 dileoti
897 4383 929 4445 et
944 4375 1050 4445 fidelis
1081 4377 1183 4445 nostri
1200 4397 1287 4449 anno

146 4481 293 4550 Domini
323 4479 497 4551 millesimo
528 4483 580 4551 00
588 4483 707 4551 ⁰⁰LXX
738 4491 865 4571 quarto,
897 4483 1023 4553 decimo
1054 4483 1216 4553 kalendas
1231 4484 1292 4553 Fa·

139 4588 297 4676 bmarij,
325 4585 514 4659 lndiouione
538 4592 693 4680 secunda,
709 4591 814 4678 Regni
830 4600 940 4662 autam
956 4593 1062 4662 nostri
1077 4613 1164 4663 anno
1179 4613 1292 4664 seeun-

1145 4705 1185 4774 7*
