3148 5164
119 1273 163 1341 A
178 1270 305 1358 apteras·
321 1269 545 1355 kdptoiuuaok
561 1269 711 1352 bizouyoe
727 1267 799 1334 Aba
815 1288 913 1333 eomes
939 1269 970 1333 es
1000 1268 1064 1332 Res
1093 1240 1261 1334 Abrohom

189 1377 261 1444 lebet
278 1379 396 1442 tbrtdut
411 1375 612 1442 birtokeeere‘t
629 1375 787 1460 tdrqyozb
802 1373 1076 1462 bizonpsa'pleeeie.
1099 1371 1195 1442 1297.

240 1675 409 1744 Uniuersis
425 1673 547 1742 Christi
563 1673 713 1742 fidelibus
729 1680 915 1758 presentem
930 1676 1085 1760 paginam
1096 1675 1259 1758 inspectu-

124 1785 175 1852 ris
192 1783 382 1871 Capitulum
399 1780 545 1849 Ebelesie
560 1781 735 1848 Nitriensis
750 1781 888 1847 salutem
904 1780 939 1847 in
955 1801 994 1848 eo
1010 1781 1065 1866 qui
1091 1788 1142 1847 est
1167 1781 1258 1848 salus

125 1892 282 1960 omnium.
322 1885 374 1954 Ad
390 1889 614 1956 uniuersorum
630 1887 784 1955 noticiam
799 1895 910 1956 tenore
935 1888 1140 1974 presencium
1170 1889 1260 1954 uolu-

126 2020 201 2066 mus
218 2017 292 2066 esse
307 1997 515 2064 manifestum
532 2021 540 2063 ε
556 1996 643 2080 qnod
659 1997 775 2064 Comes
791 1994 864 2060 Aba
890 1995 974 2064 filius
1005 1993 1153 2078 Magistri
1185 1997 1258 2061 Aba

121 2108 171 2172 ab
185 2095 257 2170 nna
271 2111 375 2192 parte,
391 2103 550 2187 Magister
565 2102 732 2169 Abrabam
750 2101 839 2168 ruins
850 2100 1088 2168 filiusMenoldi
1100 2103 1140 2168 ab
1152 2101 1259 2169 altera

125 2231 244 2278 eoram
261 2211 356 2278 nobis
386 2207 598 2295 personaliter
628 2207 802 2293 constituti,
835 2207 868 2272 in
900 2206 967 2276 suis
999 2207 1259 2294 possessionibus

128 2318 215 2383 inter
230 2337 268 2384 se
283 2317 435 2383 dixerunt
452 2317 521 2382 tale
538 2315 760 2383 concambium
776 2313 947 2382 ordinasse
963 2323 996 2380 et
1012 2314 1147 2400 seeisse;
1173 2314 1259 2399 qnod

119 2422 234 2488 dietus
251 2423 366 2490 Comes
381 2421 456 2488 Aba
471 2427 571 2487 totam
588 2421 823 2506 possessionem
839 2439 930 2488 suam
947 2420 1146 2506 Zobodyoba
1160 2439 1259 2488 uooa·

127 2539 196 2595 tam
212 2547 285 2594 eum
301 2534 407 2594 oestro
423 2527 556 2613 lapideo
570 2527 715 2594 Berenoh
732 2533 926 2612 nuncupato,
960 2535 992 2593 et
1015 2527 1091 2611 alijs
1116 2527 1260 2594 utilitati-

126 2637 190 2702 bns
206 2641 240 2703 et
255 2632 462 2718 pertinenoijs
479 2633 640 2700 uniuersis
656 2632 800 2700 eiusdem
816 2633 1044 2718 possessionis,
1076 2653 1173 2716 quam
1189 2635 1257 2717 qui·

127 2743 202 2809 dem
219 2738 456 2826 possessionem
472 2737 691 2806 mediantibus
715 2739 833 2808 litteris
864 2723 1123 2824 priuilegialibns
1153 2739 1257 2804 inoliti

128 2848 208 2914 Bele
223 2843 322 2928 Regis
340 2843 474 2929 panifiee
504 2843 610 2910 tenuit
641 2849 674 2910 et
704 2843 860 2930 possedit,
891 2842 980 2909 dedit
1011 2847 1043 2908 et
1073 2844 1257 2926 assignabit

127 2954 237 3022 eidem
252 2937 593 3037 Magistro‘Abraham
609 2951 681 3020 rufo
698 2953 766 3019 tilio
782 2949 937 3038 Menoldi,
968 2959 1001 3020 et
1018 2951 1085 3018 suis
1109 2949 1186 3037 filijs
1218 2974 1256 3019 ae

115 3061 373 3147 ,posteritatibus
391 3059 584 3127 suoeessiuis
610 3059 876 3128 inrenooabiliter
907 3058 1149 3146 possidendam,
1182 3077 1255 3124 eum

124 3168 297 3254 priuilegio
313 3167 392 3234 Bele
406 3167 515 3253 Regis,
531 3165 619 3252 quod
635 3164 741 3234 eidem
756 3165 899 3235 restituit
916 3186 1024 3234 eoram
1035 3167 1137 3234 nobis.
1154 3165 1254 3233 Ouios

126 3284 221 3341 tenor
236 3272 314 3339 talis
335 3277 404 3339 est:
1290 3311 1291 3314 ,

235 3379 315 3446 Bela
330 3379 370 3443 D.
388 3395 436 3461 gr.
452 3377 624 3462 Hungarie
640 3378 702 3445 stb.
719 3379 790 3446 Rex
806 3379 866 3445 stb.
886 3377 1158 3464 (kdvetkezile.
1173 3379 1255 3444 Boia

113 3484 304 3571 *kirtlynak
322 3483 458 3554 lnoltri
475 3485 651 3570 okmbnya,
667 3485 748 3552 mint
763 3483 1038 3572 Oknndnytbrunk
1062 3485 1120 3554 XI.
1137 3489 1253 3570 vagyis

123 3616 147 3660 a
162 3583 339 3659 harmodik
355 3589 477 3676 folyam
494 3592 519 3657 1.
531 3575 715 3658 'kbtetbben
731 3593 807 3660 375.
823 3589 858 3676 Ι.)

234 3697 434 3765 Eoonuerso
450 3717 528 3763 uero
544 3697 580 3762 in
605 3698 826 3766 oonearnbinm
859 3697 944 3763 diets
974 3698 1190 3783 possessionis
1221 3706 1255 3763 et

123 3804 226 3872 castri
243 3802 351 3870 dietus
376 3801 532 3888 Magister
563 3803 730 3871 Abraham
761 3803 980 3890 possessiones
1011 3824 1098 3889 suas,
1130 3804 1254 3872 soiiioet

121 3910 301 3996 Keieohon,
319 3909 417 3996 Saag,
444 3908 590 3997 Boyneh,
623 3909 742 3996 (iuthy,
776 3917 910 3994 excepto
940 3931 1004 3977 uno
1034 3912 1133 3978 fundo
1165 3914 1254 3978 ourie

120 4017 212 4085 eirea
227 4019 355 4084 vineam
371 4037 474 4095 suam,
493 4023 526 4084 et
541 4023 651 4103 preter
667 4015 805 4084 eandem
821 4017 962 4102 vineam,
978 4037 1017 4085 ao
1031 4017 1148 4102 viginti
1160 4020 1251 4105 juge-

116 4124 212 4190 ribus
238 4131 322 4191 terre
352 4125 502 4210 superius
534 4124 664 4191 vineam
695 4123 928 4208 existentibus3
953 4133 1102 4208 preterea
1132 4132 1251 4192 terram

120 4226 298 4312 Golgoneh
314 4229 419 4296 Casiri
437 4249 477 4296 ex
503 4229 568 4297 ista
598 4236 690 4315 parte
721 4231 837 4314 Waag,
868 4236 1005 4316 excepta
1035 4237 1068 4296 et
1100 4241 1252 4323 exempta

118 4341 211 4402 terra
226 4353 288 4401 sua
303 4334 390 4403 ultra
406 4335 512 4422 Waag
527 4336 675 4406 similiter
691 4336 860 4423 Golgoneh
876 4344 1040 4424 uocatam,
1070 4349 1103 4406 et
1128 4339 1252 4422 absquo

118 4441 254 4528 tributo,
286 4441 447 4508 ubi‘idem
464 4441 579 4511 Comes
612 4443 685 4512 Aba
715 4464 773 4530 per
805 4451 923 4512 terram
955 4463 1047 4512 suam
1081 4445 1251 4529 Golgouob

106 4548 365 4616 transeuntibus
382 4559 413 4618 et
430 4550 634 4619 uenientibus
659 4573 718 4639 per
749 4553 845 4638 viam,
878 4571 940 4636 que
970 4551 1064 4618 uadit
1095 4552 1136 4620 de
1167 4553 1251 4620 Ruso

1079 4658 1143 4726 39*
