3148 5146
651 369 811 470 '‘r-rs-

164 570 509 653 Chepannmvuacum
541 564 617 649 alijs
648 563 769 632 nostris
801 561 952 630 fidelibus
982 563 1025 630 ad
1057 563 1303 648 profligendam

162 675 351 744 huiusmodi
382 681 525 740 nostram
559 678 591 740 et
607 673 773 739 hominum
805 679 988 740 nostrorum
1013 671 1164 738 iniuriam
1182 679 1308 739 coutra-

163 785 299 850 Stiriam
317 781 530 867 misissemus,
545 779 616 865 ipse
643 779 817 864 Ghepanus
849 779 909 845 sub
941 786 1049 846 castro
1080 779 1219 846 Frustim
1237 801 1294 866 per

164 891 327 974 quendam
353 891 460 955 locum
476 886 633 954 munitum
650 885 739 970 prior
754 889 831 952 ante
847 885 931 951 alios
949 887 982 952 in
998 885 1171 952 aduersam
1188 888 1292 954 eciem

162 997 341 1081 ingressus,
375 994 542 1077 quendam
575 991 824 1060 ministerialem
867 992 967 1060 Stiria
1008 1000 1124 1058 lancea
1163 993 1298 1077 propria

165 1103 303 1170 viriliter
333 1101 451 1169 deiecit
467 1107 500 1168 et
520 1099 647 1180 occidit,
680 1105 777 1186 prout
808 1097 870 1165 hoc
886 1117 946 1183 per
977 1096 1122 1185 prelatos
1152 1098 1303 1166 Barouss-

164 1215 295 1275 nostros
310 1207 391 1294 ipsis
408 1208 449 1272 ab
465 1203 655 1274 hostilitatis
687 1205 931 1291 inpugnacione
962 1205 1173 1272 redeuntibus
1203 1204 1299 1272 nobis

165 1315 275 1382 extitit
306 1315 486 1382 recitatum.
518 1315 609 1380 Licet
641 1312 752 1392 itaque
785 1312 857 1396 ipse
888 1309 1062 1398 Obepauus
1092 1319 1225 1398 propter
1251 1317 1297 1378 tot

113 1477 121 1486 .
164 1430 339 1506 tantosque
355 1420 523 1488 fidelitatis
541 1438 599 1486 sue
615 1423 708 1483 actus
725 1423 875 1484 strennos
891 1436 912 1483 a
927 1417 1178 1504 Magnificencie
1192 1419 1297 1502 Regia

165 1548 315 1615 supmmo
347 1525 438 1614 (igy)
471 1525 588 1592 suisset
618 1525 737 1591 bonore
769 1522 1002 1608 sublimandus,
1035 1531 1094 1591 aut
1111 1525 1235 1609 ingenti
1251 1545 1299 1590 re-

165 1635 398 1702 munerarioue
420 1632 660 1716 consonandum
686 1649 746 1698 nos
762 1636 871 1697 tamen
890 1633 923 1698 in
944 1631 1120 1714 aliqualem
1152 1632 1299 1700 satisfac·

164 1744 292 1809 cionem
324 1739 627 1808 commendabilium
660 1738 887 1821 obsequiorum
917 1757 1045 1804 suorum
1080 1745 1113 1802 et
1129 1740 1296 1805 effusionis

171 1848 344 1932 sauguinis
361 1848 423 1933 sui,
455 1867 526 1914 cum
558 1847 640 1914 satis
671 1845 834 1929 ampliora
865 1853 1049 1930 mereretur,
1066 1846 1107 1911 de
1138 1847 1300 1924 Beronum

168 1964 352 2023 nostrorum
385 1955 532 2040 oonsilio,
563 1955 777 2020 conuiuencia
794 1962 825 2019 et
842 1972 1003 2020 consensu
1023 1951 1170 2020 dedimus
1187 1953 1299 2020 sibiet

169 2062 370 2144 contulimus,
385 2083 461 2147 ymo
476 2061 676 2129 restituimus
696 2067 849 2143 tanquam
864 2059 921 2141 jus
938 2079 1032 2128 suum
1057 2058 1299 2146 hereditarium,

167 2169 288 2237 Villam
303 2169 416 2237 Sancti
431 2169 576 2237 Micaslis
587 2171 621 2234 in
637 2167 713 2234 finio
730 2165 816 2254 (tgy>
827 2166 935 2234 Oastri
952 2166 1063 2234 Ferrei
1080 2153 1300 2254 constitutam,

169 2298 243 2344 cum
273 2277 414 2362 quadam
445 2295 549 2362 parua
581 2273 663 2342 villa
694 2273 737 2342 ad
767 2274 857 2340 iilam
887 2275 1079 2360 pertinente,
1097 2273 1138 2340 ab
1169 2274 1314 2359 antiquo·

169 2383 291 2452 lnceed
324 2388 450 2468 vocata,
467 2387 499 2450 et
514 2383 662 2450 omnibus
678 2381 886 2468 utilitatibus,
902 2381 1116 2468 pertinencijs
1132 2385 1165 2448 et
1180 2400 1302 2466 appen-

170 2491 267 2576 dicijs
284 2491 363 2576 suis,
380 2498 487 2558 castro
504 2489 641 2576 scilicet,
658 2489 765 2577 terris,
797 2489 1019 2577 prouentibus,
1052 2487 1169 2576 vineis,
1198 2488 1304 2575 siluis,

169 2599 337 2682 fenilibus,
372 2599 479 2686 aquis,
505 2605 538 2666 et
553 2598 640 2684 alijs,
674 2617 756 2680 quas
787 2598 903 2664 habuit
933 2599 984 2664 vel
1016 2597 1115 2664 habet
1145 2595 1303 2664 uniuersis

170 2706 432 2774 irreuocabiliter
446 2713 604 2792 perpetuo
620 2704 759 2790 pacifice
777 2705 1019 2790 possidendam,
1034 2705 1204 2790 presertim
1231 2725 1303 2772 cum
1428 2711 1430 2714 ’

172 2813 357 2881 eonstiterit
387 2811 481 2880 nobis
512 2834 570 2899 per
600 2813 759 2898 Prelatos,
790 2813 933 2880 Barones
965 2819 997 2878 et
1028 2812 1149 2878 multos
1174 2811 1300 2877 nobiles

174 2918 279 3003 Regni
295 2919 408 3005 nostri,
425 2923 630 3005 prenotatam
650 2913 888 3003 possessionem
905 2917 1006 2985 fuisse
1037 2915 1302 3001 predecessorum
1419 2967 1422 2974 .

174 3026 254 3093 dicti
286 3025 432 3111 Ghepani
455 3023 699 3112 hereditariam,
716 3031 749 3094 et
764 3026 806 3092 ab
825 3024 872 3092 eis
889 3043 961 3092 esse
975 3029 1143 3110 receptam
1158 3029 1305 3108 tempore

173 3132 314 3220 predicti
328 3131 408 3198 Belc
423 3131 523 3217 Regis
539 3132 593 3199 aui
609 3133 711 3199 nostri
727 3131 768 3200 de
783 3132 881 3219 facto,
909 3152 973 3200 non
992 3129 1033 3198 dc
1057 3131 1147 3218 iure;
1170 3137 1304 3217 propter

174 3239 262 3325 quod
295 3259 358 3305 non
389 3223 646 3323 suffragantibus
672 3240 725 3305 vel
742 3238 990 3324 precedentibus
1008 3238 1077 3308 eius
1093 3239 1227 3325 meritis,
1245 3237 1303 3304 sed

174 3349 245 3416 sola
264 3345 345 3412 iuris
366 3345 509 3430 equitate
534 3345 596 3412 sibi
629 3345 834 3412 restituenda
863 3343 969 3411 iuerat
985 3350 1018 3410 et
1050 3343 1226 3411 reddenda.
1244 3345 1307 3411 Vo-

175 3457 282 3521 leutes
298 3451 470 3541 siquidem,
489 3459 522 3519 et
537 3453 642 3539 Regia
659 3451 850 3520 auctoritate
865 3451 1099 3518 immutabiliter
1114 3457 1311 3541 statuentes,

175 3567 294 3628 uttam
310 3562 382 3646 ipse
408 3558 595 3644 Obapanus,
626 3581 722 3644 quam
756 3559 826 3626 eius
857 3575 1061 3626 successores
1093 3567 1303 3628 memoratam

176 3666 418 3754 possessionem
435 3673 536 3736 totam
553 3667 587 3735 in
604 3667 700 3735 metis
717 3667 861 3750 antiquis
887 3673 919 3734 et
950 3665 1067 3752 primis
1098 3665 1306 3735 terminorum

177 3775 449 3843 distincciouibus
490 3784 644 3861 tauquam
680 3797 773 3844 suam
805 3776 1038 3843 hereditariam
1069 3781 1101 3842 et
1145 3773 1305 3846 effusione

176 3884 272 3949 multi
311 3882 482 3967 sauguinis
522 3904 562 3950 ac
593 3883 846 3952 commendabili
876 3883 996 3951 virtute
1027 3883 1134 3950 denuo
1166 3884 1312 3968 acquisi-

177 3997 246 4056 tam
287 3989 544 4088 irreuoeabiliter
582 3999 737 4079 perpetuo
778 3991 945 4075 possidere
985 3991 1118 4058 valeant
1164 3988 1207 4058 ad
1253 3991 1308 4058 ha-

174 4095 264 4165 bere.
303 4095 346 4160 vt
361 4095 460 4180 igitur
474 4097 659 4167 huiusmodi
674 4103 783 4166 nostre
806 4097 997 4167 collaoicnis
1014 4118 1073 4166 seu
1089 4097 1307 4166 restitucionis

176 4206 283 4272 series
310 4203 404 4271 robur
429 4197 587 4291 perpetue
618 4205 778 4273 firmitatis
803 4205 959 4293 optineat,
983 4211 1152 4290 presentes
1179 4225 1315 4272 conces·

176 4311 280 4378 simus
306 4310 432 4378 litteras
457 4311 619 4400 dupplieis
650 4314 751 4398 sigilli
782 4313 886 4382 nostri
917 4312 1095 4380 munimine
1126 4313 1306 4382 roboratas.

174 4418 298 4485 Datum
315 4437 374 4502 per
399 4438 514 4488 manus
546 4421 719 4490 Benedicti
750 4420 937 4490 Orodiensis
968 4418 1115 4487 Ecclesia
1146 4418 1311 4504 Propositi

175 4526 263 4592 Aule
282 4529 393 4592 nostre
409 4525 684 4613 ViceOancollarij
703 4528 812 4595 dilecti
829 4535 862 4595 et
877 4527 982 4596 fidelis
997 4527 1101 4595 nostri
1127 4546 1211 4593 anno
1242 4526 1307 4592 Do·

175 4629 257 4696 mini
273 4627 447 4700 millesimo
465 4632 645 4701 OC⁰LXX⁰
661 4635 772 4722 tercio,
803 4634 943 4704 seeundo
969 4655 1072 4706 nonas
1097 4634 1174 4719 Julij
1207 4631 1315 4700 iudic-
