3068 5150
495 253 686 382 Au.-

44 473 127 544 dieto
140 474 208 544 iilio
224 473 359 544 Comitis
374 474 529 544 iwaneha
545 495 587 544 ex
603 477 712 546 altera
726 497 837 546 eorem
863 479 958 548 nobie
989 483 1169 568 personali·

46 590 89 650 ter
104 583 307 666 constitutis;
330 581 417 652 idem
442 583 603 669 Magister
633 584 787 671 Mathyas
818 585 987 656 confessus
1011 596 1061 658 est
1090 591 1169 658 vino

47 710 130 775 roes,
146 690 307 774 quasdam
322 689 545 776 possessiones
560 711 648 779 suas,
667 690 793 776 Golgos
817 690 946 760 scilieet
977 700 1009 762 et
1039 693 1168 762 Pethua

46 804 185 884 vocatas,
203 802 238 868 iu
254 795 417 867 comitatu
433 795 476 866 de
492 799 623 884 Posaga
639 798 814 866 existentes
831 799 894 884 ipsi
920 799 1038 868 comiti
1064 800 1167 870 Beue-

46 905 126 972 dioto
142 913 174 970 et
184 905 253 972 suis
268 904 441 974 heredibus
458 903 622 973 mediante
636 906 811 993 priuilegio
827 905 967 993 Capituli
978 907 1072 974 Beati
1080 907 1169 974 Petri

47 1015 83 1082 de
96 1013 229 1100 Posaga
244 1033 304 1101 pro
320 1013 561 1100 quatringentis
586 1013 703 1082 marcis
736 1014 865 1101 argenti
895 1023 928 1084 et
959 1013 1167 1082 denariorum

46 1121 183 1205 plenarie
207 1129 410 1207 receptorum
440 1119 630 1189 vendidisse
663 1141 704 1189 ex
734 1123 915 1208 voluntate,
946 1121 1170 1209 permissione,

48 1229 245 1318 beneplacito
263 1249 302 1298 ue
318 1249 479 1298 consensu
494 1229 599 1318 ipsius
615 1229 744 1298 Retoldi
762 1230 872 1300 iratris
888 1230 940 1298 sui
965 1229 1034 1298 iure
1058 1249 1169 1316 porpe-

46 1345 92 1406 tuo
105 1337 241 1424 pacifice
258 1345 291 1404 et
305 1337 561 1406 irreuocabiliter
575 1337 805 1424 possidendas,
823 1337 908 1425 quod
927 1337 1093 1424 ecquidem
1104 1337 1167 1430 pri-

47 1445 193 1530 uilegium
212 1443 358 1530 Capituli
373 1445 442 1512 sois
458 1445 609 1513 manibus
626 1455 735 1514 nostro
752 1444 939 1532 conspectui
956 1443 1165 1531 presentauit,

47 1557 216 1637 petensque
230 1558 266 1619 vt
282 1557 426 1618 tenorem
442 1553 514 1619 eius
539 1559 673 1639 propter
704 1551 837 1620 maioris
868 1553 915 1621 rei
945 1551 1168 1618 testimonium

47 1655 134 1746 (tgy),
151 1665 184 1724 et
199 1657 243 1725 ed
261 1658 443 1726 uberiorem
460 1659 622 1727 cautelam
638 1679 699 1744 pro
715 1658 781 1726 iam
798 1658 882 1726 dicto
914 1656 1039 1726 Gemite
1066 1657 1167 1722 Bene-

48 1766 122 1836 dieto
138 1767 259 1835 uostris
275 1765 396 1833 litteris
413 1765 599 1855 priuilegijs
625 1767 726 1834 inseri
757 1765 798 1833 de
828 1765 926 1832 uerbo
958 1763 1000 1830 ad
1031 1765 1164 1832 uerbum

48 1875 224 1944 taceremus
248 1872 348 1940 (iuius
365 1880 458 1940 tenor
473 1873 554 1940 tuiis
570 1879 637 1941 est:

118 1969 121 1974 ¹
144 1979 331 2066 Capitulum
347 1979 495 2048 Ecclesie
512 1980 605 2048 Beati
619 1979 706 2048 Petri
722 1979 764 2046 de
779 1978 909 2064 Posaga
925 1979 1076 2046 omnibus
1102 1979 1155 2044 stb

49 2086 251 2176 (uoreucaik
266 2109 289 2156 a
303 2087 455 2172 ponsegai
471 2087 701 2174 kupatannak
719 2088 855 2156 lieu-ki
866 2083 1158 2176 bizouystglerele,

50 2197 118 2264 mint
131 2197 263 2265 ientcbb
278 2195 354 2268 311.
370 2215 415 2263 sn.
431 2193 478 2283 a.)
1151 2195 1155 2204 ’

144 2304 265 2370 Verum
283 2303 360 2386 quia
375 2321 435 2370 nos
450 2301 676 2370 vendicionem
694 2309 726 2370 et
742 2301 944 2388 empoionem
976 2309 1042 2368 tam
1075 2303 1166 2368 iuxta

51 2418 181 2479 tenorem
197 2409 339 2495 predicti
355 2409 522 2494 priuilegij
542 2409 663 2477 foetam
679 2407 891 2494 comperimus
908 2409 1036 2492 iustam,
1070 2427 1166 2492 quam

52 2518 142 2586 eciam
157 2538 218 2604 per
232 2537 269 2586 os
285 2515 390 2603 ipsius
407 2515 559 2603 Magistri
590 2517 723 2602 Mathye
754 2514 935 2583 confessam
967 2521 1000 2581 et
1029 2503 1166 2582 teletam

53 2625 252 2710 cognocimus
268 2609 465 2707 congruum
483 2633 627 2692 tenorem
643 2623 748 2711 ipsius
764 2621 930 2708 priuilegij
949 2619 1066 2688 nostris
1081 2621 1165 2688 litte·

53 2730 90 2798 n's
104 2729 303 2815 presentibus
318 2729 360 2797 de
376 2731 474 2798 verbo
485 2730 530 2797 ad
541 2730 672 2798 verbum
682 2731 872 2815 inserentes,
889 2748 949 2814 pro
960 2729 1031 2815 ipso
1042 2727 1165 2794 Gemite

54 2837 215 2906 Benedioto
232 2837 267 2904 in
283 2838 428 2921 predicte
445 2839 492 2906 rei
508 2837 728 2906 testimonium
744 2844 856 2906 nostro
873 2835 980 2920 sigillo
1013 2833 1163 2900 duximus

55 2945 268 3014 roborandum.
302 2946 423 3014 Datum
451 2965 538 3014 anuo
568 2945 739 3014 Dominice
769 2942 1014 3014 Inournaeionis
1044 2939 1164 3008 ΜΟΟΟ0

55 3051 258 3138 oemegesimo
275 3053 427 3122 secundo.

57 3247 182 3307 (ltedetie
199 3251 382 3318 borhirtytm
413 3251 540 3315 spoestt
558 3252 712 3315 elvesaett;
743 3265 760 3300 a
790 3247 900 3302 fome'lt.
917 3249 1037 3311 herozeg
1054 3245 1165 3298 Eszter-

395 3341 468 3404 hdzy
486 3341 582 3392 esaldd
600 3341 811 3402 levdltdretban.)
