3168 5150
818 315 979 421 ..A

338 515 390 587 Ad
406 519 626 588 vninc'rsornm
650 514 806 586 noticiam
833 518 948 586 harum
981 515 1066 586 serio
1098 513 1247 585 volamus
1279 517 1467 608 peruenire,

338 623 424 712 quod
439 626 594 695 Nicolans
609 625 693 694 filios
709 625 819 694 Emrih
835 624 879 694 ad
896 632 1038 694 nostram
1053 626 1214 694 accedens
1245 627 1469 715 presenciam,

339 735 486 802 exhibuit
501 734 596 804 nobis
612 733 821 822 priuilegium
836 733 1002 803 karissimi
1017 734 1119 821 patris
1135 734 1237 804 nostri
1252 735 1375 804 domini
1386 737 1467 806 Belc

338 841 443 911 incliti
458 843 558 930 Regis
574 841 742 928 Hungario
757 841 861 910 felicis
877 840 1127 930 recordacionis,
1145 848 1260 929 petens
1285 841 1465 928 humiliter,

337 956 373 1018 ut
386 951 492 1037 ipsum
509 951 714 1040 priuilegium
730 957 839 1019 nostro
856 949 1066 1036 dignaremur
1081 949 1252 1038 priuilegio
1262 951 1466 1020 confirmare.
1576 1019 1577 1046 ,

339 1059 438 1128 (iuius
454 1065 547 1129 tenor
562 1060 591 1128 is
607 1068 673 1128 est:

445 1168 527 1235 Bela
543 1168 604 1236 Dei
631 1167 744 1254 gracia
769 1167 937 1251 chgario
963 1168 1024 1235 stb.
1053 1167 1124 1235 Rex
1155 1167 1217 1235 stb.
1250 1163 1469 1258 (koratkerik
1576 1249 1577 1256 ἵ

337 1275 394 1343 IV.
425 1276 506 1344 Bora
537 1275 715 1364 kirtlynak
742 1273 1174 1363 1259·kiad0manylcve1e,
1190 1277 1272 1344 mint
1297 1273 1469 1363 Okmiany·
1576 1261 1577 1312 3

338 1383 459 1451 tarunk
469 1384 540 1452 VII.
557 1385 673 1470 vagyis
688 1404 709 1450 a
725 1381 876 1452 misodik
890 1382 1014 1470 iolyam
1031 1383 1074 1450 11.
1091 1379 1266 1452 koteteben
1283 1385 1360 1452 504.
1377 1383 1418 1473 l.)
1576 1385 1577 1474 ᾖ

446 1492 514 1559 Nos
528 1491 627 1578 igitur
642 1489 686 1558 ad
702 1489 897 1558 instanciam
914 1496 946 1557 et
970 1489 1164 1576 peticionem
1189 1490 1293 1577 ipsios
1325 1489 1471 1580 Nicoiay
1576 1511 1577 1576 ξ

340 1597 501 1687 inclinati,
517 1597 727 1668 donacionem
744 1597 963 1683 predictarum
980 1605 1136 1666 terrarum
1153 1618 1212 1686 per
1228 1599 1337 1684 ipsum
1360 1599 1468 1670 karls·

338 1705 452 1776 simum
470 1713 594 1792 patrom
610 1712 753 1774 nostrum
770 1704 832 1794 ipsi
847 1703 985 1773 Nicolao
1001 1705 1068 1772 iam
1084 1703 1207 1773 dudum
1222 1705 1346 1773 factam
1361 1713 1469 1776 ratam

338 1817 505 1908 habentes,
522 1817 714 1888 auctoritate
728 1816 931 1904 presencium
948 1816 1173 1886 confirmamus
1189 1816 1330 1904 duplicis
1356 1817 1464 1902 sigilli
1576 1807 1577 1886 ᾗ

338 1925 439 1994 nostri
455 1925 632 1995 munimine
647 1923 838 1994 roborando.
855 1925 974 1994 Datum
990 1945 1048 2010 per
1064 1944 1179 1993 manus
1196 1925 1345 2010 Magistri
1362 1924 1468 1991 Bene·
1576 1963 1577 1998 r

341 2033 419 2102 dicti
444 2033 603 2121 Propositi
621 2032 811 2103 Orodienris
826 2034 901 2102 aule
915 2040 1028 2101 nostre
1044 2033 1123 2100 Vico
1140 2033 1333 2122 Oanocllsrij
1352 2031 1470 2102 dilecti

340 2149 373 2211 et
388 2140 495 2211 fidelis
512 2141 622 2232 nostri,
649 2161 733 2212 anno
759 2141 891 2210 Domini
907 2141 1080 2210 millasimo
1097 2139 1318 2210 ducentesimo
1333 2145 1470 2226 septua-

338 2248 473 2336 gesimo,
489 2248 592 2336 Regni
607 2257 716 2322 autem
731 2252 832 2322 nostri
848 2271 935 2320 anno
951 2250 1068 2338 primo.
1576 2247 1577 2282 ³

342 2448 480 2511 (Eredatie
498 2449 678 2516 borhtrtyin,
711 2451 830 2517 melyrol
849 2467 866 2504 a
884 2449 1036 2517 kirtlynak
1054 2451 1145 2502 notros
1163 2448 1286 2518 pecsetje
1304 2449 1474 2518 &rga-aiom
1576 2447 1577 2500 l

448 2541 686 2607 sclycmrsinoron
704 2541 774 2610 segg
784 2557 792 2610 ;
811 2557 829 2594 a
846 2541 933 2595 budai
950 2542 1003 2595 kir.
1022 2540 1150 2594 haimai
1168 2540 1363 2606 levelttrbsn.)

763 2829 1023 2846 Μ

865 3366 918 3437 24.

345 3565 380 3632 V.
404 3568 708 3653 [resonatresonat
724 3568 912 3652 iteietlecelc,
927 3569 1073 3654 melylycl
1089 3592 1110 3632 a
1129 3563 1302 3654 Gholomja
1328 3575 1481 3640 comesse
1576 3611 1577 3624 κ

462 3675 534 3740 ieiizt
551 3671 804 3760 Saelicgfo'lde't
819 3679 973 3763 tdrqyaao
985 3685 1060 3763 pert
1076 3675 1215 3741 chutici.
1240 3675 1338 3742 1270.
1443 3759 1451 3770 1

369 3871 471 3935 (mozo
490 3869 666 3940 onmanyccr
678 3873 701 3924 1.
720 3873 779 3924 soc.
798 3875 893 3939 aa.1.;
911 3873 995 3926 nonar
1013 3871 1439 3942 sacnnoorynonemsnye.)
1576 3849 1577 3862 *
