3148 5164
647 337 807 436 339—-

145 533 298 620 diruerat,
331 532 489 615 legittime
520 531 672 615 debebat,
700 539 793 616 prout
809 531 842 596 in
859 531 937 615 alijs
957 531 1073 598 litteris
1090 532 1211 598 nostris
1227 531 1296 617 ple·

152 639 233 706 rrius
250 640 447 720 sentinetur,
464 637 528 704 sibi
543 638 766 726 persoluisset,
784 636 951 704 reddendo
968 656 1065 721 super
1081 637 1169 704 laeto
1196 638 1293 706 huius

155 746 234 830 equi
265 746 327 830 sui,
363 743 418 828 qui
443 745 514 830 ipse
530 743 688 827 Magister
704 742 884 811 Corrardus
900 763 959 827 pro
975 742 1088 810 eodem
1105 743 1241 810 Nicolao
1259 744 1295 810 in

153 871 199 918 ae
213 857 311 936 parte
328 851 487 917 existerat
504 847 590 936 (lgy)
608 849 788 935 fideiussor,
806 849 993 936 expeditum
1027 850 1153 934 ubique.
1185 850 1296 917 Niebi·

156 956 301 1024 lominus
326 956 549 1024 mediantibus
566 955 676 1040 probis
693 957 771 1023 viris
789 955 851 1022 fuit
867 955 1052 1024 ordinatum
1069 957 1154 1024 inter
1170 965 1295 1045 partes,

152 1065 247 1148 qnod
262 1064 351 1131 idem
368 1062 535 1131 Jobannes
554 1062 700 1132 Gallicus
733 1064 913 1149 predictum
945 1081 1063 1146 equum
1096 1084 1188 1132 suum
1220 1065 1295 1132 nbi·

155 1190 288 1254 eunqne
319 1171 492 1257 inuenerit,
523 1170 685 1238 retinendi
715 1171 852 1238 liberam
884 1172 1003 1238 babeat
1032 1171 1226 1239 laoultatem.
1245 1173 1294 1239 lit

156 1279 264 1346 eoiam
281 1279 447 1363 prediatus
462 1279 620 1346 Nioolaus
637 1279 671 1344 in
687 1278 773 1346 laeto
789 1278 1010 1347 fideiussionis
1026 1279 1168 1347 antefale
1184 1279 1290 1366 ipsum

156 1384 353 1468 Magistrum
385 1385 579 1454 Corrardum
601 1384 783 1471 dereliquit,
801 1394 834 1453 et
849 1405 908 1469 pro
924 1385 1036 1454 eodem
1052 1386 1191 1455 Nieolao
1206 1385 1294 1454 idem

156 1494 317 1579 Magister
333 1491 522 1582 Oorrardus,
540 1501 575 1560 ut
603 1493 814 1561 rexaoionem
845 1512 939 1560 suam
972 1492 1155 1579 redimeret,
1187 1495 1220 1560 in
1251 1514 1293 1562 ae

156 1609 254 1688 parte
286 1601 445 1687 pernotuit
476 1600 649 1686 peouniam
669 1598 865 1682 antelatam
891 1606 986 1684 prout
1001 1600 1035 1665 in
1053 1600 1294 1668 memorialibus

156 1709 280 1777 litteris
296 1709 415 1776 nostris
432 1707 638 1794 presentibus
656 1714 704 1775 est
721 1714 918 1774 contentum.
934 1709 1056 1775 Datum
1072 1710 1105 1775 in
1121 1707 1294 1791 quindenis

153 1817 273 1884 Saneti
306 1816 396 1882 Galli
411 1835 497 1883 anno
513 1813 644 1882 Domini
661 1814 833 1882 millesimo
851 1814 921 1881 000
937 1816 1149 1900 nonagesimo
1165 1815 1292 1899 quinto.

269 1923 403 1989 Klvlll
419 1948 425 1989 :
442 1924 505 1990 Pro
521 1923 681 2006 Magistro
713 1922 870 1988 Corrardo
902 1919 942 1987 de
974 1921 1062 1989 Ouar
1092 1932 1208 1990 eontra
1238 1923 1294 1990 Jo-

149 2030 303 2098 bannem
318 2027 480 2116 Latinum,
496 2035 529 2097 et
544 2035 659 2095 eontra
675 2027 846 2095 Nicolaum
862 2027 904 2094 de
921 2028 1106 2116 Dabalgay.

150 2226 303 2288 (Er-edetis
336 2227 522 2298 berhdrtptn,
555 2241 573 2278 a
609 2225 754 2292 zdrpeeset
782 2201 935 2290 elveszett3
963 2240 980 2279 a
1010 2226 1086 2279 mele.
1105 2225 1174 2278 beirb
1193 2227 1295 2294 Reuss

558 2315 653 2366 eaaldd
672 2313 886 2378 lerdltdrtban.)

593 2598 861 2609 ..a—-a-n

690 3127 769 3199 466.

150 3324 191 3392 Α
212 3327 353 3394 vasodri
386 3323 613 3409 keptalaonel
644 3325 922 3413 bizouyrclplevele,
960 3329 1044 3415 bopy
1077 3325 1157 3392 δόντ’
1189 3326 1291 3392 llere

153 3431 371 3500 Hsaoroade‘
401 3431 597 3500 birtokdaalt
629 3431 867 3500 lamberte
905 3433 1017 3499 eladta
1055 3432 1219 3500 Demoleos
1257 3433 1292 3497 6⁸

482 3541 575 3622 Imus,
599 3539 685 3606 Imre
702 3539 846 3622 fiaiuak.
870 3539 968 3606 1295.

268 3734 338 3799 Nos
369 3733 410 3798 N.
440 3734 629 3818 Propositus
659 3742 691 3800 et
722 3733 908 3819 Capitulum
938 3735 1032 3801 Beati
1063 3734 1232 3802 bliobaelir
1248 3733 1290 3800 de

148 3839 411 3909 emanuelem
427 3839 633 3926 presentibus
650 3840 766 3909 litteris
784 3841 900 3908 damus
916 3861 974 3926 pro
1007 3841 1169 3926 memoria,
1199 3841 1288 3926 quod

147 3947 255 4014 lrrk
281 3946 367 4013 lilius
382 3946 554 4032 Laureneij
572 3946 614 4014 de
631 3947 693 4014 Sar
708 3968 817 4015 eoram
833 3947 926 4015 uobis
942 3947 1139 4016 constitutus
1154 3949 1290 4015 tereiam

155 4058 284 4140 parta·
301 4053 518 4137 possessionis
532 4072 590 4120 sue
607 4053 786 4121 Munurosd
801 4061 915 4121 uooate
942 4052 1089 4121 uendidit
1120 4056 1292 4124 Dominioo

153 4167 192 4227 et
206 4158 357 4227 Emerioo
387 4158 464 4245 filijs
495 4160 635 4229 Emerioi
667 4180 726 4246 pro
742 4161 859 4245 uiginti
875 4163 1004 4245 mareis,
1020 4180 1102 4246 quas
1118 4181 1153 4229 se
1169 4163 1290 4233 babere

149 4273 208 4336 est
221 4266 405 4353 professuss
421 4267 491 4337 iure
507 4277 673 4356 perpetuo,
699 4269 834 4354 paoiliee
852 4275 883 4336 et
915 4269 1025 4354 quiete
1056 4269 1289 4355 possidendam

152 4373 313 4444 heredum
344 4393 403 4460 per
433 4374 579 4444 heredes.
610 4375 670 4444 Oui
701 4376 831 4460 quidem
862 4377 1047 4446 uendioioni
1078 4376 1228 4444 Andreas
1255 4385 1292 4445 et

152 4480 333 4550 hebreus
349 4481 406 4566 lilij
424 4481 554 4552 Andree
571 4503 762 4550 eonsensum
779 4485 975 4570 prebuerunt
992 4491 1025 4551 et
1042 4501 1220 4552 assensum.
1247 4485 1290 4554 lit

144 4587 397 4672 quamprimum
430 4595 598 4676 presentes
640 4592 734 4660 nobis
778 4597 938 4676 reportate
979 4589 1108 4676 fuerint,
1144 4573 1303 4660 nostrum*

1120 4697 1183 4766 el‘
