3148 5146
653 1004 704 1071 tl.

106 1206 140 1270 A
157 1208 292 1273 uosodrs'
306 1205 470 1288 triptotam
479 1203 634 1288 jeleottee
657 1200 818 1267 it-Istudn
834 1201 1008 1288 kirdlyiuoz,
1040 1203 1123 1289 kopp
1137 1199 1241 1267 Suari

102 1313 175 1378 Pa'l
190 1333 287 1378 consu
303 1307 371 1375 tuot
386 1307 523 1374 hirtokot
539 1305 747 1373 eroszutosas
761 1306 918 1395 elfoqlolt,
936 1307 1092 1394 melpokre
1106 1307 1240 1373 Borne-

219 1417 278 1482 otto
295 1436 392 1492 comtes
408 1411 590 1499 Geroptneic
602 1413 653 1496 fia
663 1413 776 1499 iqtnyt
790 1422 865 1478 tort.
891 1414 1123 1482 1270-1272.

217 1608 507 1676 Excellentissimo
524 1605 656 1675 domino
672 1624 730 1674 suo
746 1606 792 1674 St.
806 1606 870 1674 Dei
884 1607 998 1694 grecia
1014 1606 1138 1676 illustri
1156 1609 1240 1695 Regi

104 1715 282 1800 Hungerie
298 1714 485 1800 Capitulum
501 1713 647 1782 Ecclesie
663 1711 775 1780 Sancti
790 1711 959 1781 Michaelis
974 1713 1016 1782 de
1033 1712 1147 1782 (instro
1163 1716 1240 1782 Fer-

106 1843 165 1890 reo
180 1821 431 1890 inelinacionem
447 1829 481 1890 et
497 1822 666 1888 oraciones
698 1819 733 1886 in
764 1820 834 1887 Deo
863 1819 992 1888 debitus
1025 1840 1065 1888 oo
1095 1820 1241 1890 deuotus

104 1928 302 1997 serenitatis
316 1928 432 1996 Vestro
446 1927 573 1995 litteras
589 1926 683 1995 nobis
699 1924 901 2014 destinastis,
912 1926 947 1992 in
963 1926 1081 2010 quibus
1097 1926 1241 1999 uidimus

105 2035 281 2119 contineri,
311 2033 398 2118 quod
415 2033 529 2112 Comes
546 2033 714 2102 Barnabas
731 2031 815 2101 iilius
832 2031 960 2120 osrsge
976 2051 1039 2126 suo
1053 2034 1146 2104 uobis
1162 2056 1237 2106 con·

104 2142 280 2227 questione
296 2142 561 2227 demonstrasset,
578 2147 613 2207 vt
628 2137 743 2206 (iomes
758 2139 881 2208 Paulus
899 2139 981 2209 tilius
998 2138 1084 2218 Scch
1100 2141 1140 2209 dc
1150 2141 1238 2212 Sesr

102 2249 147 2315 de
165 2247 432 2335 possessionibus
448 2248 518 2315 suis
533 2247 568 2312 in
584 2243 808 2315 concambium
824 2266 882 2331 por
897 2246 1035 2316 eundem
1063 2249 1235 2319 medianti-

105 2359 169 2424 bus
187 2357 310 2424 nostris
326 2354 442 2422 litteris
457 2354 521 2422 sibi
536 2353 631 2439 datis,
641 2352 819 2438 Bonchis,
837 2353 1029 2440 anepfolu,
1064 2357 1239 2442 (iykynus,

99 2463 233 2532 Pinche
249 2461 557 2530 etPozubsnoeetis
568 2459 743 2528 excludens
755 2461 942 2548 expulisset,
960 2473 991 2530 et
1001 2464 1237 2532 usumfructum

99 2570 251 2654 ipsarum
268 2568 509 2655 posscssionum
526 2565 691 2635 antedicto
707 2572 851 2652 tempore
866 2568 938 2654 ipse
970 2569 1092 2639 Paulus
1122 2571 1239 2638 (lomes

97 2673 291 2760 perciperet
307 2673 536 2760 potencialiter
543 2673 585 2744 in
601 2672 703 2758 ipsius
718 2670 949 2758 preiudicium;
974 2694 1073 2760 super
1089 2697 1151 2760 quo
1168 2696 1240 2760 pre-

96 2781 282 2870 cipiebntis
299 2780 404 2867 nobis,
436 2787 472 2845 ut
487 2800 586 2846 unum
612 2798 653 2846 ex
684 2777 777 2844 nobis
809 2778 913 2846 uirum
944 2781 1107 2868 ydoneum
1138 2789 1239 2866 atquo

97 2892 229 2957 iustum
245 2907 318 2956 oum
334 2885 436 2954 Paulo
452 2893 571 2969 nepote
588 2883 741 2952 Kethune
756 2883 885 2952 homine
901 2891 1009 2954 uestro
1019 2886 1239 2954 adsciondem

97 3005 136 3066 et
153 2992 387 3079 inquirendam
403 2993 507 3080 ipsius
524 2993 573 3059 rei
588 2991 756 3061 ueritatem
774 2995 989 3061 mitteremus.
1030 2991 1146 3060 Verum
1162 3012 1238 3061 cum
1280 3081 1284 3090 ‚

95 3103 236 3172 Uestris
252 3101 416 3188 preceptis
434 3108 465 3167 et
481 3097 645 3167 mundetis
662 3097 794 3166 obedire
809 3098 993 3188 debeamus,
1027 3107 1062 3168 ut
1077 3109 1236 3188 tenemur,

93 3230 207 3276 unum
225 3228 265 3274 ex
284 3207 379 3275 nobis
394 3205 437 3274 de
462 3205 644 3275 senioribus
676 3206 817 3292 Capituli
847 3207 958 3294 nostri,
988 3207 1093 3276 virum
1125 3209 1238 3290 utique

92 3317 238 3403 iustum,
272 3335 345 3382 cum
377 3313 463 3381 dicto
480 3313 610 3382 homine
626 3319 735 3380 uestro
751 3315 990 3383 transmisimus
1007 3316 1052 3382 ad
1067 3314 1170 3402 ipsius
1186 3315 1235 3384 rei

89 3423 279 3491 ueritatem
295 3421 531 3507 requirendum.
566 3419 629 3500 Qui
644 3420 773 3490 domum
790 3420 833 3488 ed
847 3441 906 3490 nos
922 3423 1056 3508 reuersi,
1087 3422 1238 3508 requisiti

87 3528 294 3615 recitarunt,
313 3528 400 3613 qnod
416 3530 506 3616 ipsas
536 3530 760 3615 possessiones
792 3530 951 3601 uidissent
982 3535 1042 3601 sub
1074 3535 1237 3618 potestate

86 3637 184 3704 dicti
202 3636 338 3704 Comitis
353 3634 451 3702 Pauli
466 3635 693 3704 uniuersaliter
708 3639 914 3720 constitutus,
947 3644 979 3704 et
1009 3639 1181 3707 sciuissent
1212 3660 1235 3706 a

81 3743 226 3810 uicinis
256 3749 290 3809 et
321 3743 551 3810 commetancis
584 3744 820 3830 possessionem
851 3745 1037 3832 earundem,
1072 3745 1234 3830 prefatum

79 3850 262 3919 Comitem
279 3849 465 3917 Bernebem
483 3849 524 3918 de
540 3849 637 3918 dietis
652 3851 912 3937 possessionibus
929 3851 1050 3919 dudum
1067 3849 1232 3938 potencie·

75 3961 169 4026 liter
190 3956 365 4025 exclusum
382 3963 414 4023 et
429 3957 600 4043 expulsum
616 3975 674 4042 per
700 3957 847 4026 eundem.
886 3959 1007 4027 Datum
1039 3957 1072 4024 in
1103 3957 1233 4025 octenis

72 4063 217 4134 Sancti
232 4063 335 4148 Regis
351 4063 518 4149 Stephani.

66 4263 112 4326 (Δ
128 4260 233 4329 tybri
246 4259 443 4325 ktptslsnnsk
464 4263 577 4314 mor-ki
601 4261 763 4325 ttirsttbol‚
783 4262 856 4314 mint
874 4261 968 4327 alico,
987 4277 1004 4314 e
1021 4262 1108 4314 budsi
1125 4259 1234 4325 kirtlyi

493 4351 622 4404 kumsrsi
641 4350 838 4414 lsvtlttrbsn.)
