3148 5146
161 1189 198 1254 V.
223 1187 338 1256 lstodc
353 1189 460 1274 lrirdly
475 1190 664 1274 respersisse·
689 1210 771 1255 uzon
794 1190 982 1272 acrescat,
1011 1191 1161 1278 melylyel
1185 1189 1292 1258 Hercu

155 1296 248 1360 barri
261 1295 387 1380 polqdr
402 1317 424 1359 a
440 1293 567 1360 Garum
574 1293 698 1381 folyda
713 1297 781 1362 leod
795 1296 930 1362 malmdt
946 1319 968 1361 a
983 1319 1024 1362 aa.
1050 1295 1200 1363 bcocdelrc'
1224 1319 1290 1364 ruo·

514 1403 690 1466 noetornale
705 1399 823 1468 eladio.
845 1403 941 1469 1272.

266 1593 532 1682 llosStephanns
548 1593 609 1662 Dei
619 1591 735 1680 'gracia
750 1595 919 1682 Hungarie
943 1597 1122 1684 Dalmacie,
1141 1595 1290 1684 Groacie,

156 1703 271 1785 Rame,
301 1701 424 1789 Seruis,
457 1701 607 1786 Gallicis,
637 1699 838 1784 Lodomerie‚
870 1703 1029 1771 Cumanis
1067 1704 1290 1792 Bulgariequc

145 1811 227 1876 Rex
242 1809 390 1876 omnibus
421 1815 489 1875 tarn
504 1808 710 1895 presentibus
726 1829 824 1894 quam
840 1809 957 1877 tuturis
972 1817 1142 1895 presentes
1157 1813 1284 1884 litteras

159 1917 355 2003 inspecturis
384 1918 522 1985 salutem
553 1917 586 1985 in
617 1918 760 1985 omnium
777 1917 949 1985 saluatore.
981 1917 1034 1984 Ad
1064 1919 1290 1988 uniuersorum

157 2031 228 2091 tam
258 2025 461 2108 presencium
487 2045 583 2110 quarn
599 2025 780 2093 futurorum
795 2026 950 2094 noticiam
966 2026 1081 2095 harum
1097 2029 1184 2097 serie
1199 2030 1288 2100 volu·

156 2151 230 2198 mus
245 2132 414 2218 peruenire
430 2157 438 2200 :
454 2131 541 2217 quod
557 2132 607 2200 vir
634 2131 834 2201 venerabilis
857 2132 958 2201 irater
982 2133 1141 2202 Martinus
1170 2137 1286 2208 Abbas

151 2239 346 2324 Monasterij
378 2239 471 2307 Beati
502 2237 672 2308 Benedicti
703 2239 745 2308 dc
764 2241 877 2307 Granu
907 2240 951 2306 ad
966 2252 1109 2310 nostram
1125 2235 1304 2315 accedem'

155 2345 361 2431 presenciam
376 2347 494 2414 obtulit
510 2347 614 2415 Nobis
639 2346 865 2432 priuilegiales
895 2347 1020 2416 litteras
1049 2347 1194 2419 fidelium
1210 2373 1289 2422 nos·

153 2459 279 2522 trorum
311 2453 453 2541 Capituli
483 2453 669 2543 Nitrieusis,
700 2453 796 2522 datas
818 2473 877 2523 seu
892 2473 1064 2526 concessas
1085 2476 1289 2546 superemp·

35 2626 38 2630 .
148 2563 252 2631 cione
266 2558 436 2629 cuiusdam
460 2558 642 2630 molendini
663 2561 832 2630 existentis
847 2559 882 2628 in
897 2561 997 2630 fluuio
1028 2563 1139 2634 Graue
1154 2567 1189 2634 in
1205 2567 1288 2636 uilla

154 2671 251 2739 Burs.
265 2668 411 2749 Quarum
426 2667 558 2753 quidem
574 2669 754 2736 litterarum
768 2675 862 2736 tenor
878 2667 955 2736 talis
972 2675 1022 2738 est
1038 2697 1046 2738 ε

266 2776 435 2846 Vniuersis
451 2778 513 2845 stb.
531 2775 714 2863 Capitulum
728 2774 914 2862 Nytriensis
929 2775 1074 2845 Ecclesie
1084 2779 1146 2846 stb.
1159 2779 1288 2864 (ltdvet-

155 2885 257 2954 lseails
272 2906 293 2955 a
307 2885 429 2974 nyitrai
459 2883 689 2970 ktptalanuak
721 2882 859 2952 lato-ki
889 2881 1186 2976 biaonysdglevele,
1202 2891 1288 2958 mint

149 2991 434 3080 okmtnytarnnk
464 2991 537 3059 Vll.
569 2990 686 3077 vagyis
703 3011 724 3057 a
740 2988 891 3058 merodik
906 2987 1032 3074 iolyanr
1048 2992 1092 3060 11.
1109 2991 1286 3064 lsdteteben

154 3101 283 3190 3221.)

264 3209 333 3276 Nos
364 3208 476 3293 itaque
506 3212 707 3277 contractum
740 3203 925 3274 huiusmodi
955 3206 1163 3292 aprobantes,
1188 3218 1289 3295 prout

148 3315 261 3384 eciam
274 3316 425 3404 primitus
440 3315 692 3402 perDionisium
708 3315 866 3382 Comitem
882 3311 1088 3380 Borsiensem
1104 3315 1288 3398 aprobatus

152 3423 272 3511 fuerat,
303 3423 479 3493 secundnm
505 3424 596 3510 quod
627 3423 732 3510 ipsius
764 3421 874 3489 littero
889 3419 1114 3506 declarabant,
1132 3429 1165 3490 et
1181 3426 1288 3494 eciam

143 3531 369 3600 collacionem
385 3531 480 3598 nnius
495 3549 574 3598 eree
591 3529 663 3600 siue
677 3531 763 3597 situs
778 3527 868 3597 curie
883 3547 942 3615 per
961 3525 1127 3597 dominum
1158 3531 1285 3617 Regem

144 3637 263 3707 delicis
310 3637 545 3722 recordacionis
591 3637 802 3706 karissimum
842 3643 969 3724 patrem
1010 3643 1155 3704 nostrum
1195 3639 1285 3710 dioto

146 3746 351 3818 numerio
368 3748 404 3815 in
419 3748 501 3815 uilla
517 3745 630 3816 eadem
646 3745 771 3834 colluti,
787 3746 880 3814 iuxta
894 3763 1025 3813 suarum
1043 3743 1287 3815 continenciam

143 3856 333 3926 litterarum
363 3862 468 3924 ratum
483 3855 643 3925 habentes
669 3852 875 3940 presentibus
891 3851 1130 3935 confirmamus,
1145 3849 1287 3938 duplicis

148 3961 254 4050 sigilli
281 3964 385 4031 nostri
414 3963 591 4032 munimine
622 3959 816 4030 roborando.
848 3959 1017 4041 volentes,
1049 3957 1137 4043 quod
1171 3958 1287 4028 Abbas

142 4070 286 4161 predicti
317 4069 506 4156 Monasterij
539 4087 639 4156 super
654 4067 826 4156 premissis
841 4085 902 4134 nec
915 4087 975 4154 per
990 4064 1148 4133 Comitem
1176 4065 1287 4134 Borsi-

146 4197 272 4265 ensem,
288 4178 471 4266 quicunque
487 4175 586 4248 luerit
600 4195 658 4264 pro
673 4183 829 4264 tempore,
845 4193 907 4242 nec
922 4193 982 4262 per
1007 4173 1095 4240 alios
1124 4171 1286 4258 quoslibet

143 4285 264 4355 valeat
293 4286 360 4366 ullo
390 4305 534 4373 unquam
565 4291 712 4371 tempore
742 4280 919 4353 molestari.
950 4281 1074 4349 Datum
1090 4297 1150 4366 per
1166 4299 1286 4350 manus

140 4391 300 4478 Magistri
330 4394 499 4464 Benedicti
530 4391 718 4470 Orodienais
747 4389 892 4460 Ecclesia
906 4386 1066 4475 Pmpositi
1083 4385 1160 4454 aule
1172 4394 1284 4456 nostre

141 4498 443 4591 vicecancellarii,
472 4502 586 4572 dilecti
616 4509 648 4570 et
672 4500 777 4572 tidelis
806 4497 919 4586 nostri,
958 4514 1045 4565 anno
1068 4493 1201 4671 Donffi
1231 4496 1289 4565 lt·
