3068 5150
551 289 711 406 *apa-

77 495 139 563 lieet
152 496 254 564 eciam
272 513 328 580 per
343 493 562 562 venerabilem
580 499 705 579 patrem
725 492 948 579 Thymoteum,
981 491 1042 557 Dei
1076 489 1188 574 gracia

78 604 258 688 Episcopum
303 603 557 686 Zagrabiensem
599 621 697 687 super
746 601 952 668 restitucione
1003 599 1189 666 earumdem

77 711 233 778 fuissemus
250 711 361 796 sepius
377 709 541 798 requisito,
559 730 619 776 nco
645 709 751 776 eidem
783 707 1056 793 acquievissemus
1088 725 1190 791 usque

75 819 110 884 ad
136 820 192 886 hec
222 825 367 904 tempora
398 817 431 884 in
447 819 509 884 hac
540 823 641 903 parte.
673 815 760 895 Quia
791 823 900 882 tamen
921 813 1100 900 perquisita
1116 811 1188 879 dili·

75 927 190 1011 gencius
205 933 239 996 et
255 933 420 1012 comperta
450 925 637 992 omnimoda
654 925 803 1004 veritate,
840 924 932 992 nobis
963 924 1033 992 luce
1065 919 1186 988 clarius

75 1035 203 1102 constitit
235 1041 378 1118 temper
408 1033 494 1100 viros
527 1032 708 1116 religiosos,
741 1030 824 1098 alias
841 1049 999 1114 personas
1021 1027 1187 1096 eeclesias*

75 1145 153 1226 tices,
167 1161 265 1228 qnam
281 1140 383 1209 eciam
396 1141 501 1209 laicos
517 1139 696 1225 fidedignos
711 1138 798 1207 omni
817 1137 1012 1225 excepcione
1037 1135 1187 1218 maiores,

75 1249 150 1334 ipsas
180 1249 327 1316 decimas
357 1246 400 1315 ad
415 1247 467 1315 ius
483 1253 516 1314 et
531 1246 759 1332 proprietatem
776 1245 854 1314 dicti
871 1243 1069 1312 venerabilis
1086 1245 1188 1330 patris

76 1355 232 1442 Elymotei
248 1356 400 1443 Episcopi
417 1355 657 1440 Zagrabiensis‚
673 1374 712 1422 ac
728 1354 798 1422 eius
813 1352 959 1425 Ecclesia
976 1349 1187 1439 proculdubio

75 1465 269 1530 etueraeiter
294 1463 476 1550 pertinere;
500 1465 646 1531 volentes
672 1469 780 1532 nostre
795 1463 1001 1530 consciencie
1020 1460 1189 1528 consulere

74 1589 106 1636 ac
119 1571 223 1656 saluti,
241 1571 375 1638 casdem
393 1570 548 1652 decimas,
566 1570 717 1638 uidelicet
733 1569 870 1657 frugum,
888 1569 964 1656 vini,
990 1567 1185 1636 marturina-

74 1697 142 1757 rum,
156 1679 349 1746 tributorum
382 1679 521 1746 sororum
538 1700 577 1746 ao
593 1687 742 1766 portuum
768 1679 1018 1767 prescriptarum
1035 1676 1185 1744 villarum

74 1807 106 1850 ac
132 1787 232 1855 tocius
265 1787 446 1855 Comitatus
475 1786 554 1854 ville
585 1781 626 1854 de
658 1787 812 1874 Vereuce,
845 1787 972 1873 prefato
1003 1783 1187 1852 venerabili

76 1896 149 1978 patri
177 1895 359 1982 Thymoteo
377 1895 537 1982 Episcopo
562 1895 788 1981 Zagrabicnsi,
804 1894 874 1962 eius
891 1893 1133 1963 successoribus
1150 1911 1188 1956 ac

76 2003 206 2070 Ecclesia
222 2023 282 2070 sne
301 2003 501 2071 reddidimus
534 2008 565 2069 et
596 2003 796 2071 restituimus
826 2019 907 2090 pure
938 2008 970 2069 et
1001 1999 1188 2086 simpliciter

75 2110 133 2178 sino
162 2111 249 2178 omni
282 2108 540 2178 contradiecione
566 2111 661 2196 pleno
677 2111 757 2198 iure,
773 2109 992 2194 relinquentes
1009 2116 1040 2176 et
1056 2107 1186 2194 permit-

76 2225 165 2284 tentes
179 2219 286 2304 ipsum
303 2219 501 2304 prescriptae
533 2219 677 2286 decimas
709 2218 780 2286 sine
812 2220 897 2285 omni
930 2215 1188 2285 contradiccione

75 2327 225 2413 percipere
257 2326 391 2412 pacifice
424 2333 455 2393 et
485 2326 603 2410 quiete.
622 2327 847 2394 Promittentes
864 2326 997 2411 insuper
1013 2325 1187 2411 bonafide,

76 2434 148 2514 quod
162 2433 318 2517 deinceps
335 2433 514 2518 predictum
531 2433 695 2501 dominnm
721 2435 918 2521 Episcopum
949 2441 981 2500 et
1011 2453 1086 2502 suos
1117 2453 1187 2502 suc·

75 2559 214 2625 cessores,
231 2560 271 2608 ac
287 2541 468 2608 Ecclesiam
485 2541 738 2626 Zagrabiensem
754 2561 852 2629 super
867 2541 948 2627 ipsis
965 2541 1099 2610 decimis
1124 2562 1189 2609 non

76 2649 303 2718 delectabimus
318 2669 378 2715 neo
395 2649 559 2734 paciemur
575 2669 635 2735 per
660 2650 843 2736 quempiam
875 2647 1051 2717 molestari.
1084 2651 1123 2715 Et
1154 2653 1189 2715 ut

75 2749 125 2820 hec
152 2765 261 2824 nostra
293 2756 404 2823 debita
430 2763 461 2822 ct
477 2757 618 2824 salubris
634 2759 801 2827 restitucio
817 2758 1017 2826 decimarum
1033 2758 1119 2825 dicto
1136 2777 1188 2824 ve·

75 2863 202 2930 nerabili
219 2865 306 2950 patri
323 2863 502 2950 Thymoteo
520 2865 683 2952 Episcopo
708 2865 923 2950 Zagrabiensi
954 2865 1087 2950 eiusque
1118 2883 1189 2931 snc-

73 2971 240 3037 cessoribns
271 2991 312 3038 ac
342 2971 489 3038 Ecclesie
516 2971 727 3056 Zagrabiensi
759 2991 817 3058 per
833 2993 892 3041 nos
917 2971 1005 3038 saeta
1019 2977 1187 3058 perpetua,

73 3075 252 3146 inconcussa
266 3099 306 3146 ac
321 3077 519 3146 inviolabilis
551 3087 748 3166 perseveret,
777 3080 994 3167 promittimus
1027 3080 1067 3148 de
1097 3081 1187 3168 inpe-

73 3183 188 3253 trandis
217 3185 323 3254 literis
340 3185 506 3254 karissimi
535 3185 594 3253 filii
611 3191 714 3255 nostri
728 3187 884 3272 Ladialai,
913 3189 973 3254 Dei
989 3191 1102 3272 gracia
1116 3189 1187 3256 illn-

73 3295 139 3361 stris
149 3296 246 3381 Regis
262 3294 441 3380 Hungarie,
453 3317 493 3363 ac
503 3297 573 3364 eins
584 3297 741 3366 consortis
761 3318 862 3365 nurus
877 3303 986 3364 nostre
1001 3293 1187 3382 predilecte,

73 3423 123 3487 pro
151 3403 281 3472 domino
312 3403 474 3490 Episcopo
491 3413 523 3472 et
540 3405 610 3474 eius
627 3405 774 3474 Ecclesia
794 3424 891 3491 snper
907 3405 1060 3474 firmitate
1077 3411 1110 3472 et
1125 3412 1189 3473 sta-

72 3509 190 3580 bilitete
205 3510 455 3598 prescriptorum
471 3513 551 3580 dare
567 3533 701 3599 operam
719 3532 791 3580 cunr
808 3513 895 3580 omni
923 3513 1024 3580 animi
1056 3513 1189 3582 sinceri-

74 3624 131 3684 tate
157 3619 242 3689 bcna
271 3618 343 3687 fide.
375 3619 413 3684 In
431 3621 521 3687 euirrs
538 3621 586 3685 rei
604 3623 788 3690 memoriam
816 3630 1075 3709 perpetuamque
1090 3623 1186 3688 firmi-

74 3731 163 3793 tatem
189 3734 354 3812 presentes
388 3731 606 3795 concessimus
635 3729 747 3796 literas
779 3727 919 3814 dnplicis
950 3729 1052 3815 sigilli
1085 3729 1187 3797 nostri

73 3833 239 3901 munimine
268 3835 447 3902 roboratas.
489 3837 608 3902 Datum
639 3837 673 3904 in
705 3837 859 3924 Vereuee,
891 3837 923 3902 in
953 3845 1069 3906 octaua
1094 3837 1187 3905 Beati

74 3940 194 4007 Eardni
210 3941 403 4010 confessoris
419 3961 505 4009 anno
522 3943 653 4010 Domini
670 3943 765 4010 MEO.
783 3945 1005 4030 octuagesimo
1021 3945 1127 4012 tercio.

179 4139 339 4206 (Thaletica,
356 4140 480 4195 Manum.
499 4142 564 4194 hist.
583 4143 675 4208 Epire.
695 4143 815 4210 zagrab.
834 4144 856 4196 1.
876 4145 935 4196 ket.
956 4149 1016 4195 210.
1035 4145 1066 4208 l.)

489 4429 757 4442 §ut-*-
