3068 5150
779 245 939 342 *ou-o-

296 442 499 524 donauimus,
515 440 709 508 tradidimus
725 449 758 509 et
774 441 970 510 contulimus
985 444 1054 512 iure
1069 451 1224 528 perpetuo
1241 446 1378 530 paeifiee
1395 455 1427 514 et

296 551 552 619 irreuoeabiliter
568 549 794 636 possidendas,
811 550 969 620 tenendas
985 557 1016 618 et
1032 551 1211 620 habendas.
1237 555 1307 622 Hoo
1323 555 1426 623 eeiam

297 677 463 745 expresso,
481 658 568 740 quod
585 659 661 742 quia
677 660 749 742 ipse
763 658 920 742 Magister
937 656 1098 744 Georgius
1115 659 1156 726 ad
1174 658 1306 729 diuersa
1331 683 1428 748 nego-

299 768 352 834 eia
367 775 400 835 et
417 767 558 834 seruitia
574 774 832 853 nostrasemper
849 775 1018 853 promptus
1034 774 1104 835 erat
1129 769 1297 856 exegenda
1327 770 1428 860 (lgy),

298 875 429 943 euobis
445 875 546 962 peeijt
561 874 721 942 humiliter
736 881 769 940 et
785 875 911 962 deuote,
931 874 1016 960 quod
1031 876 1149 962 ipsum,
1167 877 1194 944 si
1211 879 1336 962 absque
1352 879 1428 946 libe·

298 1003 407 1050 rorum
423 983 603 1069 propagine
620 981 701 1050 mori
717 983 750 1050 iu
766 983 878 1068 aliquo
910 1003 987 1052 oasa
1020 985 1231 1070 contingeret,
1263 986 1430 1071 predictas

300 1111 375 1160 suas
392 1089 648 1174 aquisieionesa
678 1089 799 1158 Nostra
828 1091 931 1176 Regia
961 1093 1134 1162 Maiestate
1164 1093 1318 1161 fratribus
1350 1096 1426 1180 suis,

298 1199 450 1268 videlieet
467 1199 568 1281 Boxa,
584 1196 707 1265 'lbome
723 1206 754 1266 et
777 1198 908 1286 Spmoni
927 1198 1105 1268 Gemitibus
1129 1200 1268 1268 liberam
1292 1201 1429 1271 baberet

298 1306 464 1392 allegandi
479 1313 512 1374 et
527 1305 672 1373 donandi
688 1306 882 1375 facultatem.
905 1308 973 1394 Ipsi
989 1316 1097 1377 antem
1112 1308 1213 1395 Bosa,
1231 1309 1378 1376 'lbomas
1395 1315 1426 1376 et

300 1415 420 1501 Symon
437 1413 580 1482 Comites
595 1415 630 1480 iu
649 1415 784 1482 instanti
802 1433 910 1483 eoram
942 1415 1036 1484 nobis
1067 1417 1280 1502 personaliter
1313 1419 1431 1486 eonsti-

299 1523 361 1590 tuti
391 1522 485 1592 nobis
516 1522 697 1591 retulerunt
727 1524 804 1590 viua
832 1541 920 1610 voee,
938 1523 1024 1608 quod
1040 1524 1070 1591 si
1086 1524 1251 1610 predictus
1268 1523 1430 1611 Georgius

301 1629 457 1716 Magister
472 1630 572 1698 frater
588 1631 731 1717 ipsorum
755 1630 889 1697 Domini
921 1631 1045 1718 pietate
1076 1643 1291 1719 prosequente
1320 1635 1433 1719 aliqua

300 1737 392 1824 prole
422 1737 597 1823 dotaretur,
630 1756 690 1804 nee
721 1737 761 1804 de
792 1758 852 1806 sua
883 1738 1015 1824 propria
1046 1759 1197 1828 persona,
1224 1761 1285 1809 neo
1305 1741 1347 1810 de
1364 1742 1431 1811 suis

303 1845 538 1914 hereditatibus
553 1845 616 1931 ipsi
633 1845 666 1912 in
684 1844 822 1932 proprijs
838 1847 984 1932 personis
1003 1867 1124 1936 eorum,
1143 1869 1203 1916 nee
1233 1871 1299 1918 non
1315 1859 1347 1918 et
1379 1851 1432 1917 be-

302 1952 395 2022 redes
412 1953 598 2041 eorundem,
615 1951 655 2020 de
679 1954 835 2040 predictis
855 1955 1115 2040 possessionibus
1134 1964 1280 2041 peterent
1295 1965 1432 2045 partem,

301 2085 362 2134 neo
376 2064 520 2148 aliquam
537 2063 657 2132 habere
674 2064 792 2134 vellent
808 2071 932 2150 partem
949 2064 990 2134 ds
1014 2065 1155 2147 eisdem
1180 2071 1214 2131 et
1229 2065 1283 2132 ad.
1303 2066 1367 2132 boo
1397 2085 1433 2134 se

300 2180 483 2260 spontanea
513 2172 744 2240 oommiserunt
778 2173 954 2242 voluntate.
987 2173 1029 2240 llt
1061 2177 1140 2258 quia
1171 2181 1254 2241 mete
1285 2174 1431 2260 ipsarum

302 2281 542 2367 possessionum
560 2286 591 2349 et
607 2280 837 2349 distinetiones
855 2284 888 2348 in
915 2289 1026 2350 nostra
1056 2281 1178 2352 notieia
1208 2303 1274 2350 non
1305 2289 1433 2350 oonsta·

303 2389 392 2475 bant,
447 2387 635 2474 Magistrum
665 2389 833 2475 Matbyam
876 2387 1159 2478 Arebidyaeonum
1199 2391 1285 2459 Noni
1317 2391 1434 2475 Casti,

305 2495 460 2566 Comitem
492 2493 626 2583 (lapella
657 2496 829 2564 karissime
860 2498 1016 2566 aonsortis
1046 2505 1168 2586 nostre,
1199 2498 1354 2567 adiuueto
1373 2498 1436 2566 sibi

305 2604 392 2674 soeio
422 2603 553 2672 Andrea
583 2604 706 2672 Oomite
739 2613 849 2673 nostro
880 2605 921 2672 de
944 2605 1054 2694 Sarno,
1075 2606 1118 2672 ad
1137 2606 1389 2674 reambnlaudas
1406 2613 1437 2672 et

306 2713 497 2783 statuendas
529 2713 618 2798 ipsas
650 2719 752 2782 terras
783 2711 946 2796 misimus;
982 2715 1037 2799 qui
1067 2713 1272 2800 postmodum
1304 2713 1348 2780 ad
1379 2732 1437 2781 nos

307 2820 487 2898 redeantes,
497 2823 687 2908 retulerunt,
719 2821 806 2906 quod
822 2822 1026 2909 presentibus
1042 2824 1191 2892 omuibus
1207 2823 1437 2892 eommetaneis

306 2943 338 2996 et
356 2930 474 2998 vieinis
492 2929 596 2997 dietas
613 2937 716 2998 terras
730 2929 1001 3018 reambnlassent,
1019 2937 1053 2998 et
1069 2930 1155 2997 dieto
1171 2929 1329 3015 Magistro
1340 2929 1438 2997 (leor-

306 3036 360 3122 gio
376 3036 575 3122 statuissent,
591 3037 681 3105 nullo
698 3037 935 3106 eontradietore
950 3039 1119 3107 existente.
1142 3038 1289 3118 Quarum
1307 3037 1438 3123 quidem

305 3153 464 3213 terrarum
482 3150 566 3212 mete
584 3151 618 3213 et
633 3144 873 3231 distineeiones‚
906 3146 990 3214 sieut
1005 3146 1105 3232 ijdem
1121 3146 1214 3214 nobis
1246 3146 1438 3231 reeitarunt,

306 3253 366 3321 hoe
380 3251 493 3320 ordine
517 3251 735 3336 distinguntur
751 3277 758 3318 :
774 3251 884 3319 Prima
916 3258 1011 3339 meta,
1045 3273 1107 3337 que
1138 3259 1271 3338 separat
1302 3275 1324 3320 a
1353 3260 1440 3320 terra

305 3359 433 3446 Kendy,
450 3361 564 3447 ineipit
579 3381 600 3427 a
615 3367 710 3446 parte
727 3359 921 3428 oeeidentali
938 3362 971 3428 in
988 3361 1096 3447 eapite
1111 3361 1282 3429 ouinsdam
1309 3359 1439 3446 rporali,

306 3469 363 3554 qni
378 3469 556 3552 vulgariter
572 3475 776 3553 nuneupatnr
793 3469 1030 3556 Kybnspotolr3
1072 3467 1194 3537 atinde
1211 3468 1381 3538 deseendit
1397 3468 1440 3536 ad

308 3576 410 3644 alium
428 3578 597 3664 rywulum,
614 3577 668 3660 qui
699 3575 1038 3663 Zenegetbewpotbok
1069 3581 1291 3662 nuneupatur;
1317 3581 1350 3644 et
1382 3593 1442 3662 per

308 3683 447 3752 eundem
464 3681 631 3753 deseendit
646 3683 689 3750 sd
705 3683 836 3751 fluuium
864 3683 1034 3770 'lbaroha3
1068 3691 1100 3752 et
1115 3684 1160 3751 ibi
1177 3683 1299 3752 saliens
1331 3683 1441 3770 ipsum

309 3793 443 3861 fluuium
459 3791 613 3858 Tharoha
629 3798 743 3860 eontra
757 3791 969 3879 Berkuslasa,
987 3791 1066 3860 inde
1082 3791 1254 3861 deseendit
1277 3810 1336 3877 per
1361 3811 1442 3860 eun·

308 3899 382 3969 dem
399 3901 533 3968 fluuium
550 3918 663 3968 uersus
680 3897 857 3984 meridiem,
891 3905 922 3965 et
947 3902 1096 3984 peruenit
1111 3899 1153 3966 ad
1185 3899 1349 3983 quendam
1384 3900 1442 3966 flu·

309 4011 397 4078 nium
434 4007 742 4096 Mogoshydpotoka
781 4007 993 4094 nominatum,
1033 4009 1089 4092 qui
1127 4015 1259 4092 separat
1297 4028 1320 4073 a
1350 4013 1442 4074 terra

311 4117 466 4203 Yzbegh3
491 4124 523 4184 et
539 4116 616 4184 inde
631 4137 690 4201 per
707 4116 845 4182 eundem
862 4115 996 4183 tunium
1012 4135 1070 4203 per
1101 4135 1254 4200 magnum
1286 4115 1439 4200 spacium

309 4227 404 4294 vadit
420 4245 534 4293 uersus
551 4231 677 4310 partem
694 4224 893 4312 orientalem
926 4231 959 4291 et
975 4224 1123 4312 peruenit
1139 4225 1182 4291 ad
1199 4243 1298 4291 nuum
1332 4243 1441 4310 rywu-

307 4332 374 4400 lum
391 4333 446 4418 qni
462 4338 598 4400 voeatnr
612 4332 853 4418 Zarospoth0k;
879 4340 911 4400 et
926 4352 984 4418 per
1015 4331 1122 4418 ipsum
1153 4331 1312 4418 rywulnm
1345 4332 1441 4399 vadit

309 4441 350 4506 ad
367 4445 491 4526 partem
509 4441 814 4526 septemtrionalem,
832 4444 864 4506 et
880 4440 968 4508 eadit
983 4440 1017 4506 in
1034 4447 1132 4525 eaput
1148 4438 1315 4506 euinsdam
1340 4439 1437 4524 fluuij

310 4547 590 4634 Kewruspothok3
616 4555 648 4615 et
664 4569 722 4634 per
738 4548 843 4632 ipsum
860 4547 992 4618 fluuium
1010 4546 1237 4617 deseendendo
1269 4546 1360 4616 venit
1395 4547 1440 4614 ad
