3112 5154
592 309 753 406 *reg

104 504 259 571 videliect
289 501 405 572 Jacobi
436 502 619 588 iobagionis
643 502 760 589 (taetri,
778 509 809 570 et
825 511 945 571 terram
971 507 1231 595 sepedictorum,

103 633 229 680 vacuas
260 613 390 697 penitus
406 618 439 678 et
468 612 703 680 habitatoribus
735 613 916 700 destitutas,
944 622 976 681 et
1007 615 1091 697 quod
1124 597 1233 684 eedem

104 729 215 787 nostre
248 717 430 786 collationi·
454 719 662 802 pertinerent.
689 720 779 798 Quas
796 721 983 788 conuocatis
1004 726 1234 792 commetaneis

104 829 256 896 omnibus
281 835 313 894 et
343 829 471 914 uicinis,
486 836 517 894 et
548 829 791 912 presencialiter
822 831 1092 916 comparentibus,
1118 829 1233 898 Comes

102 935 281 1002 Ladizlaus
297 935 507 1018 tiliungriui
518 935 612 1003 homo
628 941 737 1004 noster
753 944 902 1020 presente
919 937 1102 1006 testimonio
1119 961 1232 1006 eorun-

103 1044 178 1109 dem
196 1044 364 1110 statuisset
380 1048 412 1110 et
427 1043 628 1126 assignasset
644 1043 808 1128 sepedicto
825 1045 979 1128 Magistro
997 1044 1125 1112 Andree
1141 1048 1232 1114 nullo

102 1149 342 1217 contradictore
356 1151 486 1238 penitus
502 1157 688 1235 apparente.
705 1151 746 1216 Et
762 1150 838 1234 quia
857 1151 954 1219 dietis
972 1159 1001 1218 et
1012 1153 1230 1238 peticionibus

101 1258 205 1342 ipsius
221 1257 370 1341 Magistri
394 1255 523 1324 Andree
556 1257 676 1324 ueritas
708 1256 884 1340 suffragari
916 1256 1086 1326 uidebatur
1101 1262 1135 1326 iu
1170 1263 1231 1329 hac

101 1371 196 1449 parte
214 1387 223 1428 :
240 1385 299 1432 nos
331 1365 384 1450 qui
416 1384 455 1430 ex
481 1363 588 1431 officio
614 1365 756 1451 suscepti
771 1364 937 1450 regiminis
953 1369 1059 1434 metiri
1076 1369 1231 1436 debemus

102 1473 220 1539 merita
237 1471 448 1558 singulorum,
465 1480 497 1539 et
514 1472 686 1557 vnieuique
712 1474 803 1539 iuxta
835 1472 984 1542 meritum
1014 1476 1230 1562 respondere;

101 1578 317 1646 consideratis
349 1578 524 1664 meritorijs
555 1579 702 1664 seruicijs
718 1586 750 1646 et
766 1580 967 1664 obsequiosis
988 1583 1111 1651 meritis
1127 1583 1231 1668 ipsius

101 1688 253 1770 Magistri
270 1686 410 1773 Andree,
426 1707 489 1770 que
504 1685 591 1754 idem
607 1693 752 1773 tempore
785 1689 908 1757 domini
940 1688 1099 1775 Stephani
1129 1690 1231 1758 felicis

100 1792 340 1862 recordacionis
357 1795 499 1863 Illuslris
515 1794 615 1879 Regis
632 1795 809 1882 Hungarie,
827 1797 990 1863 karissimi
1008 1797 1109 1882 patris
1119 1799 1230 1882 nostri,

101 1910 218 1970 contm
234 1903 374 1970 insultus
390 1904 488 1988 Regis
504 1903 693 1972 Boemornm
710 1903 833 1970 inimici
849 1905 951 1972 nostri
968 1905 1120 1990 capitalis
1146 1905 1229 1974 inter

99 2013 230 2080 Rabum
247 2019 279 2078 et
304 2011 466 2096 Repehem
482 2011 619 2078 uiriliter
636 2010 821 2080 dimicando
839 2032 910 2079 eum
927 2013 1083 2080 effusione
1099 2015 1229 2098 saugui-

102 2123 153 2188 nis
171 2120 224 2186 sui
240 2118 379 2186 fideliter
403 2118 570 2204 inpendit3
595 2124 735 2186 ceterum
767 2140 839 2186 eum
873 2127 1014 2188 castrum
1045 2122 1227 2210 Jauriense,

98 2225 187 2310 quod
204 2245 262 2312 per
287 2227 433 2294 homines
447 2227 548 2312 Regis
569 2226 771 2312 Boemornm,
789 2229 913 2313 treugis
929 2229 1011 2295 inter
1027 2249 1087 2297 nos
1104 2235 1135 2296 et
1150 2249 1226 2295 enn-

97 2336 173 2402 dem
191 2335 312 2418 Regem
331 2331 580 2419 perdurantibus
591 2333 694 2402 fracto
706 2336 886 2402 iuramento
905 2337 1061 2404 elameulo
1078 2336 1229 2404 extiterat

98 2448 305 2526 occupatum,
337 2441 526 2508 fecissemus
557 2443 749 2527 expugnari,
779 2441 866 2508 idem
897 2443 1051 2527 Magister
1077 2443 1225 2511 Andreas

96 2551 157 2618 sub
172 2551 246 2636 ipso
264 2556 371 2616 cestro
387 2569 445 2634 per
469 2549 710 2634 percussionem
741 2549 884 2634 lapidum
918 2551 1089 2618 crudeliter
1121 2551 1229 2618 extitit

97 2657 300 2742 uulneratus,
330 2655 413 2722 sicut
429 2657 464 2722 id
481 2657 575 2724 nobis
595 2677 653 2743 per
670 2658 813 2725 Berones
833 2665 958 2725 nostros
976 2661 1082 2745 patuit
1097 2658 1228 2726 euiden-

97 2774 169 2850 ter3
193 2783 291 2849 porro
322 2762 408 2848 quod
439 2765 516 2852 quia
547 2763 714 2832 Johannes
754 2765 855 2832 frater
898 2765 1042 2835 eiusdem
1082 2766 1228 2851 Magistri

96 2871 228 2940 Andree
260 2892 318 2956 pro
334 2871 509 2939 sedulitate
525 2872 617 2939 uobis
634 2879 665 2941 et
685 2874 797 2956 Regno
816 2872 1035 2958 impendenda
1055 2891 1227 2958 personam

99 2999 192 3046 snam
209 2980 338 3047 fortune
355 2978 485 3045 casibus
501 2980 690 3048 submittere
708 3000 772 3046 uon
790 2978 932 3065 expauit,
950 2978 983 3043 in
1000 2999 1079 3045 urea
1110 2979 1227 3046 bellice

98 3088 182 3154 aciei
213 3085 351 3153 viriliter
382 3085 567 3153 dimicando
597 3107 655 3172 per
670 3089 862 3155 Teotonieos
893 3085 999 3153 extitit
1016 3087 1225 3172 captiuetns:

96 3192 260 3278 predictas
276 3198 390 3280 terras,
407 3195 514 3280 Pezye
529 3195 690 3279 videlieet,
707 3199 739 3262 et
760 3202 878 3261 terram
905 3195 1018 3262 Jnccbi
1042 3195 1227 3278 iobagionis

97 3302 205 3367 castri
221 3299 446 3387 Symigiensis,
465 3306 501 3367 ut
517 3302 732 3388 premisimus,
760 3303 829 3369 sine
845 3301 965 3370 herede
981 3300 1177 3388 decedentis,
1188 3321 1226 3368 ac

96 3413 216 3475 terram
232 3409 479 3478 sanetilerorum
510 3416 707 3498 nostrorum,
736 3411 813 3478 licet
844 3429 901 3496 pro
931 3409 1226 3496 reconpensatione

95 3516 305 3581 seruiciorum
339 3534 467 3583 suorum
500 3519 595 3602 plura
626 3523 813 3604 mereretur,
843 3519 878 3584 iu
910 3515 1083 3600 aliqualem
1116 3525 1226 3584 tamen

95 3623 405 3708 remuneracionem,
423 3643 495 3690 oum
511 3624 658 3692 omnibns
673 3627 886 3714 pertinencljs
898 3625 977 3710 suis,
994 3623 1105 3708 vineis,
1124 3623 1215 3691 siluis

97 3729 222 3814 tenetis,
255 3737 287 3798 et
302 3730 496 3800 utilitatibus
528 3733 700 3820 uniuersis,
734 3733 793 3800 sub
811 3733 931 3800 eisdem
948 3731 1044 3798 metis
1064 3732 1226 3800 veteribus

97 3843 130 3904 et
147 3837 290 3922 antiquis
321 3839 478 3926 terminis,
506 3841 540 3907 iu
573 3843 690 3924 quibus
722 3842 843 3928 priores
879 3860 1084 3928 possessores
1115 3858 1225 3906 earum

95 3953 205 4016 tenere
222 3945 477 4015 dinoscebantur
494 3952 526 4014 et
542 3947 720 4032 possidere,
732 3955 902 4033 prenotato
914 3950 1070 4033 Magistro
1083 3946 1221 4030 Andree,

95 4061 127 4121 et
142 4074 199 4138 per
216 4074 289 4121 eum
304 4055 372 4122 suis
392 4053 569 4122 heredibus
590 4053 808 4139 heredumque
825 4075 952 4122 suorum
985 4053 1226 4122 successoribus

93 4169 249 4246 perpetuo
266 4169 298 4226 et
323 4161 583 4230 irrecusabiliter
599 4161 749 4228 duximus
770 4161 994 4228 conferendae.
1011 4161 1050 4226 In
1067 4162 1157 4226 cuius
1175 4161 1222 4225 rei

95 4268 283 4336 memoriam
298 4269 548 4353 firmitatemque
564 4274 754 4355 perpetuam
772 4275 940 4355 presentes
957 4266 1060 4336 eidem
1093 4285 1222 4332 conoes-

94 4377 193 4444 simus
223 4375 352 4444 litteras
384 4375 547 4464 dupplicis
578 4375 676 4461 sigilli
708 4379 808 4445 nostri
841 4376 1015 4444 munimine
1038 4375 1220 4441 roboratas.

95 4485 214 4552 Datum
236 4505 296 4570 per
315 4504 431 4550 manus
461 4483 613 4567 Magistri
646 4485 812 4552 Benedicti
842 4484 961 4551 Sancte
992 4480 1224 4565 strigoniensis

95 4591 242 4660 Ecclesie
273 4591 391 4680 Electi,
406 4589 566 4680 Prepesiti
594 4592 766 4676 Budensis,
783 4593 867 4660 Aule
883 4599 992 4660 nostre
1010 4589 1223 4658 Vicetlancel·
