3148 5164
297 1129 361 1198 ΙΠ.
396 1131 506 1196 Ecdre
545 1127 653 1212 lcirdly
691 1125 875 1211 maperlisiti
914 1145 994 1188 uzon
1019 1123 1240 1207 praecausa,
1280 1123 1427 1206 meiplpel

235 1269 240 1279 ¹
294 1241 386 1304 Peter
410 1260 511 1302 comcs
538 1233 701 1299 Tiuomak
717 1233 770 1312 fia
801 1231 883 1296 Udol
906 1230 1059 1316 helyelpet
1075 1229 1208 1293 Matrica
1227 1250 1326 1293 comeo
1344 1230 1427 1292 alcr-

600 1337 817 1425 szcipbc'aluok
833 1337 1000 1421 discipulis,
1025 1337 1127 1400 1296.

402 1534 552 1601 Andreas
563 1533 623 1598 Dei
635 1531 936 1615 gracialluugarie,
955 1528 1132 1616 Dalmacie,
1153 1530 1300 1610 Crocus,
1316 1529 1428 1612 Reme,

294 1643 420 1728 Seruis,
437 1640 585 1726 Gallicis,
601 1637 802 1723 cucumeris,
820 1637 976 1704 Cumanie
992 1637 1208 1721 Bulgarieqne
1235 1637 1306 1702 Rex
1330 1633 1428 1701 omni-

298 1755 357 1820 bus
374 1749 495 1817 Christi
520 1745 671 1814 fidelibus
701 1763 835 1830 presens
852 1744 1007 1828 scriptum
1023 1742 1221 1809 intuentibus
1238 1745 1379 1809 salutem
1396 1743 1427 1806 in

298 1859 439 1924 Domino
465 1856 705 1940 sempiternam.
730 1851 782 1916 Ad
808 1849 1028 1916 uniuersorum
1045 1849 1197 1916 noticiam
1213 1851 1329 1916 harum
1347 1849 1429 1916 serie

296 1965 446 2032 volumus
472 1959 655 2048 peruenire,
687 1957 775 2043 quod
801 1958 915 2024 Comes
933 1958 1093 2024 Martinus
1109 1958 1195 2024 filius
1227 1957 1355 2041 Emych
1387 1953 1428 2020 de

299 2064 773 2137 DeueoherViceiudexCurie
791 2072 902 2130 nostre
934 2063 1038 2129 tidelis
1070 2071 1179 2130 noster
1209 2061 1252 2131 ad
1284 2069 1430 2130 nostram

294 2175 460 2243 accedens
499 2171 700 2260 presenciam
739 2171 884 2236 exhibuit
923 2169 1016 2236 nobis
1047 2168 1253 2254 priuilegium
1285 2166 1428 2252 Capituli

297 2283 458 2350 'Budensis
476 2299 574 2364 super
598 2279 684 2344 sueto
717 2275 930 2360 possessionis
963 2273 1059 2340 Wdol
1090 2283 1205 2342 vocate
1235 2276 1426 2360 consectum,
1552 2287 1553 2292 ’

299 2395 414 2474 petens
432 2407 453 2450 a
470 2383 563 2451 nobis
581 2403 653 2448 oum
678 2381 848 2466 instancia,
880 2389 914 2448 ut
946 2380 1051 2465 ipsum
1086 2380 1292 2466 priuilegium
1323 2391 1425 2448 ratum
1552 2397 1553 2452 ;

302 2495 430 2578 tabere,
456 2499 487 2558 et
502 2499 611 2558 nostro
642 2487 851 2572 dignaremur
883 2485 1058 2574 priuilegio
1090 2489 1291 2556 confirmare.
1332 2490 1428 2556 Cuius
1552 2473 1553 2504 ³

299 2601 430 2686 quidem
449 2598 614 2686 priuilegij
632 2603 724 2665 tenos
740 2596 816 2664 talis
834 2603 900 2664 est:
1004 2641 1017 2654 .

408 2707 477 2774 Nos
493 2705 678 2790 Capitulum
707 2703 865 2771 Budensis
898 2703 1042 2772 Ecclesie
1074 2707 1134 2772 stb.
1166 2703 1426 2793 (tovetkenika

302 2813 402 2884 budai
417 2810 642 2899 ktptulannuk
662 2810 798 2880 lues-ki
815 2809 1111 2897 biuonystgleuele,
1129 2813 1212 2878 mint
1226 2811 1329 2877 altbb
1355 2815 1432 2878 lii.

300 2927 390 2992 sztm
405 2917 513 3008 alatt.)

410 3029 480 3096 Nos
497 3029 608 3112 itaque
624 3024 717 3093 iustis
751 3025 968 3109 peticionibus
999 3025 1102 3111 ipsius
1133 3023 1267 3092 Comitis
1299 3025 1432 3093 Martini

302 3133 530 3204 fauorabiliter
545 3137 725 3200 annuentes
741 3129 860 3197 dietum
878 3131 1084 3216 priuilegium
1101 3131 1245 3217 Capituli
1269 3131 1433 3200 Budensis

303 3243 387 3310 iuste
406 3248 440 3307 et
455 3239 601 3324 legitime
627 3245 813 3304 emanatum
839 3235 1046 3305 attendentes
1078 3258 1142 3306 uon
1172 3239 1337 3326 abrasum,
1371 3261 1433 3307 non

304 3348 534 3433 cancellatum,
564 3365 628 3411 nou
644 3345 812 3429 abolitum,
838 3365 899 3412 nec
914 3346 948 3410 in
966 3345 1076 3428 aliqua
1092 3345 1141 3413 sui
1159 3353 1252 3431 parte
1268 3347 1434 3434 viciatum,

302 3465 408 3523 ratum
424 3452 595 3520 habuimus
613 3455 644 3516 et
668 3457 846 3536 acceptum,
880 3457 911 3517 et
943 3453 1103 3540 presentis
1134 3452 1298 3538 priuilegij
1332 3456 1433 3521 nostri

303 3557 481 3649 patrocinio
498 3557 649 3625 duximus
666 3555 932 3622 confirmandum.
968 3555 1007 3622 In
1039 3557 1130 3626 cuius
1161 3557 1208 3625 rei
1240 3561 1433 3629 memoriam
1551 3585 1552 3644 i

300 3671 557 3756 perpetuamque
571 3663 755 3729 firmitatem
767 3671 936 3748 presentes
948 3665 1166 3732 concessimus
1178 3663 1319 3752 duplicis
1332 3669 1436 3755 sigilli

304 3776 408 3844 nostri
425 3773 603 3839 munimine
628 3770 807 3838 roboratas.
848 3774 968 3838 Datum
1000 3792 1058 3858 per
1089 3793 1205 3840 manus
1237 3780 1435 3850 uenerabilis

305 3881 405 3970 patris
422 3878 545 3947 domini
562 3876 725 3944 Theodori
741 3877 893 3964 Episcopi
910 3878 1101 3966 lentiensis,
1118 3880 1199 3948 Aule
1217 3893 1327 3953 nosue
1344 3888 1436 3958 Vice·

305 3987 501 4072 Ceuoellarij
520 3985 633 4052 dilecti
649 3993 681 4052 et
697 3985 801 4053 tidelis
817 3987 928 4071 nostri,
946 4006 1033 4055 anuo
1050 3989 1183 4056 Domini
1200 3991 1320 4060 M⁰CC⁰
1338 4019 1440 4067 nona-

303 4099 429 4184 gesimo
445 4101 545 4162 sexto.

307 4291 452 4356 (Et-edetis
470 4289 654 4355 burhtrtyim
687 4289 817 4352 nuslp'nels
849 4291 1027 4357 viir'o'sntrga
1058 4295 1294 4359 selyemzsinoron
1325 4305 1441 4372 suggests

307 4381 428 4448 peesetjs
450 4381 603 4443 elveszett;
622 4393 639 4429 a
658 4377 765 4428 romeli.
784 4379 903 4442 herczeg
922 4381 1093 4448 Eszterhtay
1112 4385 1206 4436 caaltd
1224 4388 1442 4460 leveltctruiban.)

742 4623 1007 4638 *0-
