3148 5164
811 318 969 425 2⁷3„
1019 280 1022 288 ,

325 532 391 598 que
406 513 476 579 sine
492 512 613 580 herede
630 512 746 580 obierit
762 514 833 580 siue
851 510 1033 600 decesserit,
1060 513 1171 599 dandi,
1204 511 1411 594 relinquendi
1427 521 1461 578 et

308 617 527 704 assignandi,
559 619 737 702 ouiouuque
755 618 923 704 voluerint,
951 619 1088 684 liberam
1104 617 1250 687 habeant
1265 617 1458 686 facultatem
1554 661 1555 676 t

326 725 546 811 qnadraginta
562 723 705 808 denarijs
723 725 906 810 persolutis,
924 725 1099 792 seeundum
1124 723 1311 791 libertatem
1342 734 1454 793 nostre
1554 745 1555 792 5

324 833 548 921 possessionis.
579 833 650 919 llys
682 833 830 898 omnibus
863 831 950 901 datis
980 840 1013 900 et
1038 833 1212 916 persolutis
1228 833 1452 918 unnsquisque
1554 877 1555 924 3

324 941 453 1010 vineam
485 960 579 1011 suam
607 939 692 1008 colet
722 947 754 1007 et
785 940 927 1018 laboret;
951 945 983 1006 et
1008 938 1117 1006 vinum
1150 958 1243 1008 suum
1276 939 1456 1008 deduoatur
1554 969 1555 974 ¹

325 1053 450 1134 absque
481 1048 592 1134 aliquo
624 1049 816 1132 grauamiue
846 1047 917 1114 siue
935 1047 1039 1112 eoiam
1055 1045 1299 1130 impedimento.
1320 1049 1458 1134 Insuper
1554 1091 1555 1102 2

326 1158 464 1224 liberum
480 1157 624 1223 habeant
639 1155 817 1240 arbitrium,
851 1153 992 1222 turellas
1023 1157 1167 1239 ipsorum
1197 1154 1273 1220 vino
1306 1155 1455 1254 repletas,
1554 1177 1555 1180 ¹

325 1265 369 1332 ad
385 1284 496 1333 eurrus
511 1281 590 1330 suos
605 1263 826 1347 uuusquisque
841 1262 1010 1348 trahendo,
1037 1262 1103 1329 nisi
1117 1263 1300 1330 uoluntario
1317 1263 1457 1328 voluerit

324 1375 465 1457 aliquem
482 1391 539 1456 pro
556 1371 667 1456 preoio
684 1371 867 1438 conuenire.
882 1371 965 1436 Item
983 1371 1137 1438 custodes
1154 1391 1228 1437 auos
1260 1371 1407 1437 habeant
1424 1371 1456 1434 in

326 1481 431 1550 vineis
462 1479 505 1546 ad
522 1479 674 1564 placitum
705 1499 825 1564 eorum,
841 1485 1087 1562 nostrorumque
1105 1477 1270 1545 homiuum
1287 1499 1362 1546 oum
1380 1499 1450 1546 eon·
1554 1471 1555 1488 ¹

325 1589 396 1655 silio
412 1586 647 1656 conueniendo.
665 1589 706 1653 nt
720 1591 755 1654 ut
769 1587 834 1654 ista
850 1585 1045 1672 oomposioio
1078 1605 1135 1652 seu
1167 1586 1334 1652 ordinacio
1368 1587 1449 1652 inter

323 1713 383 1762 nos
415 1699 446 1758 et
461 1700 588 1762 nostros
605 1713 805 1762 euoeessores
820 1713 860 1759 ae
876 1694 1040 1780 predictos
1055 1693 1142 1760 eines
1159 1693 1399 1778 inperpetuum
1417 1701 1447 1760 et

324 1801 558 1870 inuiolabiliter
589 1802 694 1886 possit
727 1821 925 1888 permanere,
967 1809 1136 1886 presentes
1168 1802 1293 1868 litteras
1325 1809 1450 1867 nostras

324 1909 397 1994 pari
429 1909 600 1976 uoluntate
615 1916 648 1977 et
664 1908 852 1996 eonsen(su)
883 1929 955 1976 oum
971 1908 1123 1994 pendenti
1151 1907 1253 1992 sigilli
1269 1910 1373 1975 nostri
1388 1929 1452 1974 mu·

324 2017 447 2085 nimine
462 2016 596 2084 lecimus
612 2017 766 2084 roborari.
783 2019 901 2084 Datum
917 2019 951 2083 in
967 2015 1128 2083 domiuioa
1158 2015 1332 2083 Iuvooauit
1363 2035 1444 2082 anuo

324 2123 455 2191 Domini
471 2123 590 2191 ΜῡΟΟο
607 2126 818 2210 nonagesimo
835 2125 955 2209 quinto.

323 2322 464 2380 (Eredetia
491 2323 674 2387 bdrhatrtyttm
705 2325 823 2387 melyrdl
841 2338 859 2373 a
877 2322 1038 2386 sarge-zoin
1057 2323 1086 2373 ds
1106 2322 1275 2374 barna-zdld
1292 2321 1445 2384 sslysmzsi·

311 2410 413 2462 adron
432 2412 547 2476 li'rggdtt
576 2411 626 2462 ket
656 2413 752 2476 posset
782 2413 933 2476 elvesaett3
972 2427 989 2462 a
1016 2411 1102 2463 hudai
1127 2410 1181 2460 kir.
1194 2415 1198 2422 “
1213 2410 1344 2462 kamarei
1369 2409 1444 2459 level-

824 2500 947 2564 ttrbsn.)

848 3339 924 3407 462.

322 3540 373 3601 Aa
397 3541 582 3623 eaeterpama'
605 3537 764 3623 kdptalao
786 3539 892 3622 dtirja
915 3559 936 3600 a
959 3539 1084 3623 ayitras'
1107 3536 1337 3621 kdptelamralo
1368 3533 1443 3598 biao-

317 3667 401 3729 rryoe
426 3644 516 3710 Mea
535 3645 664 3730 kiretyi
677 3643 932 3731 fdloodsameeter·
957 3647 988 3710 da
1010 3645 1105 3710 Pdter
1135 3643 1199 3708 bde
1231 3643 1303 3707 ledat
1335 3641 1441 3707 tdrtdnt

476 3751 678 3818 birtoltosordt
699 3755 857 3838 tdrpyuzd
881 3751 1168 3839 otoooyoopleoatd.
1195 3751 1297 3816 1295.

429 3944 595 4014 Universis
626 3952 792 4032 presentes
824 3947 952 4014 litteras
976 3947 1168 4035 inspecturis
1186 3945 1372 4030 capitulum
1388 3943 1439 4007 lle·

316 4053 420 4120 elesie
436 4051 667 4138 strigoniensis
682 4054 818 4121 salutem
834 4055 867 4121 in
879 4053 1017 4124 Domino
1034 4053 1273 4139 sempiternam.
1290 4050 1439 4120 Nouerirt

320 4159 465 4228 vuluersi
497 4168 664 4256 presentes
695 4162 815 4248 pariter
848 4171 878 4230 et
893 4161 1002 4248 futuri,
1023 4162 1110 4247 qnod
1127 4162 1248 4229 nobilis
1265 4163 1318 4228 vir
1333 4159 1437 4226 Comes

319 4267 435 4336 Petrus
451 4267 537 4335 filius
552 4269 718 4356 Zoborlay
733 4269 774 4336 de
789 4289 907 4356 genere
924 4269 1036 4337 Ludau
1056 4269 1188 4336 nomine
1206 4274 1238 4336 et
1254 4269 1325 4335 vioe
1356 4266 1437 4347 Meg·

320 4372 408 4441 nilioi
439 4372 500 4442 viri
532 4376 662 4463 Mathey
692 4378 840 4464 Magistri
872 4377 1060 4464 Agasonum
1091 4413 1135 4424 -
1162 4405 1436 4425 -----

322 4477 455 4549 Comitis
473 4481 681 4553 Posoniensis
718 4483 839 4552 domiui
869 4485 929 4574 sui,
961 4486 1003 4554 ab
1036 4505 1101 4551 uua
1132 4490 1243 4571 parte;
1269 4491 1301 4552 et
1331 4484 1436 4551 Petrus

320 4583 404 4653 filius
435 4587 581 4672 Magistri
613 4593 696 4660 Boas
723 4595 763 4660 ab
779 4595 892 4683 altera,
909 4592 951 4662 ad
966 4600 1109 4662 nostram
1135 4593 1338 4678 presenoiam
1354 4607 1437 4659 acoe-
