3148 5164
686 919 760 986 tte.

153 1117 190 1220 A!
220 1116 377 1199 pazsoupi
402 1116 630 1200 kciplclumtalc
661 1116 929 1203 bizonyadpleoele‚
960 1121 1042 1204 hopp
1066 1117 1116 1183 Sa.
1136 1117 1292 1206 Gpiirpyc'

156 1221 321 1286 Atratum
337 1229 368 1287 e'a
377 1222 430 1304 fla
452 1223 482 1287 T
480 1230 573 1288 abacis
589 1224 699 1310 Billpe
717 1235 798 1291 nevil
814 1225 951 1292 biv-robor
967 1228 1150 1310 ellenpedlelt
1161 1229 1291 1308 Laudo,

540 1331 650 1396 Istucine
661 1333 791 1412 fiducie.
816 1332 913 1399 1296.

261 1521 330 1588 Nos
363 1522 515 1589 Nicolaus
549 1525 590 1590 de
606 1523 694 1590 Gara
710 1526 815 1608 Regni
841 1525 1010 1609 Hungarie
1043 1527 1215 1594 Palatinus
1246 1537 1278 1594 et

152 1629 262 1694 ludex
280 1629 494 1695 Cumanorum
512 1631 666 1698 memorie
682 1631 941 1699 commendantes
959 1639 1070 1698 tenore
1083 1637 1286 1716 presencium

154 1736 379 1819 significamus
396 1736 512 1819 quibus
530 1737 662 1822 expedit
676 1737 847 1822 uniuersis,
867 1739 952 1820 quod
967 1739 1003 1804 in
1020 1737 1286 1824 congregacione

154 1851 267 1918 nestra
283 1843 440 1909 Generali
455 1843 667 1912 Vniuersitati
685 1845 853 1912 Nobilium
873 1847 1077 1915 Posouiensis
1097 1853 1130 1914 et
1149 1850 1284 1915 Musoni·

155 1952 245 2016 ensis
271 1949 487 2017 Comitatuum
515 1951 597 2016 feria
626 1959 720 2018 sexta
753 1952 898 2036 proxima
929 1959 1005 2018 autu
1037 1954 1152 2020 festum
1185 1955 1287 2022 Beate

154 2059 341 2140 hlargarete
356 2057 503 2142 Virginis
519 2079 622 2144 prope
647 2057 821 2126 Ciuitatem
854 2061 1083 2129 Posoniensem
1119 2062 1284 2128 celebrata

155 2163 276 2230 nobilis
292 2162 424 2230 domina
441 2164 537 2230 Anna
553 2173 682 2248 vocata,
709 2165 780 2232 lilia
811 2165 957 2248 Furcasij
990 2167 1047 2252 fllij
1082 2167 1191 2234 Thero
1223 2169 1283 2256 filij

155 2269 302 2336 Laclislai
318 2271 375 2355 filij
393 2270 549 2355 Stephani
566 2270 607 2337 de
632 2271 756 2338 Alfalw
780 2273 846 2340 alio
878 2274 1011 2340 nomine
1042 2276 1135 2362 Arus,
1168 2277 1285 2344 coniux

154 2397 232 2443 vero
249 2377 405 2445 Huanreh
422 2378 592 2445 Teutonici
609 2378 650 2444 de
665 2378 772 2445 medio
789 2377 925 2446 aliorum
943 2382 1142 2469 exurgendo,
1171 2387 1282 2448 contra

153 2483 284 2551 Petrum
302 2484 402 2551 filium
421 2485 549 2570 Georgii
576 2485 634 2568 filij
666 2486 783 2553 Jacobi
815 2487 872 2574 filij
906 2489 1025 2572 prefati
1056 2489 1213 2575 Stephani
1244 2491 1284 2556 de

153 2594 267 2660 eadem
285 2593 408 2660 Alfalw
424 2595 597 2680 proposuit
612 2614 650 2662 eo
667 2594 774 2682 modu,
807 2597 967 2680 quomodo
993 2599 1137 2682 prefatus
1170 2597 1285 2664 Petrus

154 2701 241 2767 filios
258 2699 390 2785 Georgii
408 2700 572 2784 quandam
589 2702 828 2788 possessionem
846 2704 967 2790 Byllye
992 2715 1140 2773 vocatam
1168 2703 1285 2771 Distri-

155 2812 227 2876 etus
238 2807 429 2875 Challosz
439 2807 533 2874 titulo
554 2809 706 2892 empticio
718 2809 780 2876 sibi
796 2811 960 2894 pertinere
970 2808 1148 2893 debentem,
1160 2817 1284 2877 teneret

154 2920 187 2978 et
195 2918 518 2999 uteretur;preterea
535 2914 575 2980 de
595 2914 823 2983 medietatibus
852 2916 1094 3001 possessionum
1104 2919 1187 2984 aros
1213 2920 1285 2983 siue

155 3020 285 3106 Vyfalw
300 3021 489 3106 prescripte,
501 3040 541 3089 ao
552 3021 704 3108 Thykwd
720 3022 969 3098 nominatarum,
980 3021 1185 3107 porcionibus
1196 3021 1284 3090 ride·

149 3125 406 3212 licotprescripti
418 3127 566 3194 Ladislai
577 3129 632 3213 tilij
645 3129 803 3214 Stephani
813 3129 867 3195 aui
878 3129 936 3208 sui,
947 3129 998 3195 ius
1008 3149 1100 3196 suum
1118 3130 1279 3216 quartale,

156 3255 195 3302 eo
212 3233 298 3318 quod
313 3233 386 3318 ipsa
402 3241 558 3300 annotato
574 3236 729 3301 Huanreh
745 3235 934 3322 Teutonico,
951 3235 1071 3300 homini
1087 3235 1226 3319 ignobili
1251 3242 1283 3302 et

136 3341 442 3425 -impossessionato
458 3347 560 3426 nupta
577 3340 701 3427 luisset,
733 3361 805 3408 cum
823 3343 1028 3426 possessione
1044 3341 1166 3408 babere
1183 3342 1279 3409 debe·

150 3457 201 3514 ret
210 3446 271 3513 stb.
282 3447 345 3512 Vbi
355 3445 427 3532 ipsa
444 3443 576 3514 domina
585 3447 667 3515 duas
677 3448 801 3516 litteras
816 3449 934 3533 prefati
950 3447 1091 3534 Capituli
1103 3449 1278 3518 Posouieu·

151 3555 198 3620 sis
208 3554 430 3638 priuilegiales
446 3553 693 3622 demonstrauit.
704 3554 849 3632 Quarum
860 3557 966 3642 prima
980 3557 1063 3626 feria
1077 3563 1195 3642 quarta
1208 3578 1281 3642 pro·

149 3662 240 3727 xima
255 3667 333 3727 ante
349 3659 468 3727 festum
479 3661 671 3730 Natiuitatis
688 3664 782 3730 Beati
798 3663 958 3730 Johannis
975 3665 1124 3749 Baptiste
1140 3663 1173 3730 in
1189 3684 1277 3730 anuo

150 3769 301 3855 proxime
318 3775 481 3834 transacto
498 3769 684 3853 preteritum
702 3777 861 3854 emanata,
878 3771 1002 3837 babens
1019 3771 1052 3836 in
1078 3791 1114 3838 se
1139 3770 1279 3838 verbali-

148 3885 199 3942 ter
214 3875 464 3960 transscriptiue
480 3881 625 3942 tenorem
643 3875 824 3942 litterarum
848 3877 986 3947 aliarum
1014 3877 1160 3944 eiusdem
1187 3876 1281 3961 Capi·

149 3983 212 4049 tuli
231 3980 483 4066 priuilegialium
501 4002 587 4048 anno
604 3982 735 4049 Domini
753 3983 927 4050 millesimo
943 3982 1162 4050 ducentesimo
1179 4002 1279 4049 nona·

149 4091 274 4174 gesimo
290 4096 383 4155 sexto
398 4089 431 4154 in
449 4089 502 4156 die
518 4083 763 4175 Assumpeiouis
773 4089 920 4173 Virginis
932 4089 1083 4159 Gloriosa
1094 4098 1279 4158 exortarum

150 4195 331 4284 peripsum
349 4195 535 4282 Capitulum
551 4198 593 4262 ad
610 4197 797 4265 mandatum
814 4197 951 4280 Regium
967 4199 1001 4264 in
1018 4217 1128 4266 eorum
1154 4216 1283 4264 conser-

150 4303 281 4373 uatorio
297 4303 537 4371 reinnentarum
553 4303 796 4390 manifestabat,
813 4305 899 4389 quod
916 4305 1078 4372 accedens
1104 4303 1148 4371 ad
1173 4305 1279 4389 ipsius

143 4410 294 4498 Capituli
309 4410 517 4478 Pusouiensie
533 4409 735 4497 presenciam
762 4411 884 4477 Abram
911 4411 1017 4477 dictus
1049 4412 1181 4479 Abichk
1213 4432 1279 4478 vna

146 4540 222 4587 cum
238 4516 447 4586 Thomafilio
464 4538 523 4587 suo
540 4517 581 4584 de
613 4516 733 4584 Sancto
758 4517 899 4601 Georgio
929 4520 973 4594 ab
1003 4537 1068 4586 rna
1100 4525 1204 4606 parte,
1240 4519 1286 4585 ab

261 4653 364 4690 ποιων.
379 4652 462 4693 uuus.
478 4653 548 4691 uusr.
566 4665 607 4678 -
625 4653 698 4692 nuru.
714 4653 798 4695 xxm.-
1127 4629 1169 4694 38
