3148 5146
586 289 747 390 ‘’r-rr-

93 483 316 569 Ganeellario,
346 482 541 550 Lodomerio
572 480 778 570 Varadiensi‚
803 480 985 567 'l‘ymotheo
1001 479 1229 564 Zagrabiensi,

96 601 134 660 et
148 595 244 662 Petro
260 589 483 658 Transiluano
498 587 671 677 Episcopis
690 589 854 657 Eoolesias
870 587 932 655 Dei
948 585 1085 656 feliciter
1116 585 1233 669 guber·

98 699 265 770 nantibus.
283 696 443 764 Deonisio
459 693 547 784 (tgy)
557 697 719 783 Palatino,
737 696 861 764 Gemite
878 697 919 764 de
936 693 1055 763 Oklioh
1072 701 1104 761 et
1116 692 1232 762 Judiee

98 807 343 891 Cumanorum
365 803 502 873 Herrioo
519 803 610 872 Bane
628 804 730 873 toeins
762 804 946 890 Selauonie,
976 801 1114 872 Niooiao
1146 799 1231 886 Voy-

92 914 197 984 woda
226 913 445 982 Transilnano
477 911 601 981 Oomite
634 912 675 980 de
705 911 829 996 zonula,
870 911 1029 980 Joaohino
1070 909 1230 994 Magistro

94 1022 390 1092 Thawarnioorum
405 1027 588 1089 nostrorum
620 1018 740 1088 Ormite
770 1019 812 1088 de
841 1018 920 1106 Piis,
953 1019 1088 1087 Nicolao
1121 1014 1233 1086 Judiee

98 1129 201 1197 curio
232 1127 355 1197 Gemite
386 1127 427 1196 de
445 1127 605 1214 Gueeehs,
636 1127 730 1216 Moys
761 1129 918 1212 Magistro
944 1125 1231 1194 'I'hawarnioomm

99 1235 234 1304 domine
248 1235 371 1320 Regine
387 1235 548 1304 consortis
564 1241 674 1303 nostre
691 1234 864 1303 karissime
884 1232 1008 1302 Oomite
1023 1233 1231 1320 symigiensi,

96 1341 206 1411 Panlo
238 1343 331 1411 Bano
347 1341 388 1408 de
405 1339 554 1427 Zenrino,
584 1340 753 1409 Herbordo
784 1341 943 1428 Magistro
973 1341 1162 1426 Agasonum
1178 1359 1232 1406 no·

97 1455 243 1519 stromm
259 1447 384 1517 Oomite
402 1447 442 1515 de
472 1449 615 1534 Barana,
644 1447 780 1517 Nicolao
811 1447 968 1534 Magistro
999 1449 1233 1516 Pineemamm

98 1564 300 1645 nostrorum,
342 1555 469 1625 Joahno
509 1555 634 1625 Gemite
664 1556 888 1645 Snpruniensi,
928 1555 1076 1624 Dendalo
1109 1553 1232 1622 Gemite

95 1663 305 1749 Zaladiensi,
322 1669 355 1733 et
369 1662 445 1750 alijs
460 1684 556 1749 quam
576 1662 723 1752 pluribus
756 1663 934 1732 Comitatus
966 1663 1070 1749 Regni
1098 1665 1233 1733 tenenti·

99 1771 165 1839 bns
180 1779 212 1839 et
227 1770 379 1840 honores.

96 1967 247 2030 OErsdetis
278 1965 465 2032 berhartyan,
496 1967 626 2034 melynek
656 1965 818 2019 sold-vertis
849 1968 1088 2033 selyemasintron
1119 1971 1234 2038 suggest

210 2056 337 2122 paesetje
359 2057 502 2121 elvsszett,
533 2071 551 2108 a
580 2055 668 2110 budai
698 2057 752 2109 kir.
781 2057 909 2110 kamarai
936 2057 1132 2126 levelttrban.)

637 2872 712 2941 loe.

99 3070 165 3138 IV.
181 3072 302 3140 Medo
316 3068 495 3154 tirdtyoat
520 3091 541 3134 a
572 3073 751 3158 oasmeqyee'
781 3073 910 3157 tirotyi
939 3073 1065 3160 o'jdszok
1094 3071 1235 3138 tirtotot

95 3179 266 3265 tdrqyazo
282 3175 469 3261 adomdayo
484 3172 639 3242 Horrood
654 3200 675 3241 a
701 3175 855 3263 kirolyoo
869 3173 1048 3260 ftitdlnoka
1073 3184 1235 3246 azdmdra.

623 3280 721 3345 1274.

213 3471 391 3543 Ladialaus
426 3475 488 3542 Dei
520 3473 633 3560 gracia
665 3473 841 3560 [longerie
873 3473 1055 3564 Delmaeie,
1090 3478 1235 3566 Oroaeie,

96 3583 221 3668 Reme,
247 3579 373 3669 Seruis,
399 3580 552 3663 Gallicis,
583 3581 785 3670 Lodomerie‚
817 3583 986 3666 Cumanis,
1016 3583 1238 3671 Bulgarieque

90 3691 178 3757 Rex
192 3687 355 3757 vniuersis
370 3685 490 3755 Christi
507 3687 656 3756 fidelibus
674 3695 857 3774 presentem
873 3689 1030 3776 paginam
1046 3691 1238 3778 inspecturis

93 3797 250 3865 salntem
279 3795 315 3861 in
346 3792 490 3862 omnium
519 3796 695 3864 saltatore.
727 3797 818 3884 Erga
857 3798 993 3884 Regiam
1034 3799 1238 3869 Maiestatem

90 3904 202 3992 parui
222 3901 331 3971 meriti
356 3909 526 3992 putaretur
551 3903 703 3994 fidelitas,
727 3903 755 3974 si
772 3913 955 3975 remaneret
978 3907 1156 3978 infidelitas
1179 3910 1235 3977 im·

88 4009 243 4099 punitam
277 4016 354 4080 tune
376 4009 463 4077 enim
487 4011 673 4080 elneeseunt
706 4011 854 4100 uirtutes,
878 4032 951 4080 eum
975 4014 1115 4086 innieem
1139 4038 1237 4106 oppo-

89 4123 236 4205 nuntur,
254 4124 288 4186 et
297 4117 434 4188 uirtutes
451 4119 548 4206 nieiJ's
565 4119 780 4206 preferuntur.
796 4119 939 4188 Proinde
955 4119 998 4188 ad
1013 4123 1236 4196 uniuersorum

65 4223 264 4294 'noticiam
279 4231 393 4294 tenore
418 4225 620 4314 presencium
651 4227 801 4318 volumus
833 4229 1026 4318 peruenire:
1044 4231 1130 4318 quod
1161 4235 1238 4318 quia

84 4331 272 4420 sagittarij
307 4332 450 4419 Regales
481 4333 523 4404 de
553 4331 717 4404 comitatu
747 4336 854 4406 Oestri
894 4338 1015 4418 Ferret
1046 4339 1240 4427 priostum

85 4438 245 4509 Herrioo
277 4439 420 4526 quodam
452 4443 542 4511 liano
561 4442 756 4531 Solanonie,
789 4443 844 4529 qui
875 4465 912 4515 se
943 4451 1088 4534 tempore
1118 4445 1242 4517 domini

83 4547 269 4636 Stephani
302 4547 511 4620 serenissimi
535 4549 635 4637 Regis
651 4549 819 4638 Hungarie
834 4551 939 4640 patris
954 4557 1057 4624 nostri
1073 4553 1241 4631 karissimi
