3124 5152
579 319 739 418 joe-

110 517 187 581 Data
209 515 243 580 in
260 513 370 582 duoali
384 511 526 600 pallotIo
542 513 575 580 in
592 512 771 602 prescripto
788 513 970 593 millesimo,
988 521 1019 582 et
1034 515 1221 604 indictione,

111 621 155 688 die
170 627 200 688 et
214 627 353 690 exeunte
372 621 497 689 Martio.

187 821 221 882 (A
239 821 342 872 »Liber
360 821 467 872 socius«
488 821 579 873 ozimit
598 822 737 875 velenonei
757 822 996 887 dilamko'nyvbou
1019 827 1076 874 171.
1096 825 1126 886 1.)

619 1737 693 1804 269.

104 1929 209 2000 Cherso
225 1935 408 2001 dalmatiai
423 1938 523 2022 seiont
539 1944 717 2001 ototutumo
734 1959 754 1998 o
770 1935 915 2002 bitoou'di
930 1935 1024 2001 esent
1043 1939 1123 2000 uiuite
1130 1937 1214 2020 jo'ro'

488 2045 692 2131 biredyokrdi.
717 2045 817 2112 1280.

198 2241 247 2307 De
277 2240 627 2326 condempnaoIonibue
658 2243 691 2307 ot
706 2239 825 2308 bannis
850 2239 1030 2309 Comitatus
1047 2240 1169 2328 chorei,
1184 2249 1217 2311 et

101 2347 226 2432 Reguliu
250 2348 374 2415 domini
398 2348 506 2414 Ducis.
537 2347 710 2416 MilleeImo
735 2347 955 2416 ducentesimo
986 2349 1215 2436 ootoogeeimo,

102 2453 264 2524 indictione
280 2457 368 2524 VIII.
386 2457 440 2524 dio
456 2463 570 2542 quarto
586 2463 727 2524 exeunte
741 2455 874 2545 Marcio,
891 2463 988 2542 capta
1018 2455 1081 2524 fuit
1109 2479 1186 2544 paru
1204 2485 1213 2526 ε

101 2563 175 2646 qnod
188 2565 244 2632 fiat
260 2585 333 2633 oum
349 2566 533 2634 hominibus
551 2565 732 2634 Comitatus
747 2565 872 2653 chorei,
887 2566 917 2633 ei
932 2565 1002 2633 fiori
1018 2573 1125 2652 potest
1141 2585 1212 2634 oum

99 2671 249 2738 volentate
288 2673 453 2740 hominum
487 2669 674 2758 Comitatus,
716 2671 801 2757 quod
834 2673 1149 2760 eondompnooioneu
1180 2681 1214 2739 et

99 2778 195 2847 banna
210 2781 343 2848 veniant
359 2782 392 2848 in
410 2780 585 2849 Commune
603 2801 710 2849 eorum
731 2787 877 2867 tempore
893 2783 987 2848 istius
1005 2781 1155 2861 Oomitie3
1179 2787 1212 2846 et

100 2885 201 2955 domm
217 2894 366 2957 teneatur
382 2897 413 2957 et
428 2909 499 2959 esee
516 2892 633 2960 debeat
649 2890 815 2959 studiosus
825 2891 868 2957 nd
879 2888 1106 2958 excutiendum
1122 2889 1211 2974 ipsas

98 2997 409 3084 condempnaoiones,
424 2999 509 3066 uieut
524 2999 553 3066 ui
570 2999 717 3067 venirent
732 2997 766 3064 in
783 3017 865 3064 oum.
881 2997 922 3063 ut
938 2995 978 3063 de
994 2999 1074 3080 ipsis
1092 2999 1210 3066 debeat

98 3104 170 3169 solvi
197 3104 356 3190 regaliam
382 3104 504 3172 domini
522 3105 632 3190 Duoie,
648 3103 799 3172 videlieet
815 3103 917 3172 libras
933 3103 1025 3191 Dec,
1043 3111 1075 3174 et
1090 3107 1120 3174 ui
1135 3105 1211 3174 doti-

97 3209 159 3298 niet,
173 3210 258 3296 qnod
273 3219 444 3280 teneantur
459 3213 633 3300 supplere3
658 3221 690 3281 et
706 3216 732 3282 si
749 3235 813 3282 non
830 3214 949 3299 poterit
963 3215 1033 3282 fiori
1048 3231 1106 3298 per
1130 3220 1209 3282 tem·

97 3336 151 3399 pue
176 3319 268 3388 istius
294 3317 438 3405 Comitio,
469 3321 526 3388 fiat
551 3343 608 3407 per
623 3330 748 3389 tantum
766 3330 904 3407 tempus,
920 3329 1074 3406 quantum
1090 3322 1211 3408 poterit

95 3423 165 3512 fieri,
179 3435 209 3494 et
222 3425 401 3496 Comitatus
415 3437 584 3496 remaneat
600 3449 670 3496 oum
687 3429 868 3496 redditibus
883 3435 916 3494 et
950 3427 1206 3498 honorifieonoiie

95 3531 124 3596 iu
152 3533 302 3603 Comitem
319 3555 340 3601 a
369 3533 452 3602 festo
477 3535 580 3603 Beate
596 3537 698 3605 Murio
714 3539 861 3624 proximo
879 3537 1031 3622 preterito
1048 3539 1082 3604 In
1099 3545 1209 3610 antea,

94 3646 122 3704 et
135 3640 199 3726 ipse
212 3647 361 3710 teneatur
376 3643 574 3730 respondere
589 3644 628 3711 do
644 3645 767 3730 regalia
783 3645 905 3712 domiui
920 3646 1038 3713 Dueie.

96 3835 129 3898 (Ᾰ
149 3841 244 3895 ’Liber
262 3841 439 3896 communis«
459 3844 550 3895 ozimd
567 3845 706 3897 velenezei
724 3844 902 3911 illumkdnyv
920 3845 957 3896 11.
976 3843 1034 3895 kint.
1056 3847 1114 3895 188.
1141 3844 1208 3910 lap.)
