3096 5160
858 1223 932 1292 382.

328 1481 390 1546 IV.
412 1481 527 1546 Lanato
540 1479 647 1560 kirtly
655 1479 865 1566 joudluagpje
881 1479 977 1564 Moys
992 1489 1098 1544 mester
1114 1480 1316 1565 dzoeppe'nela
1340 1481 1437 1543 adoe're

329 1590 472 1656 manda
495 1593 640 1657 eadmero
663 1592 788 1670 tortam,
815 1587 974 1674 Zopukam
998 1589 1157 1673 belyadget
1186 1588 1344 1674 tdrppaad
1370 1586 1436 1652 ade·

749 1697 890 1783 mdaydt.
925 1697 1023 1764 1287.

436 1949 612 2016 Ladinlans
628 1948 690 2014 Dei
707 1948 1007 2034 graeiatlungarie,
1027 1948 1209 2035 Dalmaeie,
1229 1947 1370 2034 Groneia,
1385 1949 1436 2012 Ra-

329 2077 388 2144 me,
405 2057 527 2142 Seruie,
543 2057 692 2145 Gallieie,
719 2057 918 2142 Lodomorie,
951 2054 1106 2124 Cumanie
1137 2056 1352 2142 Bulgarioqne
1378 2056 1438 2120 Rex

327 2165 474 2232 omnibus
512 2175 580 2233 tam
621 2165 825 2251 presentibus
855 2186 952 2250 quam
984 2163 1101 2232 luituris
1133 2183 1267 2250 presens
1298 2163 1436 2250 seriptum

329 2272 521 2356 inspecturis
537 2273 676 2342 salutem
693 2273 725 2340 in
740 2293 817 2339 vero
833 2273 980 2354 salutari,
1013 2272 1106 2350 Quod
1130 2273 1235 2356 Regia
1265 2271 1437 2338 auctoritate

328 2377 483 2468 sancitur,
501 2387 656 2466 perpetuo
674 2381 785 2448 nititur
802 2379 1013 2447 fundamento
1030 2379 1202 2446 firmitatis.
1244 2379 1379 2447 Proinde
1401 2375 1436 2442 ad

328 2485 551 2554 uniuersorum
567 2496 633 2556 tum
652 2489 852 2576 presencium
871 2509 968 2574 quum
987 2489 1162 2556 futurorum
1173 2487 1328 2556 noticiam
1338 2488 1437 2553 harum

327 2593 411 2662 serie
426 2597 573 2664 uolumus
589 2599 759 2684 peruenire
778 2623 785 2664 ι
802 2598 889 2682 quod
915 2619 987 2664 eum
1019 2598 1063 2664 ad
1088 2597 1252 2664 dominam
1283 2593 1438 2663 Elisabeth

328 2721 469 2770 sororem
487 2713 628 2771 nostram
645 2703 853 2773 karissimam
870 2706 1124 2772 accessissemus
1140 2705 1183 2771 ad
1208 2703 1352 2772 Insulam
1379 2701 1438 2768 Vir·
1525 2719 1526 2722 ¹

327 2809 415 2894 ginis
432 2811 589 2902 Gloriosa,
605 2811 737 2881 domina
753 2813 868 2880 relicta
883 2813 1031 2898 Magistri
1047 2813 1141 2899 Moys
1172 2821 1313 2898 aogmata
1341 2817 1439 2877 nostra

328 2918 419 2984 nobis
435 2920 546 2986 retulit
562 2921 693 2988 oraculo
709 2921 783 2988 viue
800 2923 900 3004 uocis,
925 2921 1011 3006 quod
1027 2919 1192 3004 quandam
1210 2928 1329 2986 terram
1348 2920 1437 3004 Zopu·

327 3025 393 3095 kun
411 3035 559 3096 vocatam
576 3048 676 3116 prope
693 3030 797 3096 Erebe
815 3029 1016 3116 existentem,
1034 3049 1131 3112 quam
1148 3027 1262 3095 eadem
1288 3049 1329 3096 ex
1354 3025 1440 3092 eolla·

292 3161 296 3170 ·
327 3133 418 3201 cione
435 3135 564 3203 domine
582 3137 703 3222 Regina
720 3137 879 3205 consortis
896 3141 1004 3204 nostre
1020 3134 1193 3205 karissime
1209 3135 1330 3219 babuit,
1348 3131 1441 3201 tenuit

327 3248 359 3306 et
376 3245 533 3331 possedit,
552 3265 625 3312 cum
652 3245 719 3312 suis
746 3245 956 3332 pertineueiJs
983 3244 1045 3333 (et)
1077 3245 1262 3330 attincneijs
1293 3239 1440 3310 uniuersis
1524 3257 1525 3288 ³

327 3347 425 3432 dedit,
440 3351 574 3418 donauit
591 3359 622 3420 et
638 3353 771 3420 contulit
787 3353 893 3420 eidem
910 3353 1039 3421 domine
1055 3353 1232 3438 Elisabeth,
1258 3372 1323 3418 non
1341 3350 1439 3416 Eccle-

326 3457 373 3526 sia
390 3459 449 3527 sed
466 3479 612 3548 persone,
630 3461 698 3528 iure
715 3468 869 3548 perpetuo
887 3462 1022 3548 pacifice
1038 3468 1070 3530 et
1081 3461 1190 3546 quiete
1201 3458 1441 3548 possidendam3

326 3575 439 3654 petens
456 3587 526 3635 eum
538 3568 710 3657 instancia,
728 3577 761 3636 rt
771 3569 916 3656 predicte
928 3570 1100 3638 donacieni
1111 3589 1303 3638 consensum
1312 3569 1441 3654 Regium

327 3678 462 3759 prebere
478 3676 687 3761 dignaremur
704 3686 736 3744 et
752 3697 931 3746 assensum.
964 3677 1033 3746 Nos
1049 3677 1147 3762 igitur
1163 3679 1256 3745 iustis
1272 3683 1305 3744 et
1321 3675 1442 3757 eondig·

325 3783 377 3851 nis
401 3784 615 3870 peticionibus
641 3785 785 3854 eiusdem
803 3786 933 3854 demine
949 3786 1099 3855 inclinati
1114 3785 1216 3869 Regio
1233 3805 1304 3853 oum
1330 3785 1442 3866 fauore,
1523 3789 1524 3806 ¹

325 3892 482 3976 premisse
509 3893 676 3962 eollaeioni
693 3913 884 3962 eonsensum
910 3896 1097 3980 prebuimus
1114 3893 1291 3978 liberalem,
1319 3893 1362 3959 de
1378 3913 1444 3958 een·

323 3999 474 4068 niuencia
488 4001 606 4070 Nostra
630 4003 812 4071 Maiestatis
845 4002 954 4090 dando
986 4003 1089 4071 eidem
1121 3999 1249 4073 domine
1279 3999 1444 4070 E-sorori

323 4115 432 4176 nostre
447 4107 644 4198 facultatem,
663 4111 768 4196 ipsam
784 4117 904 4178 terram
922 4131 979 4196 pro
996 4131 1031 4178 se
1047 4109 1219 4196 retinendi,
1234 4117 1292 4176 au*-
1307 4107 1444 4178 donandi

324 4213 376 4282 vel
400 4215 573 4303 vendendi,
605 4236 664 4284 seu
688 4217 789 4284 ceiam
805 4217 921 4301 quouis
937 4217 1031 4284 modo
1047 4215 1213 4284 alienandi
1230 4215 1263 4282 in
1278 4225 1383 4284 morte
1397 4217 1443 4284 uel

324 4321 358 4389 in
384 4323 463 4392 uita.
502 4326 541 4392 In
573 4325 662 4394 euius
694 4326 741 4393 rei
766 4326 954 4394 memoriam
984 4325 1232 4411 firmitatemque
1263 4333 1444 4412 perpetuam
1522 4345 1523 4348 ¹

323 4438 491 4517 presentes
506 4433 725 4502 concessimus
751 4433 878 4502 litteras
904 4433 1064 4520 dupplieis
1096 4433 1199 4518 sigilli
1224 4432 1324 4500 nostri
1350 4433 1444 4501 mnni-

323 4541 408 4610 mine
437 4542 615 4610 roboratas.
644 4541 764 4610 Datum
795 4562 852 4629 per
883 4563 998 4610 manus
1024 4542 1171 4628 Magistri
1194 4541 1360 4612 Theodori
1375 4545 1443 4610 Pre

323 4647 420 4730 positi
451 4647 660 4734 Zybiniensis
676 4647 761 4717 Aule
776 4655 885 4720 nostre
900 4649 1176 4734 vicecancellarij
1193 4648 1305 4718 dilecti
1322 4657 1353 4718 et
1371 4650 1443 4718 dde-
