3096 5160
583 301 744 406 -Q

101 531 171 578 cum
188 515 299 576 tamen
317 507 391 590 ipsa
407 511 491 571 terre
507 499 667 588 particula
683 496 746 565 sibi
763 501 945 581 competere
961 494 1103 580 deberet,
1131 514 1229 579 qnam

100 617 255 684 rehabere
286 614 385 686 vellet
416 613 459 678 ab
476 609 600 677 eisdem
616 611 686 692 jure
702 603 902 673 admittente.
927 603 998 682 Quo
1014 602 1127 670 audito
1144 602 1229 670 idem

101 723 287 811 Stephanus
303 742 362 806 pro
379 740 416 788 se
431 713 654 804 personaliter,
685 721 717 780 et
748 733 807 799 pro
838 713 912 798 ipso
944 710 1119 778 Valentino
1152 730 1224 778 oum

98 831 332 918 procuratorijs
349 829 467 910 litteris
483 825 602 894 uostris
621 819 809 906 exurgendo
827 817 995 904 respondit
1011 838 1052 885 cx
1067 817 1231 904 aduersc;

100 935 183 1024 qnod
199 939 283 1005 bene
300 955 409 1004 uerum
424 935 518 1018 foret,
536 937 572 999 vt
602 930 666 1017 ipsi
697 927 860 1014 quandem
893 933 1017 1014 partem
1049 926 1229 1012 proscripte

98 1044 319 1132 possessionis
350 1041 506 1127 Helmey,
539 1038 746 1106 medietatem
777 1035 899 1103 scilicet
911 1033 1074 1122 porcionis
1090 1033 1227 1102 condam

97 1152 269 1239 Laurencij
287 1149 345 1236 filij
363 1148 487 1236 Beylud
513 1151 741 1216 conseruantes
773 1151 957 1228 vtereutur;
975 1149 1007 1208 et
1039 1163 1136 1228 super
1167 1143 1229 1211 hoe

97 1263 225 1329 litteras
256 1257 415 1326 haberent
445 1254 604 1324 efficaces.
646 1253 708 1320 Vbi
739 1251 811 1338 ipse
851 1251 1037 1337 Stephanus
1067 1251 1227 1336 quasdam

96 1370 223 1436 litteras
238 1365 383 1452 Capituli
413 1363 559 1432 Ecclesie
586 1361 758 1446 Agrieusis
790 1359 1015 1444 priuilegiales
1048 1359 1226 1446 alphabeto

95 1477 266 1544 intercisas
292 1496 380 1542 anno
396 1470 530 1540 Domini
546 1471 595 1536 Μ0
611 1468 832 1536 ducentesimo
848 1467 1059 1551 nonagesimo
1085 1468 1227 1536 seeundo

95 1591 228 1652 exortas
248 1583 341 1650 uobis
371 1578 571 1667 presentauit
602 1575 827 1656 declarantes;
851 1573 938 1659 quod
969 1572 1122 1642 Ladiulao
1153 1575 1221 1644 filio

93 1691 212 1758 Jacobi
242 1689 300 1776 filij
331 1686 414 1756 Both
445 1687 486 1755 de
516 1686 668 1772 HaImay,
701 1691 734 1752 et
749 1684 932 1752 Laureneio
957 1682 1023 1750 filio
1040 1683 1163 1772 Beylud
1182 1686 1224 1753 de

94 1798 209 1865 eadem
226 1818 266 1864 ex
282 1819 346 1865 vna
361 1802 465 1884 purte,
482 1796 525 1863 ab
541 1797 645 1862 altera
670 1813 746 1862 vero
776 1793 953 1860 Valentino
982 1791 1048 1860 lilio
1079 1793 1225 1880 Bodyalo

94 1905 137 1970 de
169 1905 283 1974 eadem
311 1905 453 1991 Halmay
468 1902 710 1988 consanguineo
728 1899 899 1970 eorundem
917 1919 1025 1968 eoram
1041 1901 1113 1987 ipso
1129 1901 1223 1987 Capi·

94 2011 165 2078 tulo
197 2013 390 2096 constitutis,
424 2031 481 2096 per
520 2009 669 2098 prefatos
708 2008 901 2075 Ladinlaum
943 2014 976 2074 et
1006 2007 1220 2077 Laurentium

92 2121 295 2204 propositum
326 2119 522 2186 extitisset:
554 2117 640 2202 quod
681 2115 888 2186 medietatem
924 2115 1087 2202 porcionis
1117 2117 1221 2202 ipsius

92 2227 280 2316 Laurencij‚
320 2247 416 2314 qnam
447 2223 532 2293 idem
563 2225 729 2293 habuisset
762 2226 796 2292 iu
838 2223 926 2293 dicta
958 2231 1047 2292 terra
1077 2223 1221 2312 Halmay

93 2355 196 2420 prope
226 2335 359 2402 fluuium
376 2333 512 2402 Hamad
538 2335 572 2401 in
597 2334 761 2401 comitatu
776 2332 862 2401 Noui
879 2332 984 2401 (lustri
1001 2335 1164 2420 existenti,
1179 2338 1220 2403 oh

92 2463 206 2510 veram
227 2441 436 2512 dileccionem
469 2439 791 2526 consanguiucitatis,
824 2447 857 2508 et
887 2441 1016 2508 nomine
1036 2443 1223 2527 generacio·

89 2552 150 2634 nis,
182 2551 243 2616 sub
275 2549 464 2616 condicione
479 2549 596 2618 litteris
612 2548 646 2614 in
662 2547 786 2616 eisdem
817 2546 985 2617 declarata
1001 2549 1171 2619 dedissent
1188 2561 1220 2622 et

89 2656 305 2725 contulissent
346 2657 518 2728 Valentino
558 2655 744 2744 supradicto
786 2663 819 2724 et
858 2655 1004 2724 eiusdem
1047 2658 1219 2728 heredibus

82 2767 159 2850 jure
194 2771 348 2850 perpetuo
364 2765 500 2850 pacifice
518 2763 751 2852 possidendam
768 2770 800 2832 et
815 2763 1000 2832 habendam
1018 2765 1081 2833 stb.
1098 2768 1162 2834 Pro
1179 2789 1217 2835 eo

85 2872 313 2957 pretitulatum
329 2871 535 2941 medietatem
553 2873 733 2960 prescripte
764 2873 927 2960 porcionis
958 2873 1104 2942 annotati
1135 2875 1227 2969 Lau-¹

85 2979 191 3064 rencij
223 2977 282 3064 filij
313 2979 440 3066 Beylnd
471 2981 505 3046 iu
521 2978 650 3065 prefata
664 2979 809 3066 Halmay
826 2980 1028 3048 adiacentem
1041 2978 1166 3050 'eisdem
1182 2983 1217 3052 in

84 3108 224 3155 causam
264 3087 411 3154 attractis
442 3105 480 3153 eo
509 3087 594 3174 juris
625 3088 730 3173 titulo,
777 3109 841 3173 quo
872 3087 918 3156 eis
951 3109 991 3156 ex
1022 3089 1216 3174 preexhihiti

82 3193 253 3281 priuilegij
285 3191 472 3264 fulcimento
497 3195 674 3264 dinoscitur
691 3197 861 3283 pertinere,
878 3196 1104 3266 adiudieantes
1120 3199 1215 3267 reliu-

81 3303 216 3387 qnimus
232 3309 264 3371 et
279 3303 509 3372 committimus
526 3303 590 3372 sibi
605 3323 780 3388 eorumque
798 3303 994 3390 quibuslibet
1024 3284 1164 3394 posteris
1181 3307 1215 3375 in

80 3411 319 3497 sempiternum
348 3417 460 3480 tenere
490 3419 523 3480 et
553 3413 676 3480 habere
699 3413 890 3481 auctoritate
906 3419 1020 3482 nostra
1033 3412 1215 3485 Jndiciaria

77 3519 249 3585 mediante
265 3517 358 3586 saluo
372 3520 444 3587 iure
459 3520 568 3588 alieno
593 3521 655 3592 eth.
685 3522 804 3590 Datum
827 3521 986 3607 vigesimo
1017 3528 1130 3591 octauo
1161 3521 1214 3590 die

78 3625 362 3711 congregacionis
400 3635 508 3696 nostre
547 3627 692 3716 predicte
722 3629 757 3694 in
797 3631 868 3698 loco
909 3637 1087 3700 memorato
1126 3653 1212 3701 anno

76 3733 213 3802 Domini
228 3734 278 3800 Ma
293 3733 610 3820 quadringentesimo
626 3745 728 3806 sexto.

75 3934 224 3995 (Eredetie
249 3931 434 4001 borhhrtyam
467 3951 483 3987 a
513 3935 660 3990 utdcrnak
690 3938 823 3990 keu-able
852 3940 1089 4006 selyemzsinbron
1121 3943 1209 4010 liiggd

242 4023 365 4090 peccetje
384 4025 476 4092 alatt5
495 4039 512 4079 a
530 4025 616 4080 budai
634 4028 687 4079 lrir.
706 4029 834 4084 kamarai
853 4029 1048 4096 levelttrben.)

510 4313 778 4330 m
