3148 5164
617 305 779 408 ff...

241 497 522 564 Excellentissimo
539 497 669 564 domino
686 519 744 565 suo
760 496 889 563 Andree
906 497 965 563 stb.
999 497 1213 583 (kbvetlsezik
1250 519 1271 562 a

135 604 255 689 nyitrai
272 603 504 691 kdptalannak
513 604 686 689 jelentese,
703 605 784 670 mint
799 604 898 670 altbb
915 607 991 672 473.
1010 623 1055 670 sa.
1074 602 1119 690 a.)

243 712 311 778 Nos
328 713 439 794 itaque
456 710 747 779 commendabilem
764 710 950 778 fidelitatem
969 716 1001 777 et
1017 718 1111 792 grata
1127 713 1271 780 seruicia

139 817 281 884 eiusdem
299 819 433 884 Comitis
449 818 591 900 Martini,
627 838 689 901 que
706 817 801 884 nobis
819 819 852 883 in
871 817 1018 884 omnibus
1049 817 1266 900 expedicioni·

139 926 198 991 bus
215 927 341 1012 nostris,
357 935 392 993 ot
407 927 593 1014 specialiter
611 934 724 994 eontra
740 927 901 993 Bobemos
918 933 950 992 et
967 925 1186 992 Theutouioos
1212 947 1270 1012 pro

133 1037 383 1101 cousernacione
407 1035 614 1101 confiniorum
631 1036 736 1118 Regni
752 1034 853 1101 nostri
871 1034 1055 1101 continuum
1082 1034 1262 1099 conflictum

136 1140 373 1222 committendo,
399 1149 432 1206 et
447 1143 549 1208 eciam
566 1149 680 1209 contra
696 1143 845 1208 Berones
862 1141 966 1224 Regni
984 1139 1098 1225 nostri,
1125 1140 1178 1222 qui
1197 1140 1262 1224 spi·

134 1248 197 1312 ritu
214 1247 414 1314 infidelitatis
431 1249 560 1315 incitati
576 1257 690 1315 contra
707 1250 860 1314 Nostram
878 1247 1064 1314 nitebantur
1089 1246 1265 1331 procedere

133 1355 350 1438 Maiestatem,
376 1357 520 1422 exhibuit
547 1364 578 1423 et
609 1354 777 1442 impendit,
809 1377 901 1423 suam
933 1375 1105 1442 personam
1138 1356 1271 1423 iortune

132 1462 266 1527 casibus
282 1462 455 1547 preliomm
473 1471 607 1548 propter
622 1464 815 1530 fidelitatem
832 1462 937 1530 Nobis
953 1469 985 1528 et
1011 1462 1137 1530 Corone
1164 1463 1267 1545 Regio

132 1567 274 1634 debitam
289 1589 355 1636 non
381 1569 560 1636 formidans
591 1591 764 1655 exponere,
806 1560 1024 1654 attendentes,
1050 1567 1269 1653 'volentesque

131 1696 192 1761 pro
210 1683 258 1742 tot
274 1683 307 1742 et
325 1679 426 1743 tantis
443 1677 591 1762 seruicijs
618 1678 811 1744 fidelitatum
836 1679 940 1763 ipsius
972 1677 1106 1744 Comitis
1136 1676 1269 1742 Martini

130 1783 238 1849 eidem
255 1801 426 1850 occurrere
441 1785 542 1862 Regio
559 1805 630 1851 cum
641 1784 761 1872 fauore,
777 1785 1122 1869 quamquamplnraet
1133 1781 1266 1867 pociora

131 1894 319 1974 mereretur,
351 1889 385 1955 iu
402 1891 579 1974 aliqualem
596 1893 934 1978 recompensacionem
952 1891 1163 1958 seruioiorum
1195 1909 1268 1956 sno-

132 2017 205 2063 rum
222 1995 343 2061 dictam
361 2003 479 2066 terram
496 1999 603 2065 Suran
619 2019 691 2064 cum
709 1998 776 2066 suis
793 1998 988 2064 utilitatibus
1004 2003 1038 2062 et
1054 1996 1266 2082 pertinencijs

131 2103 305 2191 vniuersis,
322 2113 417 2190 prout
433 2107 508 2172 olim
526 2127 583 2193 per
599 2108 707 2192 ipsum
723 2107 872 2174 Castrum
899 2113 1044 2173 nostrum
1075 2104 1264 2192 Nyttriense

131 2212 247 2277 habita
271 2212 386 2296 iuerat,
412 2213 475 2298 ipsi
501 2211 617 2279 Gomiti
642 2215 793 2300 Martino,
820 2221 918 2298 etper
928 2231 1000 2279 eum
1010 2211 1077 2278 suis
1089 2211 1266 2279 heredibus

131 2316 350 2402 heredumque
360 2339 490 2387 suorum
501 2320 741 2388 suecessoribus
753 2321 822 2392 iure
833 2327 991 2406 perpetuo
1003 2327 1034 2386 et
1044 2320 1109 2384 irre
1136 2319 1267 2385 uocabi-

131 2426 204 2492 liter
214 2425 562 2494 dedimusdonauimus
575 2437 608 2494 et
618 2427 810 2494 contulimus
821 2425 1060 2511 possidendam.
1070 2426 1107 2490 ln
1119 2425 1209 2493 cuius
1219 2427 1266 2492 rei

130 2532 318 2598 memoriam
330 2533 579 2617 firmitatemque
589 2540 779 2618 perpetuam
791 2543 959 2618 presentes
970 2532 1186 2600 concessimus
1214 2533 1267 2598 lit·

130 2645 218 2706 teras
229 2637 393 2724 dupplicis
404 2639 611 2724 sigillinostri
622 2640 989 2707 munimiueroboratas.
1001 2639 1121 2706 Datum
1133 2658 1270 2723 perma-

131 2745 510 2830 rusvenerabilispatris
541 2746 703 2813 Thmdori
736 2745 797 2812 Dei
824 2747 937 2830 gracia
978 2745 1134 2830 Episcopi
1159 2745 1266 2811 Jauri·

132 2851 221 2916 ensis
238 2851 444 2917 Auleuostre
470 2851 667 2936 Cancellarij
694 2851 806 2918 dilecti
840 2860 873 2916 et
903 2850 1011 2915 fidelis
1043 2849 1148 2916 nostri
1179 2868 1268 2915 anno

130 2957 264 3024 Domini
280 2957 451 3024 millesimo
469 2956 537 3025 00ο
552 2961 766 3043 nonagesimo
778 2965 878 3042 sexto,
894 2957 1007 3040 quinto
1018 2955 1091 3021 idus
1103 2953 1266 3040 Octobris,

131 3066 241 3152 Regni
258 3069 367 3131 autem
384 3066 487 3132 nostri
503 3086 589 3133 anno
605 3066 752 3150 septimo.

127 3264 160 3322 (Ι.
180 3261 293 3326 Karoly
311 3261 463 3326 kirtlynak
484 3267 561 3314 1323.
580 3257 641 3314 XV.
660 3261 795 3314 kalendas
808 3260 886 3325 Junij
902 3259 1056 3311 »Martinus
1069 3259 1264 3324 filiusBugarr

123 3351 260 3402 keresere
288 3352 404 3402 kiedott
422 3352 592 3418 meges-osteo
610 3351 877 3418 privilegiumtb613
896 3351 979 3404 nebai
998 3349 1149 3416 Itajcsdnyi
1169 3334 1265 3400 aldam

578 3442 717 3493 keziratai
737 3437 824 3509 kbzt.)
