3096 5160
649 990 727 1059 425.

123 1189 168 1254 Aa
183 1193 376 1272 erateryarni
389 1188 612 1278 kdptaloorrok
628 1188 903 1274 diaooyao‘qieoela,
929 1191 1035 1273 ooikdp
1051 1212 1089 1254 aa
1105 1189 1252 1276 Etffdnti

124 1298 261 1364 tremescit
287 1297 372 1364 kdata'
402 1300 531 1366 comode·
558 1319 618 1386 per
639 1299 809 1364 odlaeatott
835 1298 928 1362 brot
943 1297 1027 1364 strat
1043 1299 1253 1364 eliotdztetett.

642 1406 740 1472 1291.

231 1599 301 1668 Nos
318 1599 435 1668 Comes
451 1600 593 1668 Thomas
609 1599 715 1669 Judex
732 1601 827 1668 Gurie
854 1599 1061 1668 serenissimi
1092 1601 1254 1686 Principis

127 1710 250 1780 domini
266 1709 423 1777 Lodouioi
440 1711 502 1777 Dei
520 1711 632 1794 graeia
647 1709 758 1778 inoliti
782 1710 883 1794 Regis
909 1709 1082 1795 Hungarie,
1114 1708 1256 1776 Comita·

127 1825 243 1903 tueque
259 1816 300 1882 de
316 1817 446 1884 Turueh
463 1824 575 1886 tenens
592 1819 746 1886 honorem
763 1818 825 1885 stb.
842 1817 929 1900 quod
945 1817 1103 1884 Martinus
1114 1817 1253 1900 Magnus

130 1926 210 1994 filius
226 1925 343 1992 Jaeobi
359 1945 417 2010 pro
433 1925 593 2010 Magistro
608 1925 778 2013 Myehaele
793 1923 860 1994 tilio
876 1926 984 1992 Deseu
1003 1923 1043 1991 de
1067 1923 1253 2008 Elephanth

130 2054 199 2100 oum
231 2032 465 2118 procuratorijs
497 2033 613 2124 litteris
644 2033 778 2101 Comitis
809 2031 905 2100 Pauli
937 2030 1098 2116 quondam
1128 2033 1253 2100 Judiois

131 2141 224 2207 curie
239 2139 344 2222 Regio
359 2139 599 2224 predecessoris
616 2141 716 2208 nostri
735 2141 827 2208 iuxta
843 2140 1081 2207 continentiam
1112 2139 1254 2225 priorum

130 2247 310 2314 litterarum
341 2247 484 2316 eiusdem
516 2249 650 2317 Comitis
680 2249 775 2318 Pauli
805 2250 840 2316 in
871 2248 1045 2332 quindenis
1076 2248 1258 2316 resideneie

132 2356 289 2424 exereitus
305 2355 400 2440 Regii
417 2376 531 2426 versus
547 2363 657 2443 partos
673 2358 856 2425 maritimas
871 2359 961 2444 moti,
992 2363 1025 2422 et
1048 2356 1092 2423 ad
1123 2363 1256 2423 ootauas

131 2462 285 2530 Omnium
302 2462 491 2532 Sanctorum
509 2487 595 2534 anno
611 2465 740 2534 Domini
758 2464 929 2532 millesimo
955 2459 1051 2530 000⁰
1076 2463 1257 2548 quadrage-

132 2572 211 2639 simo
228 2577 324 2639 sexto
340 2573 512 2657 preteritas
528 2575 740 2659 proclamato,
754 2573 798 2641 ad
822 2571 967 2640 eiusdem
998 2571 1132 2640 Comitis
1161 2573 1258 2638 Pauli

131 2679 291 2746 aoeedens
316 2680 517 2763 presentiam
550 2689 664 2748 eontra
694 2680 895 2766 Stephanum
926 2679 1027 2748 lilium
1058 2678 1187 2746 Martini
1220 2679 1259 2745 de

134 2786 247 2853 eadem
274 2786 443 2872 Elephant
469 2788 502 2856 in
534 2789 639 2873 ligura
670 2788 789 2879 Judioij
824 2785 969 2856 eiusdem
1001 2784 1134 2854 Comitis
1164 2784 1259 2854 Pauli

132 2893 289 2978 quasdam
305 2892 435 2962 litteras
451 2892 595 2980 Capituli
612 2895 759 2962 Eeelesie
774 2893 1006 2979 Strigoniensis
1033 2891 1260 2976 inquisieiona·

130 2999 179 3068 les
194 3000 258 3068 stb.
278 3009 499 3086 presentasset
513 3005 573 3072 stb.
615 3003 707 3070 Vnde
723 3002 808 3070 idem
825 3003 983 3086 Magister
998 3001 1116 3068 Paulus
1132 3004 1261 3069 eommi·

132 3107 239 3198 sisset,
256 3116 293 3174 vt
309 3108 394 3176 idem
411 3111 569 3196 Magister
584 3111 725 3180 Miohael
741 3111 827 3178 tilius
843 3109 951 3177 Deseu
966 3111 1030 3176 sib.
1046 3109 1260 3178 instrumenta

130 3235 196 3282 sna
213 3215 370 3286 exhibere
386 3223 550 3286 teneretur
566 3220 628 3286 stb.
652 3217 800 3286 Tandem
825 3217 906 3304 ipsis
938 3217 1062 3284 ooiauis
1092 3217 1169 3285 festi
1200 3217 1261 3287 As·

132 3321 335 3408 sumpeionis
389 3325 534 3412 Virginis
588 3325 736 3394 Glorioso
783 3323 1025 3394 oeeurrentihns
1074 3332 1263 3410 prenotatos

130 3430 287 3518 lllyolrael
305 3451 464 3516 quasgam
481 3433 606 3500 litteras
625 3433 764 3520 Capituli
782 3431 929 3500 lleelesie
945 3431 1179 3516 strigoniensis
1199 3434 1263 3519 pri·

130 3539 308 3625 uilegiales
324 3559 411 3608 anno
428 3538 557 3608 Domini
572 3539 693 3606 M⁰GO⁰
710 3541 921 3626 nonagesimo
936 3541 1078 3608 seeundo
1095 3544 1265 3610 transseri·

130 3650 250 3716 bentes
266 3647 352 3715 alias
368 3648 497 3718 litteras
529 3669 605 3718 suas
636 3649 838 3717 memoriales
869 3671 956 3718 anno
985 3649 1116 3717 Domini
1145 3648 1265 3716 ΜῦΟΟο

129 3756 350 3839 nonagesimo
382 3756 487 3840 primo
514 3757 679 3826 oonieetas
711 3757 805 3825 nobis
836 3764 1051 3844 presentabit,
1083 3757 1116 3822 in
1149 3757 1266 3840 quibos

134 3862 297 3932 videlieet
313 3861 431 3931 litteris
456 3863 700 3932 memorialibus
725 3865 830 3950 ipsius
861 3863 1004 3950 capitoli
1033 3863 1268 3948 Strigoniensis

130 3969 260 4040 seriose
275 3969 512 4055 reperieramus
527 3972 651 4059 haberi,
683 3973 769 4056 quod
786 3973 900 4039 Comes
916 3971 1066 4059 Myehael
1090 3972 1177 4040 filins
1203 3975 1268 4042 An·

129 4077 226 4160 duee,
241 4083 275 4146 et
288 4076 438 4146 Andreas
470 4099 510 4148 ao
526 4079 668 4148 Mathias
684 4080 743 4166 filij
761 4079 895 4148 Comitis
910 4077 1046 4164 Andros,
1062 4080 1194 4148 nomine
1209 4101 1268 4148 suo

129 4194 165 4256 et
182 4183 462 4273 rieeLeustaehij
480 4188 592 4258 fratris
618 4187 669 4256 sui
701 4189 862 4273 absentis,
890 4189 987 4272 Mogh
1018 4188 1105 4256 filius
1137 4189 1270 4258 comitis
1356 4250 1359 4256 .

128 4295 262 4363 'rhome
276 4293 388 4364 iratris
404 4297 579 4365 eorundem
596 4296 746 4365 similiter
772 4319 831 4384 pro
863 4317 898 4366 se
929 4305 961 4365 et
993 4315 1050 4382 pro
1080 4297 1207 4366 Thema
1238 4307 1271 4366 et

128 4401 273 4470 Andrea
288 4401 447 4472 fratribus
464 4406 531 4473 suis
558 4404 749 4474 absentibus
779 4405 907 4495 nobiles
939 4403 980 4470 de
1011 4402 1196 4488 Elephanth
1227 4406 1269 4476 de

128 4505 302 4578 Comitatu
318 4512 487 4600 Nitriensi,
504 4533 643 4581 roaenm
661 4513 791 4580 domino
808 4512 984 4580 venerabili
1015 4519 1109 4598 patre
1140 4510 1271 4580 (lemine

130 4615 254 4686 Pauka
268 4617 429 4708 lipisoopo
445 4621 592 4690 Eoelesie
610 4619 686 4690 dieti
704 4621 851 4707 Ca.pitnli
869 4620 1057 4707 Nitriensis‚
1074 4617 1118 4686 ad
1143 4639 1272 4706 presen-

1101 4729 1165 4798 33*
