3068 5150
782 317 941 417 Q

300 521 343 588 ab
359 519 508 586 omnibus
525 517 657 584 racione
672 515 889 602 predictarum
906 511 1092 600 poroionnm
1107 527 1239 575 suarum
1258 503 1406 572 heredita

298 629 428 696 riarum
460 623 635 692 defendere
661 628 693 692 et
709 621 864 708 expedire
879 620 1021 708 proprijs
1037 617 1206 686 laboribus
1223 621 1255 682 et
1270 619 1430 702 expensis.

299 737 341 802 Et
360 735 443 803 siout
453 732 682 820 nobispartes,
693 736 725 798 et
740 729 835 797 homo
851 734 962 796 noster
978 727 1019 794 ad
1037 725 1096 792 hoo
1111 724 1296 792 destinatus
1308 743 1435 810 expres-

301 851 424 928 serunt,
456 861 568 910 oursns
585 847 742 908 metarum
759 837 885 922 prefate
900 843 987 902 terre
1019 835 1288 920 Hernadnemyty
1321 839 1435 900 vooate

302 951 367 1018 hoo
384 949 497 1018 ordine
513 948 757 1034 distinguntur:
782 947 891 1013 Prima
910 951 999 1012 meta
1029 943 1144 1028 incipit
1173 945 1266 1010 iuxta
1295 941 1427 1009 fluuium

303 1059 441 1126 Harned
456 1058 490 1123 in
507 1055 646 1140 quodam
665 1053 786 1139 angulo
805 1073 825 1118 a
841 1061 933 1138 parte
951 1050 1209 1138 septemtrionali
1225 1051 1314 1137 apud
1346 1056 1431 1116 trnn·

308 1187 380 1237 enm
397 1161 567 1232 cniusdam
585 1161 711 1230 arboris
727 1159 842 1228 naaria
858 1159 1035 1244 nominate,
1054 1166 1086 1224 et
1102 1159 1195 1226 iuxta
1221 1163 1343 1223 terram
1369 1157 1432 1223 lla-

309 1275 404 1360 gistri
420 1272 577 1360 Stephani
593 1270 653 1355 fllij
672 1268 807 1338 comitis
823 1267 894 1335 Pnd
909 1269 983 1336 Kols
1011 1274 1161 1335 vooatam
1191 1263 1294 1332 tendit
1319 1249 1434 1334 'versos

307 1384 462 1452 orientem
479 1381 521 1448 ad
538 1379 701 1465 quandam
718 1385 855 1447 stratam
872 1377 1012 1444 Abante
1027 1377 1239 1462 nominatam,
1273 1383 1306 1441 ot
1331 1374 1434 1459 ipsam

306 1487 565 1578 pertranseundo
597 1487 687 1556 vadit
702 1506 759 1572 per
775 1493 894 1553 terram
911 1485 1069 1552 arabilem
1087 1485 1130 1551 ad
1148 1483 1313 1567 quoddam
1331 1481 1438 1562 beroh,

307 1601 362 1668 vbi
379 1605 428 1668 est
444 1619 510 1666 vna
526 1603 613 1664 meta
628 1595 764 1680 antiqua
780 1595 932 1662 etaltera
948 1612 1052 1676 noua3
1077 1599 1109 1658 et
1138 1591 1216 1658 inde
1247 1589 1350 1658 ourrit
1380 1607 1435 1674 per

309 1727 459 1794 eampum
476 1705 520 1772 ad
535 1702 698 1789 quandam
717 1701 856 1785 vallem3
880 1708 913 1768 et
930 1701 1048 1767 dehine
1063 1700 1104 1766 de
1120 1700 1195 1786 ipsa
1210 1698 1300 1765 valle
1333 1697 1438 1766 tendit

312 1814 355 1883 ad
371 1819 510 1882 montem
527 1809 739 1877 Ohamhalma
755 1809 966 1893 nominatum,
997 1807 1052 1874 vbi
1068 1813 1144 1874 sunt
1159 1813 1225 1873 tres
1241 1814 1336 1892 mete,
1362 1826 1438 1890 qua

309 1942 381 1990 rum
396 1921 460 1988 dne
475 1924 551 1986 sunt
566 1921 710 2004 antique,
727 1937 792 1983 vna
808 1935 886 1982 uero
902 1933 1006 1995 noua3
1029 1913 1118 1981 etde
1143 1913 1220 1980 hine
1243 1911 1439 1982 redeetendo

311 2049 348 2099 se
364 2029 408 2096 ad
423 2033 548 2114 partem
581 2023 825 2093 meridionalem
858 2023 1008 2109 peruenit
1039 2023 1082 2088 ad
1113 2031 1230 2088 terram
1262 2021 1351 2089 Petri
1383 2021 1438 2106 filij

308 2133 457 2221 Ponyth;
483 2141 515 2201 et
546 2131 750 2220 postmodnm
783 2131 919 2200 reflectit
949 2151 985 2198 se
1001 2130 1045 2198 ad
1061 2137 1187 2215 partem
1203 2129 1439 2199 oeoidentalem

311 2250 342 2310 et
358 2243 507 2330 peruenit
522 2240 566 2308 ad
582 2240 745 2326 quandam
762 2247 909 2324 stratam,
925 2239 1018 2306 iuxta
1033 2259 1130 2323 quam
1147 2245 1196 2306 est
1211 2238 1440 2325 qnidamlapis

312 2371 370 2436 pro
382 2359 467 2417 meta
478 2349 620 2434 positns;
638 2355 669 2414 et
678 2347 798 2414 abhine
809 2346 899 2414 vadit
910 2345 953 2412 ad
963 2347 1127 2430 quandam
1138 2347 1298 2432 pisoinam
1309 2349 1442 2416 Morene

315 2463 478 2544 vocatam,
496 2456 590 2522 iuxta
605 2475 701 2541 qnam
718 2461 844 2522 estune
859 2461 956 2541 meto,
973 2461 1005 2519 et
1029 2453 1122 2521 iuxta
1146 2456 1252 2541 ipsam
1282 2455 1442 2541 piseinam

318 2567 450 2632 Morene
467 2563 572 2631 eundo
588 2561 694 2630 adhue
710 2581 824 2630 uersus
840 2560 1038 2630 oeoidentem
1055 2563 1203 2648 peruenit
1234 2563 1277 2628 ad
1307 2563 1442 2634 fluuium

315 2671 452 2740 Hernad
467 2669 698 2756 supradictum,
730 2669 821 2736 enine
838 2669 968 2754 quidem
985 2669 1074 2755 fluuij
1093 2667 1229 2738 Harnad
1246 2670 1442 2739 medietasa

315 2788 408 2869 parte
425 2777 576 2846 orientali
593 2777 680 2844 oedit
696 2777 852 2862 predictis
867 2776 943 2860 filijs
959 2777 1073 2847 Bodke
1090 2785 1121 2845 et
1138 2779 1236 2864 sooijs
1253 2781 1439 2868 eorundem,

314 2888 419 2956 altera
435 2884 634 2954 dimidietate
649 2904 670 2950 a
686 2885 780 2968 parte
796 2884 944 2951 orientali
961 2885 1072 2952 Blasio
1088 2885 1156 2953 filio
1173 2885 1307 2974 Georgij
1340 2911 1444 2956 reme·

314 3002 431 3082 nente;
458 2992 550 3062 stibi
565 2992 658 3059 iuxta
682 2991 793 3058 villam
824 2992 1097 3078 Hamadnemyty
1129 2995 1305 3078 pertransit
1338 2997 1443 3082 ipsum

314 3105 448 3171 fluuium
465 3101 610 3188 Hernad,
633 3099 688 3166 nbi
704 3101 818 3168 eironit
834 3100 997 3185 quandam
1015 3101 1175 3186 pisoinam
1193 3105 1326 3172 lloreua
1342 3108 1445 3172 nomi·
1532 3177 1533 3182 ,

314 3218 446 3296 natam3
472 3217 504 3278 et
519 3207 637 3278 dehine
653 3224 765 3277 versus
782 3211 1045 3295 septemtrionem
1062 3211 1235 3278 deseendit
1250 3213 1372 3280 iterum
1404 3215 1445 3281 ad
1532 3257 1533 3272 ,

314 3317 448 3386 fluuium
465 3315 620 3401 Hernad3
644 3322 677 3383 et
693 3317 895 3402 postmodum
912 3317 945 3382 in
963 3319 1035 3404 ipso
1051 3317 1148 3384 fluuio
1166 3318 1272 3386 eundo
1294 3322 1448 3403 peruenit

317 3425 522 3494 adtruneum
539 3424 686 3510 superins
712 3424 923 3510 nominatum,
957 3433 989 3492 et
1020 3425 1064 3491 ibi
1095 3426 1321 3494 terminantur.
1366 3431 1446 3498 ltem
1532 3413 1533 3472 i

315 3541 399 3604 mete
414 3533 539 3620 prefate
554 3531 718 3619 poreionis
734 3533 929 3599 hereditarie
945 3533 1083 3601 filiorum
1101 3535 1213 3604 Bodke
1239 3543 1271 3602 et
1303 3557 1444 3606 consen·
1532 3521 1533 3569 ἦ

318 3644 506 3730 guineorum
524 3661 652 3708 suornm
669 3643 811 3709 Perenne
826 3647 951 3729 vocate,
966 3649 1060 3725 prout
1076 3643 1147 3727 ipse
1164 3651 1274 3727 partes
1290 3655 1445 3730 presente

317 3751 428 3819 eodem
445 3750 575 3818 homine
589 3759 699 3818 nostro
716 3750 906 3836 rotnlerunt,
925 3749 1143 3834 distinguntur
1154 3754 1317 3820 eomodo:
1335 3755 1450 3822 Prima

319 3866 405 3928 meta
420 3859 535 3944 inoipit
551 3859 586 3925 in
603 3859 741 3943 quodam
761 3858 857 3924 berch
874 3881 894 3924 a
911 3863 1003 3944 parte
1020 3859 1181 3947 orientali,
1208 3869 1239 3927 et
1256 3862 1363 3928 tendit
1382 3885 1450 3931 ver-

317 3989 373 4036 sus
390 3969 502 4035 villam
519 3967 686 4035 Benedieti
702 3967 760 4053 filij
778 3969 874 4053 Siurp
891 3969 1033 4035 Perenne
1049 3979 1210 4056 vocatam,
1243 3971 1297 4036 vbi
1314 3971 1348 4036 in
1384 3974 1449 4039 fine

318 4078 421 4167 ipsius
437 4076 513 4144 ville
529 4077 705 4163 pertransit
721 4077 885 4160 quandam
903 4077 1052 4161 paludem
1085 4077 1253 4164 Negewen
1285 4089 1452 4168 vocatam,

317 4195 350 4253 et
365 4185 410 4253 ibi
428 4192 514 4253 esset
531 4205 596 4252 vna
613 4193 718 4266 meta;
742 4193 774 4252 et
790 4184 910 4252 abhino
926 4185 1029 4252 tendit
1044 4186 1087 4254 ad
1104 4195 1228 4272 partem
1260 4189 1451 4257 oeoidenta-

318 4297 392 4382 lem,
410 4295 465 4361 ubi
482 4293 632 4378 peruenit
648 4293 691 4360 ad
707 4293 844 4361 alterum
861 4294 966 4361 laeum
984 4295 1167 4382 Souspotalr
1185 4295 1402 4385 nominatum,
1421 4305 1452 4366 et
1531 4371 1532 4374 Ἴ

320 4401 578 4491 pertranseundo
595 4402 701 4486 ipsum
717 4402 865 4487 pervenit
881 4401 923 4468 ad
938 4423 1037 4470 unam
1063 4411 1181 4470 metam
1208 4409 1351 4472 terream
1366 4431 1375 4492 ;
1399 4407 1453 4473 de·

320 4513 397 4578 hine
413 4509 519 4577 eundo
535 4510 641 4578 adhue
656 4509 698 4578 ad
715 4512 913 4578 oeoidentem
930 4513 1030 4579 intrat
1045 4513 1079 4578 in
1104 4512 1269 4596 quandam
1301 4521 1451 4596 stratam,
1531 4495 1532 4508 ἵ

324 4636 385 4704 qne
401 4614 651 4698 coniungeretur
667 4617 762 4685 alteri
778 4621 836 4700 vie,
854 4641 919 4704 qua
936 4625 1037 4692 iretur
1052 4623 1094 4690 ad
1109 4620 1311 4709 Senthpeter,
1328 4623 1387 4691 vbi
1406 4633 1454 4690 est
1531 4595 1532 4617 Χ
