3170 5166
686 358 848 458 pm-

183 564 231 623 =et
247 556 324 623 dnm
355 556 472 622 transit
487 553 634 642 peruenit
652 553 767 621 iterum
785 553 826 622 orl
845 557 983 638 quatuor
999 559 1112 636 metes,
1145 562 1176 618 et
1190 551 1237 620 ibi
1254 554 1336 618 sunt

183 664 415 735 *commetenei
432 664 586 749 Damion,
604 660 739 730 Cosmus
754 660 842 728 lilius
863 660 992 745 anhe;
1015 669 1047 728 et
1062 657 1136 728 inde
1166 658 1274 726 tendit
1290 655 1335 726 sul

197 773 323 856 priores
339 778 456 858 metas,
473 769 584 856 ibique
599 769 800 837 terminetur.
816 767 859 836 Vt
874 769 973 855 igitur
989 769 1049 836 hec
1063 775 1175 836 nostra
1192 765 1331 836 donacio

197 879 297 946 robur
312 879 459 966 optineat
476 885 632 966 perpetue
647 877 821 959 firmitatis,
840 883 1007 964 presentes
1036 897 1134 962 super
1164 877 1225 944 hoc
1257 894 1334 944 con·

183 985 354 1054 ‘cessimus
386 989 515 1054 litteras
546 985 686 1072 duplicis
717 983 817 1069 sigilli
833 985 935 1052 nostri
951 983 1128 1051 munimine
1152 982 1333 1050 roboratas.

187 1092 319 1160 Datum
337 1113 394 1179 per
409 1112 525 1162 monus
541 1089 697 1178 Stephani
723 1093 785 1158 Dei
816 1091 931 1174 grecia
961 1090 1206 1177 rlrchiepisoopi
1237 1089 1332 1159 Oolo·

182 1199 306 1266 ¹-consis
323 1200 408 1267 Aule
423 1205 533 1268 nostre
549 1199 744 1284 Cancellerij
762 1198 871 1266 dilecti
888 1206 921 1266 et
936 1199 1043 1268 lidelis
1059 1199 1161 1268 nostri
1176 1218 1263 1266 anno
1286 1198 1332 1266 ab

186 1307 434 1374 incarnacione
451 1308 582 1375 Domini
599 1305 717 1375 timor
733 1306 938 1391 sexagesimo
955 1315 1080 1392 quarto.

185 1505 264 1567 om.
283 1507 376 1557 Endre
396 1507 547 1572 kirtlymsk
565 1507 735 1574 megeriislto
764 1505 1020 1572 privilegiumebol,
1051 1505 1124 1556 mint
1152 1505 1235 1556 elnbb
1268 1509 1331 1558 558.

679 1599 754 1650 sunm
773 1597 865 1666 ulatt.)

728 2417 805 2502 ule,

193 2619 239 2682 V.
258 2619 367 2685 [storin
382 2619 496 2704 Ῑιίνάίῃ
512 2621 696 2704 creperlirr'tc'
710 2617 771 2682 IV.
790 2619 875 2684 Belo
890 2621 1066 2704 loirmlpuulc
1081 2617 1236 2687 Sebenc'co
1254 2621 1332 2686 dat·

189 2728 335 2792 :osucziai
350 2731 445 2791 orirer
453 2727 567 2812 jopoit
585 2728 617 2790 le
640 2728 900 2811 priuilegiumar't
932 2730 1090 2812 ta'rpyuzo'
1120 2728 1329 2813 adomunpo'r.

716 2829 813 2896 1270.

303 3029 487 3112 Stephanus
518 3029 580 3095 Dei
611 3027 725 3112 gracie
752 3027 933 3110 Hungarie,
967 3025 1145 3111 palmaris,
1180 3028 1326 3116 Groacie,

181 3139 308 3224 Reme,
339 3138 461 3224 Seruie,
494 3133 645 3220 Gallicie,
678 3135 878 3219 Lodomeric‚
910 3135 1075 3222 Cumanis,
1106 3131 1327 3221 Bnlg'sriequc

180 3247 267 3313 2Rex
297 3245 448 3312 omnibus
480 3244 617 3312 Christrl
634 3243 786 3311 fidelibus
806 3249 972 3330 presentes
988 3243 1114 3311 litteras
1132 3244 1330 3330 inspecturis
1447 3292 1454 3304 ·

179 3355 382 3422 salutemin
408 3373 458 3437 eo,
490 3352 547 3438 qui
577 3353 722 3437 Regibus
754 3352 811 3419 dut
841 3351 989 3418 sulutem.
1021 3349 1073 3417 Ad
1104 3354 1328 3420 uniuersorum

193 3461 352 3531 noticiam
384 3469 497 3528 tenore
512 3461 714 3547 presencium
745 3461 894 3528 volumus
914 3459 1093 3546 peruenire,
1112 3461 1198 3545 quod
1215 3461 1327 3530 fideles

185 3572 300 3636 nostri
317 3567 409 3636 ciues
419 3569 460 3636 de
484 3569 635 3637 Sibenico
659 3569 703 3636 ad
723 3575 866 3637 nostram
891 3569 1098 3653 presenciam
1123 3569 1330 3657 accedentes,

184 3677 385 3746 obtulerunt
414 3676 507 3743 nobis
547 3677 752 3763 priuilegium
785 3677 907 3744 domini
942 3677 1024 3746 Bele
1041 3677 1140 3762 Regis
1157 3677 1327 3762 Hnugurie

183 3785 307 3853 inclite
326 3783 565 3852 recordacionis
582 3787 683 3871 petris
701 3787 802 3852 nostri
812 3785 981 3854 karissimi
999 3793 1203 3872 superstate
1236 3785 1327 3854 liber·
1411 3845 1419 3862 ‚

191 3893 270 3961 tatis
287 3911 395 3959 eorum
427 3890 618 3978 confectum,
635 3893 799 3961 humiliter
814 3913 872 3960 nos
888 3901 1006 3976 rogant
1070 3892 1203 3960 elidem
1221 3894 1322 3979 priui-

191 4001 313 4084 legium
327 3997 490 4066 rstificnre
507 4007 538 4065 et
558 4009 667 4068 nostro
685 4003 892 4086 dignaremur
922 3915 1110 4087 priuilegfflux
1127 4003 1328 4070 confirmare.

182 4107 293 4174 ¹(iuius
310 4114 406 4173 tenor
422 4105 499 4176 talis
516 4115 589 4175 est:

300 4197 1337 4306 nmnpmwmmmmumfflfflw,

183 4326 272 4392 'Btla
285 4321 468 4407 kirtlynnk
481 4324 867 4414 1251-k1p1·irilcginma,
885 4328 965 4393 mint
979 4327 1108 4394 lentebb
1126 4331 1202 4397 546.
1213 4351 1256 4396 sz.
1274 4335 1323 4420 e.)

298 4429 369 4495 Nos
385 4429 495 4514 itaque
529 4433 673 4501 solentes
694 4435 822 4502 eosilem
841 4435 930 4502 ciues
948 4433 988 4502 de
1005 4434 1156 4503 Sibenico
1174 4439 1325 4510 libertate

182 4541 336 4626 ipsorum
353 4537 509 4608 hactenns
526 4543 697 4609 obseruata
714 4551 745 4608 et
773 4545 979 4629 presentibus
1011 4543 1135 4611 inserte
1167 4556 1326 4634 perpetuo

183 4643 362 4732 gratulari,
374 4643 459 4713 idem
473 4647 676 4734 priuilegium
690 4651 850 4718 carissimi
863 4651 965 4736 patris
977 4653 1077 4720 nostrl
1089 4659 1193 4720 rutum
1205 4655 1329 4724 haben·
1372 4687 1374 4690 ·
