3096 5160
607 291 767 394 ee-

123 493 216 564 terris
246 491 407 582 Stephani
438 489 497 575 filij
513 488 602 557 Petri
632 485 836 572 uicinaneia3
860 485 936 554 item
951 485 1114 572 quandam
1131 485 1246 554 siluam

122 601 296 688 Pnngraclr
326 606 475 668 uocatam
506 617 577 666 com
613 615 709 665 seruo
740 593 890 664 similiter
930 593 1101 678 Pungrach
1132 599 1249 660 uocato

122 709 263 778 uicinam
294 716 327 778 ct
358 703 624 775 conterminalem
655 704 742 772 silue
772 703 908 786 Naragh
939 708 1063 788 uocate,
1095 706 1245 788 exparte

121 815 317 886 occidentali
332 813 427 884 terris
442 811 596 900 Philippi,
624 809 699 877 item
730 809 773 878 ab
803 809 955 894 aquilone
985 808 1080 876 terris
1095 813 1127 876 et
1156 807 1249 876 siluis

121 922 280 1009 Stephani
310 921 368 1008 filij
401 921 488 989 Petri
518 918 709 1004 supradicti,
741 919 783 985 ab
815 917 941 986 oriente
972 915 1067 985 uinee
1096 916 1247 1002 Magistri

121 1029 215 1099 Pulsa
232 1037 264 1097 et
279 1029 385 1096 uineis
400 1025 558 1113 Stephani
589 1027 648 1115 filij
681 1025 769 1093 Petri
793 1025 962 1112 sepedicti,
995 1024 1095 1110 dedit,
1114 1024 1250 1092 contulit

121 1137 227 1204 eidem
258 1134 425 1221 Stephano
457 1134 548 1200 iuxta
578 1133 815 1200 continenciam
858 1131 1036 1200 litterarum
1067 1138 1249 1200 nostrarum

122 1265 208 1310 anno
223 1241 355 1309 Domini
371 1238 569 1308 M⁰OO⁰LX⁰
599 1239 818 1306 coniectorum
851 1247 1009 1326 perpetuo
1042 1236 1249 1324 possidenda.

121 1354 204 1418 Item
235 1349 376 1418 uidimus
392 1347 426 1413 in
442 1347 597 1432 predictis
630 1345 743 1416 litteris
759 1347 879 1416 nostris
894 1345 1135 1414 memorialibus
1151 1347 1249 1414 conti·

122 1458 204 1542 neri,
221 1456 310 1540 quod
326 1454 402 1541 quia
427 1461 571 1540 tempore
602 1454 795 1539 irrupcionis
828 1457 1038 1523 Tartarornm
1069 1453 1163 1520 Poka
1192 1473 1250 1540 per

121 1581 307 1649 pressuram
337 1561 446 1632 aalide
462 1561 559 1629 samis
575 1560 608 1626 in
625 1579 745 1646 magne
760 1560 869 1648 inopie
884 1569 917 1629 et
933 1560 1063 1628 miserie
1076 1560 1246 1628 articulum

121 1670 307 1756 deuerteret,
323 1667 508 1755 Stephanus
534 1669 773 1755 suprascriptus
803 1667 948 1737 eiusdem
979 1667 1090 1755 inopie
1121 1688 1248 1738 succur-

122 1797 192 1845 rere
224 1778 346 1860 uolens,
380 1783 542 1861 sumptum
574 1774 685 1844 decem
717 1794 899 1842 marcarum
931 1775 1008 1842 fecit
1034 1774 1071 1842 ‘et
1095 1774 1250 1862 expendit
1289 1801 1293 1807 ·

120 1903 180 1971 pro
196 1884 331 1968 eodem;
353 1880 439 1950 vnde
469 1901 541 1948 oum
572 1901 753 1968 sumpmam
785 1881 920 1966 pecunie
949 1881 1126 1968 prescripta
1156 1879 1248 1949 Poka

122 1991 366 2078 prenominatus
396 1990 438 2057 de
468 1989 564 2058 rebus
597 1989 769 2056 mobilibus
799 1996 830 2054 ot
861 1988 1078 2057 immobilibus
1109 1989 1247 2058 reddere

122 2097 337 2184 nequiuisset,
369 2117 429 2164 neo
459 2116 551 2165 suam
583 2097 726 2163 animam
768 2117 826 2183 pro
869 2095 1036 2184 premissis
1076 2095 1247 2182 dampnari

121 2205 279 2274 noluisset
295 2229 303 2271 :
320 2201 362 2272 de
391 2203 459 2272 suis
491 2203 751 2288 possessionibus
782 2205 824 2270 ad
839 2203 1174 2291 recompensacionem
1191 2223 1248 2271 sue

121 2311 320 2381 solucionem
338 2307 424 2400 (igy)
440 2311 578 2397 pecunie
593 2318 759 2396 prenotate
775 2312 938 2395 quandam
969 2312 1086 2380 siluam
1117 2310 1249 2394 quinde-

121 2419 184 2488 cim
201 2419 369 2504 iugcribus
383 2426 469 2486 terre
485 2417 700 2502 adiacentem,
717 2427 749 2487 et
758 2419 1020 2487 conterminalem
1037 2421 1079 2487 ab
1096 2419 1248 2504 aquilone

122 2528 217 2594 terris
233 2524 425 2613 populorum
440 2526 587 2593 Ecclesia
606 2525 880 2610 wesprimiensis,
911 2526 987 2593 item
1004 2547 1025 2593 a
1040 2534 1134 2612 parte
1164 2527 1247 2592 occi·

120 2633 245 2702 dentali
283 2638 385 2700 strate
424 2651 553 2715 magns,
594 2653 655 2716 que
696 2633 787 2700 uadit
817 2632 860 2699 ad
890 2635 1118 2702 monasterium
1150 2633 1243 2700 Beati

119 2739 279 2827 Ladialai,
295 2739 370 2807 item
387 2761 407 2806 a
422 2739 624 2808 meridionali
656 2745 751 2826 parte
781 2739 876 2808 siluis
907 2741 1052 2810 Ecclesie
1081 2740 1245 2827 Albensis,

120 2847 196 2914 item
229 2855 359 2934 aparte
389 2846 537 2915 orientali
558 2845 648 2914 siluis
664 2845 802 2914 Adriani
817 2845 874 2933 filij
906 2845 1049 2934 Nicolai,
1080 2867 1162 2931 quas
1193 2847 1248 2914 via

119 2975 282 3024 cauernae
298 2961 438 3041 separat,
456 2973 519 3039 que
532 2953 614 3021 horh
630 2956 827 3036 nominatum
841 2955 916 3021 item
933 2953 1096 3037 quandam
1127 2953 1244 3022 siloam

117 3063 162 3129 ab
193 3061 363 3130 occidente
393 3062 535 3130 uicinam
566 3061 650 3130 silus
679 3061 1002 3151 Pophyvanuocate,
1020 3083 1040 3130 a
1057 3067 1243 3147 pertenere

117 3169 323 3239 meridionali
337 3167 432 3238 siluis
447 3170 533 3237 Petri
548 3168 607 3255 filij
640 3169 780 3256 Nicolai,
814 3170 891 3237 item
925 3171 966 3236 ab
991 3169 1115 3236 oriente
1147 3168 1247 3236 Okul-

113 3275 305 3365 ienevhatb,
336 3276 412 3344 item
437 3277 487 3344 'ab
504 3275 654 3362 aquilone
680 3282 781 3345 strate
797 3278 943 3364 puplice3
967 3277 1044 3346 item
1061 3297 1118 3345 sex
1134 3279 1247 3362 iugera

118 3389 278 3452 terrarum
304 3385 347 3452 ab
366 3382 531 3452 occidente
549 3383 735 3453 uiciuancia
765 3385 860 3453 terris
892 3390 924 3452 et
955 3385 1060 3453 uineis
1090 3385 1247 3472 Stephani

116 3491 287 3577 sepedicti,
333 3491 409 3560 item
455 3514 477 3559 a
522 3501 617 3579 parte
652 3492 857 3562 meridionali
888 3499 920 3561 ct
959 3494 1111 3562 orientali
1152 3495 1247 3562 terris

116 3597 368 3685 Archiepiscopi
385 3597 628 3689 Strigoniensis,
644 3601 686 3666 ab
702 3599 855 3683 aquilone
873 3601 1029 3690 Narsph3
1052 3603 1128 3670 item
1159 3603 1248 3680 iene-

116 3713 187 3774 tum
220 3705 347 3774 duobus
376 3707 590 3776 falsatoribus
622 3708 797 3795 sufficiens,
822 3715 854 3777 et
870 3709 1020 3778 uicinans
1036 3711 1145 3780 ieneto
1162 3711 1249 3801 St(c·

117 3811 236 3900 phani)
266 3813 324 3904 filij
356 3813 462 3895 Petri;
487 3815 563 3880 item
595 3815 658 3882 tria
689 3817 803 3900 iugera
834 3823 990 3884 terrarum
1014 3820 1063 3887 'ah
1094 3819 1248 3905 aquilone

116 3919 227 3986 uineis
258 3919 418 4005 Stephani
448 3918 506 4006 fiiij
549 3921 635 3988 Petri
678 3919 835 4006 sepedicti
875 3922 1069 4010 uicinancia,
1097 3924 1186 3992 dedit
1217 3931 1249 3993 et

114 4025 302 4110 assignarit
318 4027 483 4113 Stephano
499 4028 665 4114 sepedicto
681 4037 840 4114 perpetuo
856 4029 1064 4114 possidenda.
1091 4031 1248 4116 vergitur

114 4132 221 4201 series
236 4135 333 4203 huius
349 4135 534 4204 testamenti
551 4155 609 4204 seu
626 4137 849 4206 ordinacionis
866 4144 898 4204 et
914 4137 1100 4207 collacionis
1118 4141 1246 4210 stabilis

114 4249 148 4308 et
165 4241 260 4309 firma
276 4249 474 4328 permaneat,
490 4263 550 4312 neo
569 4265 629 4331 per
660 4245 844 4331 quempiam
876 4247 981 4330 possit
1011 4247 1177 4334 reuocari3
1202 4249 1247 4316 ad

114 4347 312 4434 peticionem
344 4348 513 4434 utriusque
543 4351 656 4438 partis,
672 4371 710 4418 ao
737 4351 814 4418 uisis
834 4353 1047 4440 eontineneijs
1063 4361 1246 4422 nostrarum

114 4457 300 4523 litterarum
331 4457 578 4547 memorialium,
611 4458 828 4528 concessimus
860 4469 989 4530 nostras
1020 4461 1246 4547 priuilegiales

113 4561 245 4631 litteras
277 4563 379 4650 sigilli
410 4565 513 4634 nostri
545 4565 720 4634 munimine
739 4567 921 4638 roboratas.
938 4571 1062 4639 Datum
1078 4588 1165 4638 anno
1181 4571 1246 4644 Do·
