3124 5152
658 925 754 1017 aaa.

153 1151 197 1220 Ar
212 1153 401 1238 esrterpumi
415 1149 640 1238 kdpteluunale
664 1145 942 1234 disoaysdpleeele,
973 1147 1057 1232 boyy
1089 1147 1281 1214 Etr-aebosia

147 1262 222 1344 fisi,
237 1259 360 1326 umes
377 1259 409 1323 ss
419 1256 703 1341 Misenensem-ek,
719 1255 929 1323 &nebuloso
939 1253 1162 1322 oamztodtas.
1182 1253 1281 1321 1279.

256 1455 325 1522 Nes
351 1452 538 1540 Capitulum
557 1451 706 1520 Mentesie
721 1450 956 1535 strigoniensis
971 1449 1192 1535 signitiesmus
1209 1451 1279 1536 qui·

149 1565 206 1632 bus
216 1563 349 1648 expedit
365 1561 516 1629 memorie
532 1559 791 1630 eommeuduutss
800 1557 971 1642 uniuersis,
982 1558 1067 1642 quod
1077 1557 1204 1628 nobiles
1214 1559 1275 1625 riri

151 1672 267 1741 iltrneb
283 1677 316 1739 et
332 1671 488 1738 Nicotaus
503 1668 560 1756 filij
582 1668 698 1737 iltrueh
716 1687 826 1736 eoram
842 1665 938 1736 nobis
954 1665 1121 1734 constituti
1137 1665 1277 1734 confessi

150 1787 231 1866 sunt,
247 1779 339 1848 inter
353 1778 443 1864 ipsos
458 1779 557 1846 tatem
573 1777 608 1844 iu
639 1779 708 1845 suis
740 1775 1002 1862 possessionibus
1033 1773 1225 1842 diuisionem
1241 1793 1278 1841 se

149 1887 265 1955 iecisse
282 1911 291 1952 ε
310 1885 395 1971 quod
426 1884 585 1953 medietas
613 1885 690 1952 ville
705 1888 738 1952 et
754 1888 838 1952 terre
857 1883 1041 1950 Berzenebe
1056 1889 1171 1950 veeste
1188 1899 1281 1967 supe·

149 1997 212 2062 rior
227 2013 250 2060 a
265 2000 363 2079 parte
392 1991 484 2077 fluuij
516 1991 613 2079 Ipoll,
639 2011 702 2078 que
720 1992 828 2061 luerat
841 1989 980 2075 Nioolai,
998 1990 1097 2058 cessit
1111 2008 1197 2056 nune
1213 1989 1279 2056 Ma·
1381 2071 1385 2080 r

149 2105 249 2186 gistro
282 2100 419 2186 Etrueh,
450 2105 604 2186 separata
635 2101 739 2168 seiam
761 2099 856 2168 metis
875 2105 907 2164 et
924 2096 1097 2185 distinota3
1121 2097 1188 2166 atie
1203 2111 1281 2164 uero

155 2207 312 2277 medietas
328 2205 462 2274 inferior
477 2228 499 2275 a
514 2215 608 2294 parte
623 2227 707 2292 sque
717 2205 907 2291 Berseuebe,
924 2223 1021 2290 quam
1038 2205 1110 2291 ipse
1125 2203 1283 2288 Magister

156 2317 274 2385 iltrueb
286 2314 410 2400 babuit,
421 2313 518 2382 eessit
527 2315 687 2401 Magistro
704 2315 841 2382 Nieolao
856 2313 1005 2382 similiter
1014 2312 1081 2380 filio
1090 2313 1209 2380 Etrueb
1219 2315 1281 2380 sub

154 2423 272 2510 ijsdem
301 2423 406 2490 metis.
435 2421 541 2490 Areus
557 2427 663 2490 autem
689 2423 769 2490 sites
784 2443 844 2492 seu
859 2423 933 2489 loos
949 2419 1094 2506 eurialia,
1110 2439 1191 2504 quas
1207 2419 1281 2488 bse-

159 2552 241 2601 enus
257 2535 442 2617 tenuerunt,
458 2549 521 2598 nou
538 2537 762 2612 mutauerant3
785 2527 843 2598 sed
862 2529 1029 2596 habebunt
1048 2527 1164 2596 eadem
1195 2529 1280 2614 loe-a,

153 2659 215 2723 qne
247 2639 433 2708 babuerunt
464 2657 565 2722 usque
597 2637 701 2723 modo,
725 2657 796 2706 eum
814 2635 1006 2706 utilitatibus
1023 2635 1279 2723 etpertiueue'pis

150 2747 217 2815 suis
229 2773 236 2830 ;
248 2745 534 2832 jobugionesvero
544 2764 620 2814 suos
631 2753 767 2832 uterque
777 2746 922 2832 ipsorum
937 2743 1112 2812 transierat
1127 2742 1171 2810 sd
1186 2763 1280 2812 susm

145 2854 330 2940 nonnionem
360 2855 393 2920 in
410 2853 552 2940 presenti
584 2854 745 2921 diuisione
777 2853 841 2920 sibi
873 2852 1088 2939 assignatam.
1119 2855 1272 2920 Deterra

144 2961 296 3045 Zalstua,
322 2980 419 3046 quum
434 2961 591 3028 Nioolaus
606 2960 731 3048 babuit,
743 2961 843 3029 eessit
859 2981 947 3028 nune
961 2959 1119 3046 Magistro
1135 2959 1279 3029 lltruobt

144 3077 232 3137 etex
249 3069 420 3152 illuterra,
452 3087 550 3154 quum
580 3069 730 3138 Puoseha
762 3069 909 3154 tenebat,
942 3066 1082 3153 quedam
1113 3068 1277 3154 partiente

143 3175 238 3244 sertis
270 3177 368 3244 metis
400 3173 564 3264 distinete,
597 3195 696 3261 quam
727 3185 811 3246 terre
835 3176 974 3246 zelatus
993 3175 1156 3247 adieetam
1174 3175 1276 3244 fuisse

143 3282 303 3367 dixerunt,
320 3305 341 3350 a
356 3291 449 3372 parte
464 3283 543 3352 ville
559 3291 592 3350 et
607 3285 703 3373 sylne
718 3283 827 3372 Sume,
838 3285 934 3354 eessit
949 3285 1099 3356 similiter
1114 3285 1271 3371 Magistro

140 3391 272 3459 Mtrueh.
307 3391 411 3459 Terra
430 3409 508 3459 vero
524 3393 721 3477 Komeneob,
752 3399 785 3461 et
801 3402 889 3461 terra
915 3393 1039 3462 Lesesv
1059 3413 1133 3462 eum
1150 3395 1274 3479 reliqua

142 3505 232 3584 parte
250 3508 337 3566 terre
352 3498 516 3584 quondam
534 3499 684 3567 Puosoba
701 3521 721 3566 a
737 3507 831 3586 parte
849 3505 933 3570 terre
965 3501 1152 3569 Kemeneoh
1183 3499 1274 3570 adia·

141 3615 241 3691 eeute,
257 3605 414 3676 deuolute
425 3605 755 3694 suntadMegistrnm
764 3609 934 3678 Nicolaum
945 3608 1046 3676 tilium
1055 3609 1185 3676 tltrueh.
1196 3611 1277 3676 item

140 3715 301 3784 medietas
316 3720 403 3782 terre
420 3713 550 3782 Kslnov
567 3720 617 3782 est
631 3715 783 3802 Magistri
804 3715 935 3804 Etrueh,
954 3723 986 3784 et
1016 3715 1085 3784 alia
1116 3716 1274 3784 medietas

138 3821 264 3890 Nieotai
281 3822 343 3891 sub
360 3821 479 3908 ijsdem
496 3822 600 3906 metis,
617 3823 734 3908 quibus
759 3823 917 3891 haetenus
941 3823 1164 3909 possederunt
1189 3823 1271 3890 Item

138 3927 296 3995 medietas
323 3929 403 3996 ville
418 3935 450 3997 et
465 3937 553 3997 terra
576 3931 760 4000 Terbedied
784 3933 883 4000 eessit
907 3932 1067 4017 Magistro
1093 3931 1225 4016 Etmob,
1244 3936 1281 3998 et

136 4035 202 4104 aliu
217 4034 382 4104 medietas
397 4034 547 4105 Nieolao.
564 4035 646 4104 Item
663 4038 698 4105 in
715 4045 801 4107 terra
822 4039 933 4108 Koeho
963 4038 1122 4122 Magister
1153 4038 1274 4106 Etrueh

136 4143 233 4213 babet
245 4143 388 4213 eandem
404 4151 541 4233 partem,
557 4164 655 4228 quam
673 4147 763 4232 prius
778 4147 893 4214 babuit
908 4149 1005 4216 metis
1022 4146 1227 4231 distinetam3
1245 4155 1277 4215 et

135 4253 295 4324 Nieolaus
329 4251 429 4320 tabet
457 4253 611 4322 similiter
649 4256 786 4325 eandem
817 4256 1017 4343 porcionem,
1050 4276 1148 4342 quam
1187 4256 1278 4342 prius

135 4361 279 4430 habebat
298 4359 395 4429 metis
411 4369 609 4448 soporatam.
628 4365 669 4430 st
689 4363 920 4451 molendinum,
939 4364 1026 4449 quod
1040 4371 1091 4436 est
1105 4363 1139 4436 in
1153 4363 1272 4434 Kokou

134 4457 224 4537 iuxta
239 4469 420 4539 eustesium
445 4471 545 4540 eessit
573 4471 732 4558 Magistro
764 4473 905 4560 Etmeb3
927 4473 1019 4542 aliud
1055 4473 1276 4544 molendinum

134 4576 222 4661 quod
237 4584 290 4648 est
308 4576 430 4648 ibidem
440 4578 550 4648 intime
560 4579 639 4652 ville
651 4580 806 4675 inferiori,
824 4582 921 4656 eessit
937 4581 1096 4674 Magistro
1112 4581 1250 4654 Nieolao
