<?xml version="1.0" encoding="UTF-8"?>
<!DOCTYPE html PUBLIC "-//W3C//DTD XHTML 1.0 Transitional//EN"
    "http://www.w3.org/TR/xhtml1/DTD/xhtml1-transitional.dtd">
<html xmlns="http://www.w3.org/1999/xhtml" xml:lang="en" lang="en">
 <head>
  <title>
</title>
<meta http-equiv="Content-Type" content="text/html;charset=utf-8" />
  <meta name='ocr-system' content='tesseract 3.04.00' />
  <meta name='ocr-capabilities' content='ocr_page ocr_carea ocr_par ocr_line ocrx_word'/>
</head>
<body>
  <div class='ocr_page' id='page_1' title='image "./codexdiplomatic06wenzgoog_0624.png"; bbox 0 0 3148 5164; ppageno 0'>
   <div class='ocr_carea' id='block_1_1' title="bbox 625 295 782 397">
    <p class='ocr_par' dir='ltr' id='par_1_1' title="bbox 625 295 782 397">
     <span class='ocr_line' id='line_1_1' title="bbox 625 295 782 397; baseline 0 -38"><span class='ocrx_word' id='word_1_1' title='bbox 625 295 782 397; x_wconf 43' lang='lat' dir='ltr'>je·</span> 
     </span>
    </p>
   </div>
   <div class='ocr_carea' id='block_1_2' title="bbox 122 487 1272 2810">
    <p class='ocr_par' dir='ltr' id='par_1_2' title="bbox 131 487 1269 682">
     <span class='ocr_line' id='line_1_2' title="bbox 131 487 1269 576; baseline 0 -22"><span class='ocrx_word' id='word_1_2' title='bbox 131 490 256 573; x_wconf 81' lang='lat' dir='ltr'>dentes,</span> <span class='ocrx_word' id='word_1_3' title='bbox 271 487 396 555; x_wconf 77' lang='lat' dir='ltr'><strong>litteras</strong></span> <span class='ocrx_word' id='word_1_4' title='bbox 412 488 555 554; x_wconf 87' lang='lat' dir='ltr'>eiusdem</span> <span class='ocrx_word' id='word_1_5' title='bbox 583 487 734 570; x_wconf 80' lang='lat' dir='ltr'><strong>Magistri</strong></span> <span class='ocrx_word' id='word_1_6' title='bbox 766 489 900 574; x_wconf 87' lang='lat' dir='ltr'>Mathey</span> <span class='ocrx_word' id='word_1_7' title='bbox 931 488 971 555; x_wconf 85' lang='lat' dir='ltr'>de</span> <span class='ocrx_word' id='word_1_8' title='bbox 1002 507 1121 576; x_wconf 83' lang='lat' dir='ltr'>genere</span> <span class='ocrx_word' id='word_1_9' title='bbox 1153 489 1269 557; x_wconf 84' lang='lat' dir='ltr'>Ohaak</span> 
     </span>
     <span class='ocr_line' id='line_1_3' title="bbox 131 593 1073 682; baseline 0.003 -21"><span class='ocrx_word' id='word_1_10' title='bbox 131 594 225 663; x_wconf 87' lang='lat' dir='ltr'>nobis</span> <span class='ocrx_word' id='word_1_11' title='bbox 242 593 470 682; x_wconf 86' lang='lat' dir='ltr'>exhibuerunt,</span> <span class='ocrx_word' id='word_1_12' title='bbox 485 593 624 660; x_wconf 81' lang='lat' dir='ltr'>formam</span> <span class='ocrx_word' id='word_1_13' title='bbox 640 594 828 662; x_wconf 89' lang='lat' dir='ltr'>huiusmodi</span> <span class='ocrx_word' id='word_1_14' title='bbox 848 595 1047 666; x_wconf 81' lang='lat' dir='ltr'>continentes</span> <span class='ocrx_word' id='word_1_15' title='bbox 1066 625 1073 664; x_wconf 91' lang='lat'>:</span> 
     </span>
    </p>

    <p class='ocr_par' dir='ltr' id='par_1_3' title="bbox 129 699 1268 1000">
     <span class='ocr_line' id='line_1_4' title="bbox 241 699 1268 788; baseline 0.003 -20"><span class='ocrx_word' id='word_1_16' title='bbox 241 703 399 770; x_wconf 85' lang='lat' dir='ltr'>Dinaretis</span> <span class='ocrx_word' id='word_1_17' title='bbox 415 702 496 768; x_wconf 89' lang='lat' dir='ltr'>viris</span> <span class='ocrx_word' id='word_1_18' title='bbox 512 703 576 770; x_wconf 83' lang='lat' dir='ltr'>stb.</span> <span class='ocrx_word' id='word_1_19' title='bbox 596 699 808 788; x_wconf 81' lang='lat' dir='ltr'>(kovetkozik</span> <span class='ocrx_word' id='word_1_20' title='bbox 819 703 908 770; x_wconf 73' lang='lat' dir='ltr'>Mate</span> <span class='ocrx_word' id='word_1_21' title='bbox 918 705 977 773; x_wconf 85' lang='lat' dir='ltr'>kir.</span> <span class='ocrx_word' id='word_1_22' title='bbox 992 704 1268 775; x_wconf 74' lang='lat' dir='ltr'>stlovasnmester-</span> 
     </span>
     <span class='ocr_line' id='line_1_5' title="bbox 130 808 1268 897; baseline 0.002 -21"><span class='ocrx_word' id='word_1_23' title='bbox 130 810 196 877; x_wconf 86' lang='lat' dir='ltr'>nek</span> <span class='ocrx_word' id='word_1_24' title='bbox 232 808 369 878; x_wconf 74' lang='lat' dir='ltr'>lato-ki</span> <span class='ocrx_word' id='word_1_25' title='bbox 385 809 490 876; x_wconf 83' lang='lat' dir='ltr'>levale</span> <span class='ocrx_word' id='word_1_26' title='bbox 505 829 544 876; x_wconf 83' lang='lat' dir='ltr'>an</span> <span class='ocrx_word' id='word_1_27' title='bbox 571 808 765 893; x_wconf 83' lang='lat' dir='ltr'>esatergami</span> <span class='ocrx_word' id='word_1_28' title='bbox 781 808 1015 897; x_wconf 80' lang='lat' dir='ltr'>kaptalanhoa,</span> <span class='ocrx_word' id='word_1_29' title='bbox 1035 813 1117 878; x_wconf 90' lang='lat' dir='ltr'>mint</span> <span class='ocrx_word' id='word_1_30' title='bbox 1132 809 1268 880; x_wconf 84' lang='lat' dir='ltr'>fontebb</span> 
     </span>
     <span class='ocr_line' id='line_1_6' title="bbox 129 914 438 1000; baseline 0.003 -19"><span class='ocrx_word' id='word_1_31' title='bbox 129 917 208 984; x_wconf 86' lang='grc'><strong>460.</strong></span> <span class='ocrx_word' id='word_1_32' title='bbox 224 920 313 984; x_wconf 79' lang='lat' dir='ltr'>eram</span> <span class='ocrx_word' id='word_1_33' title='bbox 332 914 438 1000; x_wconf 82' lang='lat' dir='ltr'>altat.)</span> 
     </span>
    </p>

    <p class='ocr_par' dir='ltr' id='par_1_4' title="bbox 122 1019 1267 1323">
     <span class='ocr_line' id='line_1_7' title="bbox 240 1019 1267 1113; baseline 0.001 -24"><span class='ocrx_word' id='word_1_34' title='bbox 240 1019 398 1090; x_wconf 84' lang='lat' dir='ltr'>Omnibus</span> <span class='ocrx_word' id='word_1_35' title='bbox 428 1021 546 1088; x_wconf 80' lang='lat' dir='ltr'>Christi</span> <span class='ocrx_word' id='word_1_36' title='bbox 576 1019 725 1091; x_wconf 84' lang='lat' dir='ltr'>fidelibus</span> <span class='ocrx_word' id='word_1_37' title='bbox 758 1025 820 1091; x_wconf 87' lang='lat' dir='ltr'>stb.</span> <span class='ocrx_word' id='word_1_38' title='bbox 854 1024 1064 1113; x_wconf 71' lang='lat' dir='ltr'>(kivetkezik</span> <span class='ocrx_word' id='word_1_39' title='bbox 1100 1025 1267 1112; x_wconf 86' lang='lat' dir='ltr'>anyitrai</span> 
     </span>
     <span class='ocr_line' id='line_1_8' title="bbox 122 1127 1267 1218; baseline 0.003 -22"><span class='ocrx_word' id='word_1_40' title='bbox 122 1129 363 1215; x_wconf 80' lang='lat' dir='ltr'>&#39;kaptalannak</span> <span class='ocrx_word' id='word_1_41' title='bbox 398 1127 535 1197; x_wconf 61' lang='lat' dir='ltr'>tratti</span> <span class='ocrx_word' id='word_1_42' title='bbox 575 1128 873 1218; x_wconf 70' lang='lat' dir='ltr'>bizonysaglerele,</span> <span class='ocrx_word' id='word_1_43' title='bbox 911 1133 993 1200; x_wconf 87' lang='lat' dir='ltr'>mint</span> <span class='ocrx_word' id='word_1_44' title='bbox 1025 1133 1159 1202; x_wconf 85' lang='lat' dir='ltr'>fentebb</span> <span class='ocrx_word' id='word_1_45' title='bbox 1191 1134 1267 1200; x_wconf 82' lang='lat'>451.</span> 
     </span>
     <span class='ocr_line' id='line_1_9' title="bbox 129 1221 831 1323; baseline -0.001 -16"><span class='ocrx_word' id='word_1_46' title='bbox 129 1242 224 1307; x_wconf 77' lang='lat' dir='ltr'>snam</span> <span class='ocrx_word' id='word_1_47' title='bbox 239 1236 346 1323; x_wconf 82' lang='lat' dir='ltr'>allat)</span> <span class='ocrx_word' id='word_1_48' title='bbox 824 1221 831 1236; x_wconf 59' lang='lat'>⁵</span> 
     </span>
    </p>

    <p class='ocr_par' dir='ltr' id='par_1_5' title="bbox 126 1341 1272 2810">
     <span class='ocr_line' id='line_1_10' title="bbox 240 1341 1267 1433; baseline 0.004 -23"><span class='ocrx_word' id='word_1_49' title='bbox 240 1345 309 1412; x_wconf 84' lang='lat' dir='ltr'>Nos</span> <span class='ocrx_word' id='word_1_50' title='bbox 324 1351 432 1410; x_wconf 90' lang='lat' dir='ltr'>autem</span> <span class='ocrx_word' id='word_1_51' title='bbox 460 1350 526 1410; x_wconf 87' lang='lat' dir='ltr'>tam</span> <span class='ocrx_word' id='word_1_52' title='bbox 558 1341 712 1428; x_wconf 84' lang='lat' dir='ltr'>peticioni</span> <span class='ocrx_word' id='word_1_53' title='bbox 745 1344 892 1429; x_wconf 83' lang='lat' dir='ltr'>Magistri</span> <span class='ocrx_word' id='word_1_54' title='bbox 923 1347 1054 1433; x_wconf 87' lang='lat' dir='ltr'>Mathey</span> <span class='ocrx_word' id='word_1_55' title='bbox 1085 1348 1118 1414; x_wconf 93' lang='lat' dir='ltr'>in</span> <span class='ocrx_word' id='word_1_56' title='bbox 1149 1347 1267 1414; x_wconf 84' lang='lat' dir='ltr'>litteris</span> 
     </span>
     <span class='ocr_line' id='line_1_11' title="bbox 128 1449 1266 1532; baseline 0.002 -15"><span class='ocrx_word' id='word_1_57' title='bbox 128 1452 201 1518; x_wconf 88' lang='lat' dir='ltr'>suis</span> <span class='ocrx_word' id='word_1_58' title='bbox 232 1449 324 1518; x_wconf 87' lang='lat' dir='ltr'>nobis</span> <span class='ocrx_word' id='word_1_59' title='bbox 355 1449 485 1532; x_wconf 79' lang='lat' dir='ltr'>directe,</span> <span class='ocrx_word' id='word_1_60' title='bbox 519 1470 615 1532; x_wconf 89' lang='lat' dir='ltr'>quam</span> <span class='ocrx_word' id='word_1_61' title='bbox 649 1451 752 1518; x_wconf 78' lang='lat' dir='ltr'>etiam</span> <span class='ocrx_word' id='word_1_62' title='bbox 784 1453 947 1522; x_wconf 81' lang='lat' dir='ltr'>instancia</span> <span class='ocrx_word' id='word_1_63' title='bbox 966 1454 1113 1522; x_wconf 85' lang='lat' dir='ltr'>eiusdem</span> <span class='ocrx_word' id='word_1_64' title='bbox 1134 1453 1266 1522; x_wconf 83' lang='lat' dir='ltr'>comitis</span> 
     </span>
     <span class='ocr_line' id='line_1_12' title="bbox 128 1556 1266 1647; baseline 0.003 -23"><span class='ocrx_word' id='word_1_65' title='bbox 128 1558 221 1625; x_wconf 85' lang='lat' dir='ltr'>Petri</span> <span class='ocrx_word' id='word_1_66' title='bbox 236 1556 293 1642; x_wconf 84' lang='lat' dir='ltr'>filij</span> <span class='ocrx_word' id='word_1_67' title='bbox 311 1557 479 1644; x_wconf 84' lang='lat' dir='ltr'>Zabunlay</span> <span class='ocrx_word' id='word_1_68' title='bbox 495 1558 636 1626; x_wconf 87' lang='lat' dir='ltr'>hominis</span> <span class='ocrx_word' id='word_1_69' title='bbox 653 1579 711 1626; x_wconf 87' lang='lat' dir='ltr'>sen</span> <span class='ocrx_word' id='word_1_70' title='bbox 727 1560 779 1626; x_wconf 89' lang='lat' dir='ltr'>sui</span> <span class='ocrx_word' id='word_1_71' title='bbox 801 1562 920 1647; x_wconf 79' lang='lat' dir='ltr'>nunoiJ,</span> <span class='ocrx_word' id='word_1_72' title='bbox 936 1569 971 1630; x_wconf 84' lang='lat' dir='ltr'>vt</span> <span class='ocrx_word' id='word_1_73' title='bbox 986 1562 1198 1647; x_wconf 84' lang='lat' dir='ltr'>prediximus,</span> <span class='ocrx_word' id='word_1_74' title='bbox 1223 1558 1266 1628; x_wconf 84' lang='lat' dir='ltr'>ad</span> 
     </span>
     <span class='ocr_line' id='line_1_13' title="bbox 130 1665 1265 1754; baseline 0.004 -23"><span class='ocrx_word' id='word_1_75' title='bbox 130 1683 195 1732; x_wconf 90' lang='lat' dir='ltr'>nos</span> <span class='ocrx_word' id='word_1_76' title='bbox 226 1665 420 1752; x_wconf 77' lang='lat' dir='ltr'>transmissi,</span> <span class='ocrx_word' id='word_1_77' title='bbox 453 1671 484 1733; x_wconf 93' lang='lat' dir='ltr'>et</span> <span class='ocrx_word' id='word_1_78' title='bbox 501 1665 646 1734; x_wconf 80' lang='lat' dir='ltr'>eiusdem</span> <span class='ocrx_word' id='word_1_79' title='bbox 678 1666 766 1734; x_wconf 90' lang='lat' dir='ltr'>Petri</span> <span class='ocrx_word' id='word_1_80' title='bbox 797 1667 854 1754; x_wconf 87' lang='lat' dir='ltr'>fiiij</span> <span class='ocrx_word' id='word_1_81' title='bbox 889 1669 1039 1754; x_wconf 81' lang='lat' dir='ltr'>Magistri</span> <span class='ocrx_word' id='word_1_82' title='bbox 1071 1671 1158 1738; x_wconf 84' lang='lat' dir='ltr'>Boas</span> <span class='ocrx_word' id='word_1_83' title='bbox 1183 1669 1265 1738; x_wconf 86' lang='lat' dir='ltr'>satis</span> 
     </span>
     <span class='ocr_line' id='line_1_14' title="bbox 126 1775 1265 1864; baseline 0.004 -25"><span class='ocrx_word' id='word_1_84' title='bbox 126 1811 175 1822; x_wconf 96' lang='lat'><strong>—</strong></span> <span class='ocrx_word' id='word_1_85' title='bbox 191 1809 713 1826; x_wconf 85' lang='lat'><em>---------</em></span> <span class='ocrx_word' id='word_1_86' title='bbox 741 1775 947 1862; x_wconf 87' lang='lat' dir='ltr'>priuilegium</span> <span class='ocrx_word' id='word_1_87' title='bbox 980 1777 1122 1864; x_wconf 78' lang='lat' dir='ltr'>Capituli</span> <span class='ocrx_word' id='word_1_88' title='bbox 1153 1775 1265 1864; x_wconf 86' lang='lat' dir='ltr'>Nytri·</span> 
     </span>
     <span class='ocr_line' id='line_1_15' title="bbox 129 1879 1265 1968; baseline 0.001 -20"><span class='ocrx_word' id='word_1_89' title='bbox 129 1881 232 1968; x_wconf 88' lang='lat' dir='ltr'>ensis,</span> <span class='ocrx_word' id='word_1_90' title='bbox 266 1887 297 1947; x_wconf 82' lang='lat' dir='ltr'>et</span> <span class='ocrx_word' id='word_1_91' title='bbox 327 1881 437 1947; x_wconf 90' lang='lat' dir='ltr'>omnia</span> <span class='ocrx_word' id='word_1_92' title='bbox 469 1887 501 1948; x_wconf 89' lang='lat' dir='ltr'>et</span> <span class='ocrx_word' id='word_1_93' title='bbox 516 1879 651 1966; x_wconf 87' lang='lat' dir='ltr'>singula</span> <span class='ocrx_word' id='word_1_94' title='bbox 667 1883 897 1968; x_wconf 84' lang='lat' dir='ltr'>premissorum</span> <span class='ocrx_word' id='word_1_95' title='bbox 913 1885 948 1952; x_wconf 92' lang='lat' dir='ltr'>in</span> <span class='ocrx_word' id='word_1_96' title='bbox 965 1905 1002 1954; x_wconf 86' lang='lat' dir='ltr'>ao</span> <span class='ocrx_word' id='word_1_97' title='bbox 1018 1890 1171 1953; x_wconf 86' lang='lat' dir='ltr'>contenta</span> <span class='ocrx_word' id='word_1_98' title='bbox 1187 1883 1265 1952; x_wconf 88' lang='lat' dir='ltr'>rati-</span> 
     </span>
     <span class='ocr_line' id='line_1_16' title="bbox 127 1987 1265 2078; baseline 0.004 -24"><span class='ocrx_word' id='word_1_99' title='bbox 127 1989 316 2058; x_wconf 84' lang='lat' dir='ltr'>fioanernnt</span> <span class='ocrx_word' id='word_1_100' title='bbox 331 2007 389 2055; x_wconf 88' lang='lat' dir='ltr'>sue</span> <span class='ocrx_word' id='word_1_101' title='bbox 406 1987 537 2056; x_wconf 89' lang='lat' dir='ltr'>oraoulo</span> <span class='ocrx_word' id='word_1_102' title='bbox 553 1988 629 2060; x_wconf 81' lang='lat' dir='ltr'>uiue</span> <span class='ocrx_word' id='word_1_103' title='bbox 647 1991 759 2076; x_wconf 88' lang='lat' dir='ltr'>uoois;</span> <span class='ocrx_word' id='word_1_104' title='bbox 790 1991 898 2077; x_wconf 90' lang='lat' dir='ltr'>ipsum</span> <span class='ocrx_word' id='word_1_105' title='bbox 929 1989 1137 2077; x_wconf 82' lang='lat' dir='ltr'>priuilegium</span> <span class='ocrx_word' id='word_1_106' title='bbox 1169 1991 1265 2078; x_wconf 79' lang='lat' dir='ltr'>Capi·</span> 
     </span>
     <span class='ocr_line' id='line_1_17' title="bbox 130 2092 1266 2182; baseline 0.004 -20"><span class='ocrx_word' id='word_1_107' title='bbox 130 2095 196 2162; x_wconf 86' lang='lat' dir='ltr'>tuli</span> <span class='ocrx_word' id='word_1_108' title='bbox 225 2094 413 2182; x_wconf 82' lang='lat' dir='ltr'>Nytriensis</span> <span class='ocrx_word' id='word_1_109' title='bbox 444 2092 484 2161; x_wconf 88' lang='lat' dir='ltr'>de</span> <span class='ocrx_word' id='word_1_110' title='bbox 515 2095 614 2164; x_wconf 80' lang='lat' dir='ltr'>narbo</span> <span class='ocrx_word' id='word_1_111' title='bbox 646 2096 689 2164; x_wconf 87' lang='lat' dir='ltr'>ad</span> <span class='ocrx_word' id='word_1_112' title='bbox 720 2100 857 2166; x_wconf 87' lang='lat' dir='ltr'>uerbum</span> <span class='ocrx_word' id='word_1_113' title='bbox 889 2097 960 2166; x_wconf 85' lang='lat' dir='ltr'>sina</span> <span class='ocrx_word' id='word_1_114' title='bbox 991 2097 1216 2168; x_wconf 85' lang='lat' dir='ltr'>additamento</span> <span class='ocrx_word' id='word_1_115' title='bbox 1234 2107 1266 2168; x_wconf 91' lang='lat' dir='ltr'>et</span> 
     </span>
     <span class='ocr_line' id='line_1_18' title="bbox 129 2201 1261 2288; baseline 0.003 -20"><span class='ocrx_word' id='word_1_116' title='bbox 129 2201 352 2270; x_wconf 81' lang='lat' dir='ltr'>diminucione</span> <span class='ocrx_word' id='word_1_117' title='bbox 383 2203 416 2268; x_wconf 95' lang='lat' dir='ltr'>in</span> <span class='ocrx_word' id='word_1_118' title='bbox 448 2201 613 2288; x_wconf 86' lang='lat' dir='ltr'>publioam</span> <span class='ocrx_word' id='word_1_119' title='bbox 646 2203 782 2272; x_wconf 81' lang='lat' dir='ltr'>formam</span> <span class='ocrx_word' id='word_1_120' title='bbox 800 2241 1261 2258; x_wconf 83' lang='lat'>--------</span> 
     </span>
     <span class='ocr_line' id='line_1_19' title="bbox 129 2313 1265 2402; baseline 0.002 -24"><span class='ocrx_word' id='word_1_121' title='bbox 129 2345 1017 2364; x_wconf 74' lang='lat'><strong>---------------</strong></span> <span class='ocrx_word' id='word_1_122' title='bbox 1051 2313 1127 2382; x_wconf 89' lang='lat' dir='ltr'>dum</span> <span class='ocrx_word' id='word_1_123' title='bbox 1143 2333 1265 2402; x_wconf 87' lang='lat' dir='ltr'>appen-</span> 
     </span>
     <span class='ocr_line' id='line_1_20' title="bbox 129 2415 1265 2506; baseline 0 -22"><span class='ocrx_word' id='word_1_124' title='bbox 129 2419 224 2485; x_wconf 88' lang='lat' dir='ltr'>sione</span> <span class='ocrx_word' id='word_1_125' title='bbox 239 2417 337 2503; x_wconf 85' lang='lat' dir='ltr'>sigilli</span> <span class='ocrx_word' id='word_1_126' title='bbox 354 2417 457 2485; x_wconf 87' lang='lat' dir='ltr'>nostri</span> <span class='ocrx_word' id='word_1_127' title='bbox 472 2415 631 2486; x_wconf 81' lang='lat' dir='ltr'>iaoientes</span> <span class='ocrx_word' id='word_1_128' title='bbox 647 2417 681 2484; x_wconf 90' lang='lat' dir='ltr'>id</span> <span class='ocrx_word' id='word_1_129' title='bbox 698 2417 804 2486; x_wconf 83' lang='lat' dir='ltr'>eniam</span> <span class='ocrx_word' id='word_1_130' title='bbox 821 2421 1023 2489; x_wconf 76' lang='lat' dir='ltr'>communiri.</span> <span class='ocrx_word' id='word_1_131' title='bbox 1056 2425 1176 2492; x_wconf 87' lang='lat' dir='ltr'>Datum</span> <span class='ocrx_word' id='word_1_132' title='bbox 1207 2438 1265 2506; x_wconf 90' lang='lat' dir='ltr'>per</span> 
     </span>
     <span class='ocr_line' id='line_1_21' title="bbox 130 2523 1264 2614; baseline 0.005 -24"><span class='ocrx_word' id='word_1_133' title='bbox 130 2545 249 2593; x_wconf 86' lang='lat' dir='ltr'>manus</span> <span class='ocrx_word' id='word_1_134' title='bbox 266 2525 398 2596; x_wconf 79' lang='lat' dir='ltr'>discreti</span> <span class='ocrx_word' id='word_1_135' title='bbox 415 2523 477 2592; x_wconf 86' lang='lat' dir='ltr'>riri</span> <span class='ocrx_word' id='word_1_136' title='bbox 488 2525 637 2611; x_wconf 82' lang='lat' dir='ltr'>Magistri</span> <span class='ocrx_word' id='word_1_137' title='bbox 647 2525 804 2614; x_wconf 76' lang='lat' dir='ltr'>Cypriani</span> <span class='ocrx_word' id='word_1_138' title='bbox 823 2528 969 2598; x_wconf 80' lang='lat' dir='ltr'>Euolesie</span> <span class='ocrx_word' id='word_1_139' title='bbox 984 2537 1094 2600; x_wconf 85' lang='lat' dir='ltr'>nostre</span> <span class='ocrx_word' id='word_1_140' title='bbox 1110 2529 1264 2613; x_wconf 82' lang='lat' dir='ltr'>Laetoria,</span> 
     </span>
     <span class='ocr_line' id='line_1_22' title="bbox 128 2632 1272 2725; baseline 0.002 -25"><span class='ocrx_word' id='word_1_141' title='bbox 128 2654 219 2701; x_wconf 86' lang='lat' dir='ltr'>anno</span> <span class='ocrx_word' id='word_1_142' title='bbox 235 2632 368 2700; x_wconf 91' lang='lat' dir='ltr'>Domini</span> <span class='ocrx_word' id='word_1_143' title='bbox 383 2632 503 2701; x_wconf 53' lang='grc' dir='ltr'>ΜΦΟΟο</span> <span class='ocrx_word' id='word_1_144' title='bbox 519 2634 733 2719; x_wconf 83' lang='lat' dir='ltr'>nonagesimo</span> <span class='ocrx_word' id='word_1_145' title='bbox 751 2635 876 2725; x_wconf 87' lang='lat' dir='ltr'>quinto,</span> <span class='ocrx_word' id='word_1_146' title='bbox 906 2637 1173 2724; x_wconf 81' lang='lat' dir='ltr'>septimodaoimo</span> <span class='ocrx_word' id='word_1_147' title='bbox 1205 2635 1272 2702; x_wconf 87' lang='lat' dir='ltr'>ka·-</span> 
     </span>
     <span class='ocr_line' id='line_1_23' title="bbox 128 2738 468 2810; baseline 0.009 -4"><span class='ocrx_word' id='word_1_148' title='bbox 128 2738 247 2810; x_wconf 85' lang='lat' dir='ltr'>lendas</span> <span class='ocrx_word' id='word_1_149' title='bbox 264 2740 468 2809; x_wconf 85' lang='lat' dir='ltr'>Nouembris.</span> 
     </span>
    </p>
   </div>
   <div class='ocr_carea' id='block_1_3' title="bbox 127 2938 1271 3098">
    <p class='ocr_par' dir='ltr' id='par_1_6' title="bbox 127 2938 1271 3098">
     <span class='ocr_line' id='line_1_24' title="bbox 127 2938 1271 3007; baseline -0.001 -16"><span class='ocrx_word' id='word_1_150' title='bbox 127 2940 273 3000; x_wconf 78' lang='lat' dir='ltr'>(Eredetie</span> <span class='ocrx_word' id='word_1_151' title='bbox 292 2938 474 3004; x_wconf 78' lang='lat' dir='ltr'>normrtyan,</span> <span class='ocrx_word' id='word_1_152' title='bbox 494 2955 512 2992; x_wconf 89' lang='lat' dir='ltr'>a</span> <span class='ocrx_word' id='word_1_153' title='bbox 536 2940 657 3006; x_wconf 78' lang='lat' dir='ltr'>molyrol</span> <span class='ocrx_word' id='word_1_154' title='bbox 677 2941 837 2995; x_wconf 69' lang='lat' dir='ltr'>sold-voras</span> <span class='ocrx_word' id='word_1_155' title='bbox 868 2939 1106 3007; x_wconf 78' lang='lat' dir='ltr'>selyemzrinoron</span> <span class='ocrx_word' id='word_1_156' title='bbox 1125 2955 1142 2992; x_wconf 88' lang='lat' dir='ltr'>a</span> <span class='ocrx_word' id='word_1_157' title='bbox 1159 2939 1271 3006; x_wconf 68' lang='lat' dir='ltr'>pauset·-</span> 
     </span>
     <span class='ocr_line' id='line_1_25' title="bbox 222 3027 1178 3098; baseline 0.001 -17"><span class='ocrx_word' id='word_1_158' title='bbox 222 3031 278 3082; x_wconf 83' lang='lat' dir='ltr'>nek</span> <span class='ocrx_word' id='word_1_159' title='bbox 298 3027 431 3081; x_wconf 73' lang='lat' dir='ltr'>toradeke</span> <span class='ocrx_word' id='word_1_160' title='bbox 449 3029 540 3096; x_wconf 56' lang='grc' dir='ltr'>ὥρῃ</span> <span class='ocrx_word' id='word_1_161' title='bbox 560 3045 578 3082; x_wconf 89' lang='lat' dir='ltr'>a</span> <span class='ocrx_word' id='word_1_162' title='bbox 596 3031 675 3084; x_wconf 67' lang='lat' dir='ltr'>molt.</span> <span class='ocrx_word' id='word_1_163' title='bbox 690 3031 758 3098; x_wconf 68' lang='lat' dir='ltr'>graf</span> <span class='ocrx_word' id='word_1_164' title='bbox 775 3033 835 3098; x_wconf 82' lang='lat' dir='ltr'>Zuy</span> <span class='ocrx_word' id='word_1_165' title='bbox 855 3030 950 3083; x_wconf 79' lang='lat' dir='ltr'>osalad</span> <span class='ocrx_word' id='word_1_166' title='bbox 963 3027 1178 3092; x_wconf 70' lang='lat' dir='ltr'>levtltartban.)</span> 
     </span>
    </p>
   </div>
   <div class='ocr_carea' id='block_1_4' title="bbox 0 0 1578 5164">
    <p class='ocr_par' dir='ltr' id='par_1_7' title="bbox 0 0 1578 5164">
     <span class='ocr_line' id='line_1_26' title="bbox 0 0 1578 5164; baseline 0 2"><span class='ocrx_word' id='word_1_167' title='bbox 0 0 1578 5164; x_wconf 95' lang='lat' dir='ltr'> </span> 
     </span>
    </p>
   </div>
  </div>
 </body>
</html>
