3068 5150
639 803 713 872 301.

117 1008 169 1073 IV.
185 1010 315 1076 Mortes
329 1007 494 1096 pdpctcak
509 957 701 1073 incaseato
716 1027 738 1070 a
752 1009 894 1092 raccant
918 1009 1062 1094 troekrc‘y
1080 1009 1180 1094 jaooi
1205 1011 1237 1076 ta

403 1115 593 1201 j'o'oedelmct'
617 1115 808 1201 mcqyotau.
830 1115 928 1181 1282.

212 1311 373 1379 Martinus
387 1311 568 1396 Episcopus
584 1328 698 1378 seruus
714 1329 882 1378 seruorum
897 1309 959 1377 Dei
975 1310 1094 1377 dilecto
1112 1309 1233 1380 filio...

115 1420 224 1486 Abbati
239 1419 428 1506 Monosterij
462 1419 690 1486 Lucromensis
719 1418 889 1503 Ragnsine
918 1418 1066 1486 Diocesis
1097 1419 1234 1486 salutem

115 1535 142 1594 et
154 1527 373 1613 socraticam
406 1511 674 1593 benedictionem.
707 1524 774 1592 Sua
805 1523 900 1593 nobis
919 1525 1116 1593 venerabilis
1131 1526 1231 1594 trater

115 1643 224 1722 noster,
240 1635 342 1702 frater
367 1635 599 1700 Bonaucutura
629 1632 903 1718 Archiepiscopus
933 1633 1120 1716 Rugusinus
1151 1635 1235 1718 peti-

114 1745 193 1812 tione
221 1742 425 1829 monstrauit,
457 1739 542 1826 quod
558 1739 705 1806 nonnulli
721 1739 902 1824 iniquitatis
918 1737 991 1825 fiiij,
1006 1760 1086 1826 quos
1101 1761 1232 1827 prorsus

116 1855 240 1938 ignorat,
281 1851 438 1936 decimas,
477 1853 592 1932 terras,
631 1848 867 1934 possessiones,
908 1867 1035 1935 oeneus,
1075 1848 1233 1936 redditus,

114 1961 223 2046 domos,
239 1959 361 2044 legata,
377 1956 548 2043 piscarias,
564 1961 596 2022 et
606 1954 745 2040 quedam
761 1957 829 2022 alia
845 1958 930 2023 bona
945 1955 989 2023 ad
1004 1955 1229 2044 Archiepisco-

112 2069 210 2156 palem
225 2068 343 2136 Sedem
359 2085 451 2134 suam
462 2065 662 2150 Regusinam
678 2065 874 2152 spectantia,
892 2073 1013 2134 temere
1024 2067 1227 2135 etmalitioso

113 2178 270 2261 occultare,
301 2196 340 2242 ac
356 2175 482 2243 occulte
513 2172 660 2240 detinere
691 2181 891 2258 presumunt,
924 2195 989 2242 nou
1021 2181 1172 2244 curantes
1192 2198 1232 2244 ea

112 2283 189 2350 uoto
200 2281 454 2368 Archiepieoopo
469 2279 631 2366 exhibere,
648 2281 682 2348 iu
692 2281 875 2349 animarum
893 2301 1024 2350 suarum
1040 2283 1231 2374 periculum,

111 2400 139 2459 et
159 2392 261 2479 ipsius
291 2390 537 2476 Archiepiscopi
567 2409 633 2456 uon
667 2388 828 2457 modicum
861 2389 1111 2477 detrimentum
1135 2413 1232 2478 super

112 2521 167 2585 quo
182 2501 266 2567 idem
282 2499 555 2585 Archiepiscopus
572 2497 759 2584 Apostolice
791 2496 887 2565 Sedis
918 2498 1094 2567 remedium
1126 2500 1231 2584 inplo-

14 2681 15 2686 ἵ
111 2609 198 2675 rauit.
223 2607 384 2688 Quocirca
399 2605 587 2674 discretioni
603 2613 659 2672 tue
674 2625 733 2691 per
749 2605 939 2691 Apostolica
955 2607 1079 2693 scripta
1095 2607 1230 2676 manda·

110 2739 182 2804 nus,
197 2723 359 2803 qnatenus
375 2735 485 2783 omues
501 2721 680 2782 retentores
697 2716 842 2781 occultos
859 2713 1067 2802 decimarum,
1099 2735 1228 2803 posses-

110 2826 235 2912 sionum,
265 2831 298 2891 et
314 2825 454 2892 aliorum
486 2822 713 2909 predictorum,
746 2843 787 2888 ex
802 2829 895 2908 parte
924 2825 1179 2908 nostrapublico
1195 2825 1229 2890 iu

111 2933 248 3019 ecolesijs
265 2953 373 3000 coram
391 2932 510 3018 populo
535 2951 594 3016 per
623 2937 656 2999 te
687 2932 739 2998 vel
770 2931 871 2998 alium
903 2950 1046 3017 moneas,
1079 2937 1115 2998 ut
1145 2932 1231 2999 infra

111 3041 268 3107 terminum
296 3045 541 3126 competentem,
559 3058 654 3122 quem
672 3040 719 3106 eis
736 3040 914 3128 prefixcris,
931 3061 972 3107 ea
991 3038 1077 3106 dicto
1095 3040 1231 3108 Archio-

112 3149 234 3234 piscopo
250 3170 271 3216 a
287 3169 324 3218 se
340 3147 453 3216 debita
467 3149 641 3216 restituant
657 3154 689 3215 et
704 3148 858 3235 revelent,
875 3155 907 3215 ct
924 3147 966 3216 de
982 3149 1066 3234 ipsis
1098 3150 1228 3237 plenam

14 3237 16 3316 t
114 3274 147 3320 cc
161 3255 298 3325 debitam
330 3254 360 3322 ai
375 3255 628 3323 satisfactionem
659 3254 858 3341 impendant.
883 3255 969 3322 Etsi
985 3256 1019 3323 id
1035 3277 1100 3324 non
1117 3260 1232 3345 imple·

114 3365 216 3446 ueriut,
246 3363 334 3432 infru
365 3363 466 3430 alium
498 3362 671 3430 terminum
703 3370 948 3450 competentem,
981 3384 1077 3448 quern
1108 3367 1155 3433 eis
1186 3368 1228 3434 ad

117 3469 169 3536 hoc
183 3472 394 3558 peremptorie
410 3470 543 3541 duxeris
552 3471 783 3560 prefigendum,
794 3478 912 3539 extunc
922 3473 955 3538 in
968 3492 1024 3541 cos
1040 3476 1226 3558 generalem

122 3581 448 3647 excommunicationis
458 3580 653 3647 sententiam
664 3579 823 3668 proferas,
840 3587 872 3648 ct
887 3581 985 3648 etiam
995 3583 1051 3650 ubi
1062 3589 1093 3650 et
1108 3590 1229 3666 quanto

122 3683 251 3767 expedire
265 3685 396 3776 videris,
430 3688 654 3772 facturusque
687 3689 730 3756 cd
753 3688 1009 3756 satisfactionem
1029 3690 1228 3776 condignam

123 3789 282 3862 solemniter
314 3794 485 3880 publicari.
532 3797 652 3862 Datum
683 3797 773 3882 apud
805 3795 922 3864 Urbem
955 3798 1104 3865 Veterem
1133 3801 1228 3866 nonis

125 3893 226 3987 Marcii,
242 3901 454 3973 Pontificatus
470 3904 573 3971 nostri
588 3923 673 3972 anno
690 3904 805 3990 primo.

333 4101 452 4163 OEarlati
470 4103 617 4170 illyricum
642 4101 759 4158 Sacrum
772 4105 820 4157 VI.
834 4105 893 4158 not.
909 4107 967 4154 116.
980 4106 1012 4168 1.]
