3148 5146
600 306 759 406 “os-

105 497 271 589 prioribus
295 497 434 567 velimus
446 519 556 567 eorum
573 497 782 566 libertatibus
798 499 1017 587 indempniter
1032 519 1227 568 oonservare

110 606 321 678 universitati
353 611 462 674 vestre
501 608 647 691 presenti
687 605 851 675 ediotione
891 613 1050 692 perpetuo
1090 603 1247 676 duratura
1296 608 1301 622 '

107 713 304 800 specialiter
336 713 521 780 inhibemus
536 736 545 778 ε
562 733 604 780 00
634 713 709 796 quis
738 711 903 799 predietos
934 713 1075 800 populos
1091 712 1245 800 lipisoopi

110 829 146 890 et
179 819 323 909 Capituli
356 819 592 905 Zagrabieusis
623 820 765 906 nomine,
804 821 945 908 rarione,
975 842 1033 891 seu
1074 823 1245 890 oeoasione

104 929 248 998 oolleote
278 927 463 1010 cuiuslibet,
480 935 512 994 et
528 926 716 1013 spetialiter
746 932 897 1014 pretextu
928 927 1064 998 oolleote
1096 927 1245 996 uudeoim

106 1045 142 1103 et
157 1043 283 1121 septem
298 1034 505 1104 denariorum
520 1042 711 1122 presumant
739 1037 948 1122 aliquatenus
978 1039 1161 1124 molestare,
1177 1045 1235 1108 aut

107 1143 257 1227 aliquam
288 1141 461 1212 oolleotam
492 1140 625 1227 exigere
641 1143 684 1211 ub
700 1140 835 1226 eisdem,
855 1162 922 1210 non
943 1142 1145 1211 obstantibus
1162 1143 1246 1216 litte·

107 1253 155 1318 ris
172 1251 293 1320 nostris
309 1271 372 1337 que
387 1259 502 1320 eontra
533 1259 679 1320 tenorem
710 1251 954 1338 privilegiorum
986 1251 1170 1321 eorumdem
1186 1273 1246 1322 seu

107 1365 223 1428 eontra
237 1357 376 1427 sormam
392 1359 553 1427 libertatis
581 1359 728 1428 Euelesie
750 1367 927 1428 memorate
943 1367 1159 1439 emanassent,
1191 1361 1245 1429 vel

108 1465 267 1551 deinceps
288 1465 531 1550 quomodolibet
547 1466 748 1552 contingeret
767 1487 943 1549 emanare;
959 1487 1031 1534 oum
1062 1467 1245 1552 prediotam

107 1576 304 1660 Euelesiam,
320 1577 406 1643 siout
419 1575 637 1662 premisimus,
663 1578 705 1643 ob
722 1579 944 1646 revereueiam
962 1576 1155 1646 Senatorum
1170 1597 1242 1664 pre·

106 1681 321 1751 deeeasorum
339 1690 533 1769 nostrorum,
552 1682 711 1768 Stephani
728 1691 762 1751 et
776 1684 928 1752 Ladiulai
950 1685 1073 1769 Regum
1088 1685 1243 1770 Vngarie,

108 1810 173 1858 nee
187 1809 251 1857 nou
270 1797 303 1856 et
317 1795 451 1875 propter
481 1789 697 1876 approbatam
716 1787 907 1858 fidelitatem
923 1789 1121 1860 venerabilis
1138 1791 1242 1876 patris

111 1897 301 1966 'Pbimotbei
334 1895 478 1964 eiusdem
504 1897 651 1964 Eooiesie
670 1895 837 1982 Episcopi,
865 1895 986 1964 dietam
1017 1896 1197 1965 1100100100]
1214 1903 1246 1964 et

109 2004 252 2090 populos
281 2022 322 2070 ae
337 2003 412 2071 iura
443 2001 513 2070 eius
544 2003 684 2071 velimus
700 2009 733 2070 et
751 2002 961 2072 intendamus
988 2011 1197 2072 manutenere
1212 2009 1245 2072 et

108 2129 309 2180 eonservare
323 2109 358 2178 iu
375 2129 485 2178 eorum
501 2111 665 2179 eonsuetis
681 2117 714 2177 et
728 2110 871 2196 antiquis
895 2109 1103 2182 libertatibus
1135 2110 1245 2179 inoon·

108 2237 215 2287 eusse.
246 2217 286 2284 Iu
302 2217 393 2286 ouius
423 2218 472 2284 rei
491 2217 681 2285 memoriam
698 2225 730 2284 et
744 2225 939 2304 perpetuam
970 2217 1155 2286 firmitatem
1175 2237 1245 2302 pre-

109 2334 221 2395 sentes
238 2323 387 2393 dedimus
402 2323 515 2392 literas
531 2324 670 2412 dupiiois
690 2324 795 2410 sigilli
810 2323 914 2395 nostri
944 2325 1122 2394 munimine
1153 2327 1246 2394 robo-

108 2441 212 2502 ratae.
244 2433 367 2502 Datum
399 2451 458 2519 per
489 2452 606 2502 manus
636 2431 812 2522 Benedicti,
854 2433 975 2503 Sanote
1013 2433 1246 2520 strigoniensis

111 2539 262 2610 Eoelesie
276 2540 392 2625 Eleoti,
411 2539 622 2624 eiusdemque
637 2540 699 2608 loei
708 2540 843 2610 Gomitis
862 2541 1027 2630 Perpetui,
1044 2545 1119 2612 aule
1134 2547 1245 2610 nostre

110 2647 382 2718 Vieeoauoellarii
399 2653 432 2713 et
450 2647 613 2733 Prepositi
645 2646 814 2734 Budensis,
833 2647 946 2717 dileoti
961 2655 995 2716 et
1009 2649 1114 2718 fidelis
1130 2651 1245 2734 nostri,

111 2777 200 2826 anuo
217 2754 351 2822 Domini
366 2753 615 2844 ncomlv,
633 2753 738 2841 pridie
753 2755 916 2825 kalendas
932 2756 1032 2840 lonii,
1062 2757 1247 2826 indiooioue

111 2868 159 2934 ΙΙ.
174 2865 280 2948 Regni
296 2871 406 2931 antem
437 2863 539 2930 nostri
555 2883 643 2932 anno
659 2863 810 2933 seeundo.
830 2865 1077 2933 venerabilibus
1092 2864 1242 2952 patribus

112 2971 284 3056 Stephano
317 2969 487 3038 Goloeensi
507 2979 540 3038 et
569 2971 721 3040 Jobanue
753 2971 942 3058 spalatensi
972 2971 1244 3060 drohiepisuopis,

112 3081 287 3166 lamperto
318 3076 479 3162 Agriensi,
510 3078 573 3146 Job
604 3076 936 3167 Quinqueeolesiensi,
967 3078 1120 3167 Philippo
1138 3078 1245 3148 Waoi·

112 3188 198 3274 ensi,
214 3185 292 3253 aule
307 3183 441 3251 domine
456 3185 581 3268 Regino
601 3185 757 3253 oousortis
773 3194 883 3254 nostre
913 3186 1089 3256 karissime
1115 3185 1248 3256 000001-

113 3294 206 3378 1οι10,
216 3291 321 3358 Ρο010
336 3288 583 3376 Wesprimiensi
601 3291 677 3360 aule
693 3299 803 3360 nostre
820 3292 1031 3380 Ganoellario,
1051 3293 1245 3362 Tbimotheo

114 3399 343 3485 Zagrabiensi,
373 3397 569 3467 bodomerio
591 3397 810 3484 Waradiensi,
840 3398 999 3484 Dyonisio
1029 3399 1195 3468 lauriensi
1206 3409 1248 3482 ,et

113 3509 213 3576 Petro
243 3505 461 3574 Transiluauo
492 3506 673 3593 Episcopis,
706 3505 870 3574 Euolesias
895 3505 959 3574 Dei
974 3505 1112 3576 felieiter
1127 3510 1245 3594 guber·

112 3614 280 3683 nantibus.
297 3613 455 3699 Dyouisio
471 3613 621 3682 Palatino
641 3614 765 3682 Gemite
780 3614 822 3682 de
837 3613 975 3684 Zounuk
992 3621 1023 3682 et
1037 3615 1153 3685 ludios
1182 3617 1246 3686 Gu-

113 3741 296 3807 mauorum,
327 3720 474 3808 Nyoolao
504 3719 622 3790 ludiee
652 3722 749 3790 Gurie
781 3729 891 3789 nostre
905 3719 1030 3790 Gomite
1046 3723 1088 3790 de
1104 3725 1248 3814 Gueoke,

112 3831 259 3900 Heuriuo
268 3828 360 3897 Banu
369 3827 473 3895 tooius
484 3826 671 3916 Solanonie,
685 3829 834 3914 Nyoolao
844 3829 1015 3916 Woyuode
1029 3831 1247 3900 Transiluano

111 3948 147 4008 et
163 3935 291 4006 Gemite
321 3934 364 4002 de
394 3933 544 4021 Zounulr,
578 3936 684 4004 Paulo
718 3937 809 4005 Bano
835 3936 877 4006 do
907 3937 1057 4025 Zeurino,
1088 3937 1248 4008 Joaobiuo

112 4043 277 4130 Magistro
291 4039 553 4110 Tauarnieorum
571 4041 697 4110 comite
712 4041 754 4110 de
768 4043 856 4130 Plys,
885 4044 1058 4132 Reynoldo
1089 4047 1247 4130 Magistro
1273 4034 1275 4042 ’

111 4149 346 4238 Dapiierorum
378 4145 503 4216 Gomite
534 4148 818 4238 Zulgageuriensi,
836 4150 985 4237 Nyeolao
1002 4153 1160 4237 Magistro
1176 4154 1250 4222 Pin·

110 4275 296 4338 cernuum,
317 4253 477 4324 Herborto
495 4253 655 4341 Magistro
688 4258 880 4345 Agasouum
909 4265 1089 4328 nostrorum
1123 4247 1248 4331 Gomite

111 4369 155 4435 de
171 4363 316 4446 Bouana,
345 4360 439 4446 Moys
471 4362 630 4448 Magistro
662 4361 941 4434 Thararnioorum
973 4364 1105 4435 domiue
1124 4366 1249 4450 Regino

109 4470 277 4542 consortis
292 4475 404 4538 nostre
419 4467 605 4559 karissime,
637 4471 760 4540 Gemite
791 4471 987 4558 simigiensi,
1021 4472 1174 4543 iohanne
1191 4474 1250 4544 Go-

113 4580 195 4648 mite
226 4573 451 4664 Suprunienai,
483 4577 641 4662 Gregorio
675 4577 799 4647 Gemite
830 4577 938 4646 Gastri
969 4581 1090 4666 10001,
1121 4583 1252 4654 Dedalo
