3170 5166
754 309 913 414 Q

268 498 381 584 riensi,
397 497 508 588 Erney
523 500 759 588 Worosdiensi,
776 507 808 570 et
818 501 895 588 elijs
912 523 1007 590 quam
1024 501 1170 590 pluribus
1186 506 1409 589 Magistratus

267 613 301 672 et
317 605 497 674 Comitatus
514 608 708 677 tenentibus.
723 610 844 702 Datum
876 631 962 680 anuo
993 612 1128 680 Domini
1157 612 1282 680 M⁰Gd⁰
1312 615 1415 698 quin--

268 716 459 799 quagesimo
476 715 588 802 primo,
606 719 722 784 octauo
737 713 899 786 kalendas
923 717 1122 808 Decembris,
1153 721 1259 805 Regni
1291 729 1399 790 autem

269 823 372 890 nostri
388 841 476 889 anno
492 823 597 890 xvte

277 1023 322 1085 (V.
344 1021 443 1074 Isttdn
461 1022 614 1088 kirdlyuek
648 1023 758 1074 reru-ki
789 1023 956 1088 megsrdsittt
988 1022 1186 1086 okmtinydbdl,
1218 1023 1293 1072 mint
1324 1023 1418 1072 niribb·

312 1115 373 1162 tto.
395 1127 433 1162 aa.
456 1127 481 1162 a.
500 1111 589 1162 Rdsze
608 1111 713 1162 kiadva
730 1111 858 1176 Fejdrndl
878 1109 943 1162 (iod.
964 1112 1040 1175 Dipl.
1059 1111 1108 1162 IV.
1127 1112 1187 1162 hot.
1209 1115 1233 1188 2¹.
1247 1125 1270 1162 r.
1286 1115 1328 1162 st.
1341 1113 1370 1174 l.)

706 1415 972 1426 ——n-

805 1946 881 2016 ott.

280 2151 394 2216 luendo
410 2146 515 2234 r'JJudb
539 2145 719 2231 kirdlynok
750 2147 820 2212 Wrs
852 2146 1009 2233 helysdqet
1039 2151 1197 2234 teiryyazd
1227 2149 1420 2234 adomduyw

547 2252 716 2342 Kompodtir
735 2275 834 2320 comes
849 2259 1011 2318 szo'ondro.
1037 2255 1139 2320 1264.

367 2445 587 2536 (S)tephanus
597 2447 658 2516 Dei
670 2407 900 2532 graoisjuniur
910 2449 980 2515 Rex
990 2447 1143 2536 Vngarie,
1155 2451 1231 2516 Dux
1246 2451 1408 2520 Transsil-

274 2578 382 2628 nanus
398 2563 431 2622 ot
449 2555 609 2623 Dominus
626 2554 845 2622 Cumanorum
862 2553 1009 2622 omnibus
1025 2565 1191 2640 presentes
1208 2557 1340 2626 litteras
1364 2558 1408 2622 in·

275 2664 583 2754 speeturissalutom
600 2665 634 2730 in
655 2663 794 2730 Domino
810 2664 1053 2749 sempiternam.
1070 2663 1112 2732 Vt
1128 2665 1333 2734 eollaoiones
1350 2667 1420 2732 Re·-

277 2795 354 2859 gum
367 2780 521 2860 perpetuo
532 2777 753 2858 persone-rent,
762 2771 948 2838 litterarum
958 2772 1259 2841 solenttestimouio
1270 2793 1411 2841 eommu-

276 2883 351 2951 niri.
384 2877 524 2948 Proinde
556 2879 599 2948 ad
616 2879 839 2946 uniuersorum
855 2878 1008 2958 noticiam
1032 2877 1147 2947 harum
1163 2881 1248 2948 serie
1263 2881 1422 2948 uolumus-

277 2991 460 3078 pernenire,
479 2987 566 3071 quod
581 3007 653 3056 oum
672 2987 787 3054 Comes
803 2983 973 3072 Gompolth
988 2985 1126 3055 dileotns
1141 2987 1291 3056 etfidelis
1303 2995 1424 3056 noster·

275 3098 372 3166 nobis
398 3103 431 3182 et
460 3097 575 3180 Regno
605 3115 702 3180 quam
734 3093 876 3180 plurimu
906 3093 1108 3162 exhibuisset
1138 3097 1281 3164 seruieia
1315 3103 1411 3180 grata

278 3205 401 3292 pariter
423 3211 456 3272 et
471 3209 617 3288 aooepts,
649 3201 789 3270 diuersis
820 3200 949 3268 fortune
982 3200 1112 3276 essibus
1127 3221 1302 3288 personam
1320 3223 1411 3270 suam

277 3313 474 3399 exponendo
491 3335 498 3378 ε
515 3313 585 3378 Nos
600 3311 634 3376 iu
665 3310 1003 3396 reeompensaeiuuem
1034 3309 1246 3377 seruitiorum
1281 3329 1423 3377 suornm·

277 3422 336 3508 pio
366 3419 527 3488 desiderio
559 3417 757 3502 respondere
788 3417 947 3500 uolentes,
980 3417 1144 3503 quandam
1169 3427 1289 3486 terram
1306 3420 1415 3488 castri

277 3527 405 3614 Wynar
420 3527 496 3594 Wrs
512 3534 675 3613 uocatam,
691 3544 830 3593 uueuam
857 3525 987 3612 penitus
1003 3533 1036 3592 et
1052 3525 1288 3594 habitatoribus
1321 3527 1418 3598 desti·

280 3641 433 3718 tutamo
459 3633 574 3702 (instro
605 3633 735 3720 penitus
766 3639 959 3718 exemptam,
991 3633 1055 3700 tibi
1087 3640 1120 3699 et
1151 3652 1210 3718 per
1240 3651 1316 3700 eum
1347 3635 1427 3703 suis·

281 3743 458 3810 heredibus
477 3740 674 3810 herednmue
705 3741 947 3810 suecessoribus
978 3741 1184 3829 eontulimns,
1215 3739 1369 3812 dedimus
1384 3749 1418 3809 et

282 3849 477 3918 donauimus
489 3851 566 3935 jure
581 3855 736 3936 perpetuo
755 3848 994 3936 possidendam.
1025 3847 1125 3916 Cuius
1157 3848 1288 3932 quidem
1321 3855 1418 3936 mete,

279 3965 376 4044 prout
406 3958 440 4024 iu
456 3957 574 4026 litteris
605 3955 745 4026 Abbatis
777 3963 809 4024 et
824 3955 1012 4024 Conuentus
1043 3953 1084 4024 de
1099 3956 1241 4024 Partueh
1257 3959 1428 4025 contineri

280 4067 435 4152 vidimus,
467 4066 530 4133 hoe
561 4065 676 4132 ordine
706 4059 954 4149 distinguntur:
975 4063 1085 4130 Prima
1115 4070 1202 4131 meta
1232 4063 1352 4150 inoipit
1384 4067 1420 4132 iu

282 4193 371 4259 aqua
401 4174 534 4242 Turnus
566 4193 606 4240 ex
637 4177 730 4258 parte
760 4171 851 4240 Petri
884 4171 1023 4239 filiorum
1056 4169 1142 4258 (tgy)
1168 4171 1276 4259 Koyl;
1300 4172 1432 4241 deinde·

282 4281 388 4349 tendit
402 4301 461 4367 per
476 4282 558 4348 duas
574 4288 680 4348 metas
696 4284 847 4364 exparte
868 4277 1077 4362 iobogiouum
1110 4277 1216 4345 Oestri
1248 4277 1371 4366 Honos,
1387 4287 1422 4348 ot

284 4387 376 4455 uenit
406 4389 448 4454 ud
480 4397 602 4454 terram
633 4387 739 4472 Nyste
757 4393 915 4471 vocatam,
942 4385 1226 4453 terramEoeiesie
1242 4386 1284 4471 de
1299 4385 1374 4473 Sar,
1390 4395 1424 4456 et

284 4497 332 4558 ibi
349 4503 425 4560 sunt
440 4502 580 4577 quatuor
594 4503 690 4578 mete,
706 4505 738 4562 et
754 4493 830 4561 inde
844 4495 934 4561 uenit
959 4493 1004 4560 ud
1037 4504 1157 4560 terram
1188 4493 1294 4578 ipsius
1325 4494 1423 4561 Com·

285 4597 379 4679 polth
396 4598 551 4680 Comitis3
574 4599 694 4666 deinde
710 4601 814 4667 tendit
845 4600 960 4669 iterum
977 4600 1020 4666 ad
1052 4619 1173 4683 uquam
1204 4603 1431 4691 nominatum,⁸
