3148 5164
629 313 787 410 Q

138 504 342 586 mcndnmus‚
375 511 536 586 quatenus
569 504 699 571 racione
711 505 908 591 Judiciorum
926 505 1143 592 predictorum
1165 509 1271 577 dictos

140 611 317 678 corradum
337 619 369 677 et
385 611 542 678 Jacobnm
568 631 630 678 non
663 612 858 696 presumatis
889 613 1062 680 molestare
1094 635 1212 682 sen-
1236 655 1275 664 -

142 752 482 768 ------
517 737 576 784 nec
609 718 698 786 uliud
730 719 837 786 iacere
869 722 1060 804 presumatis
1081 723 1149 790 ullo
1167 723 1273 790 modo.

139 824 259 892 Datum
279 825 409 908 Posonij
441 826 475 890 in
507 827 647 892 crastino
682 863 965 876 ------
997 831 1096 896 Beate
1133 829 1275 914 Virginis

138 973 175 982 -
194 972 238 982 —
255 951 346 998 enno
362 933 492 999 Domini
508 933 629 1000 ΜΟΟΟο
647 936 858 1016 nonagesimo
876 937 1023 1020 septimo.

134 1129 279 1187 (Eredetie
299 1130 483 1193 bttrlrdrtytn,
503 1147 519 1180 a
540 1131 619 1180 lrdtisl
639 1133 694 1181 ode
713 1135 845 1194 nyomott
864 1134 1012 1196 pecsetnek
1043 1134 1176 1184 tdredeke
1208 1135 1272 1196 meg

302 1235 439 1284 nregven3
460 1235 476 1270 e
495 1222 571 1270 mett.
592 1221 660 1270 otro
680 1221 776 1284 Revay
796 1221 887 1270 csslstd
908 1221 1119 1286 lerelta'rdban.)

572 1505 837 1514 ---—-——

666 2035 742 2104 483.

139 2233 233 2298 Ma'te'
248 2233 401 2298 bibernok
417 2236 613 2320 meyenqedc',
646 2235 731 2320 hoyy
747 2259 767 2298 a
791 2233 934 2301 tior-isca
952 2237 1096 2320 opereat·
1113 2242 1264 2303 sonorus-a

373 2339 586 2426 Pozsooyban
601 2341 707 2406 zdrdo
726 2343 905 2428 &pitissoelc
929 2340 1029 2408 1297.

243 2535 392 2602 Mothous
409 2534 624 2601 miseracione
640 2533 762 2602 Diuina
788 2535 907 2603 Sancte
939 2537 1042 2604 Maris
1074 2539 1106 2604 in
1138 2537 1268 2604 Porticn

135 2643 303 2710 Diaconos
321 2639 507 2709 Cardinalis
523 2642 652 2710 dilectis
670 2641 704 2708 in
721 2639 849 2708 Christo
864 2643 939 2710 filiis
964 2645 1112 2712 Ministro
1137 2646 1269 2711 Prouin-

135 2752 212 2818 eisli
229 2751 380 2816 Fratrum
396 2749 556 2816 Minorum
572 2751 607 2815 in
633 2750 809 2816 Prouincia
839 2751 995 2834 Ungarie‚
1026 2751 1159 2820 Custodi
1190 2750 1267 2816 darr-

135 2858 236 2925 riensi
253 2861 285 2921 ct
301 2855 495 2922 Gusrdieno
527 2853 700 2922 eorundem
732 2855 883 2922 Fratrum
917 2853 1025 2921 (lustri
1055 2855 1263 2924 Posoniensis

132 2966 274 3032 sulutem
301 2963 335 3028 in
367 2965 517 3028 Domino.
557 2961 793 3048 Intelleximus,
825 2961 914 3045 qnod
945 2961 1085 3044 quedem
1116 2961 1266 3046 religiose

134 3070 290 3136 mulieres
306 3071 340 3135 in
357 3069 474 3136 Castro
490 3069 682 3136 Posoniensi
698 3068 931 3153 Strigoniensis
948 3068 1095 3136 Diocesis
1125 3069 1264 3137 Domino

134 3176 325 3261 seruientes,
338 3175 445 3242 locum
462 3175 585 3243 habent
601 3183 724 3262 aptum,
756 3184 791 3244 vt
806 3175 863 3241 fiat
894 3177 928 3241 in
961 3195 999 3240 eo
1031 3175 1263 3243 monasterinm

132 3282 269 3350 Ordinis
285 3283 407 3350 Sancte
423 3282 530 3368 Glare,
565 3283 739 3368 presertim
764 3303 836 3350 cum
862 3281 1059 3350 sufficientes
1090 3290 1266 3368 prouentus

133 3387 338 3459 habeunt'sd
354 3391 637 3476 sustentscionem,
655 3389 867 3473 eiusdemque
883 3391 1000 3456 Sancte
1010 3389 1104 3456 Clare
1114 3391 1262 3474 regulam

133 3497 277 3586 profiteri
294 3497 493 3584 desiderunt,
526 3504 557 3564 et
572 3499 634 3565 snb
667 3516 707 3565 eo
738 3495 898 3564 Virtutum
930 3496 1068 3564 Domino
1100 3495 1264 3564 famulari.

133 3608 202 3674 Nos
220 3605 321 3690 igitur
336 3605 409 3678 loci,
426 3605 460 3670 in
477 3624 540 3689 quo
558 3603 742 3671 huiusmodi
758 3603 993 3671 monesterium
1004 3603 1102 3671 debet
1112 3605 1264 3689 construi,

133 3714 186 3780 rel
203 3711 307 3798 ipsius
323 3712 390 3778 ism
406 3712 580 3778 constructi
598 3709 799 3778 conditiones
817 3717 850 3777 et
880 3709 1139 3780 circumstantius
1165 3713 1266 3779 nesci-

130 3826 236 3905 entes,
255 3815 420 3885 dorostro
436 3817 645 3907 prouidentia
661 3824 693 3886 ct
709 3817 1000 3902 circumspectione
1015 3817 1136 3904 contisi,
1169 3821 1261 3887 robis

132 3947 234 4012 super
249 3925 319 4010 hoe,
345 3932 377 3992 et
394 3944 491 4011 super
505 3923 551 3990 ed
566 3925 734 4008 negotium
751 3924 857 4011 ipsum
873 3923 1123 4010 pertinentibus,
1154 3935 1264 4010 quote·

132 4055 195 4104 nus
210 4031 255 4099 sd
270 4052 331 4100 nos
347 4036 503 4116 spectant,
536 4031 764 4098 committimus
780 4033 870 4098 vices
886 4037 1026 4098 nostres.
1066 4031 1117 4098 Its
1142 4039 1263 4118 tamen,

131 4140 222 4227 qnod
239 4137 283 4208 cd
300 4159 348 4226 eo,
381 4159 446 4223 que
462 4159 503 4206 ex
519 4138 704 4207 huiusmodi
722 4146 836 4206 nostro
852 4139 1079 4206 commissione
1104 4138 1262 4211 duxeritis

130 4247 297 4333 faciendo,
327 4245 542 4312 Prouinciatis
567 4245 718 4332 Misictri,
749 4265 789 4314 so
805 4245 1016 4313 discretorum
1032 4243 1166 4313 fratrum
1184 4247 1264 4316 Con-

132 4365 249 4428 uentus
266 4353 374 4422 Osstri
390 4353 607 4437 Posonionsis,
640 4360 672 4420 et
687 4351 903 4420 Prouincialis
920 4351 1060 4436 Capituli
1090 4353 1263 4423 Prouincie

128 4480 310 4535 consensus
326 4459 482 4545 occedst3
507 4459 737 4527 discretionem
753 4466 896 4528 vestram
927 4458 1094 4526 hortantes
1125 4466 1262 4547 actente,

130 4578 295 4660 qnatenus
312 4566 354 4634 de
370 4565 474 4652 ipsius
489 4567 680 4652 monasterij
698 4565 908 4634 construendi
924 4565 977 4634 rel
991 4565 1058 4632 iarn
1084 4569 1265 4641 constructi
