3096 5160
787 183 946 288 *Q—

301 379 440 468 nyailrat
456 377 623 464 mutatjtlr
640 375 694 464 lel,
711 383 731 444 t
748 374 785 464 i.)
806 378 1003 446 Pretaxatus
1020 383 1130 446 autem
1165 377 1322 448 Nieolans
1352 379 1434 448 filins

300 487 460 574 Stephani
475 487 515 554 de
531 488 609 572 Ieyp
627 485 710 554 duas
725 484 861 572 litteras,
888 505 988 553 uuam
1005 495 1160 570 nostram,
1194 493 1229 554 et
1243 487 1344 554 aliam
1361 489 1433 554 Pre.

299 595 398 683 positi
437 600 470 661 ot
508 591 651 679 Capituli
682 591 856 680 llyslensis
886 591 1034 660 similiter
1065 593 1306 678 priuilegialem
1342 597 1435 662 nobis

300 704 561 784 demonstrarat;
585 720 720 786 quarum
737 699 841 786 prima
857 699 1000 786 ipsorum
1029 700 1190 787 Propositi
1222 709 1255 768 et
1295 699 1436 786 Capituli

300 809 476 894 llyslensis
492 808 593 876 ternio
609 808 664 878 die
678 813 752 894 post
768 807 885 876 festum
901 807 1014 875 Sanoti
1035 809 1056 878 J
1060 808 1158 876 aeobi
1189 830 1275 876 anno
1307 807 1435 875 Domini

300 916 472 986 millesimo
489 915 709 984 dueenlesimo
726 917 946 1000 oomagesimo
965 937 1058 984 nono
1074 937 1135 1002 per
1161 915 1319 984 Comitem
1350 919 1436 1004 Dyo·

301 1023 421 1091 nisium
452 1023 578 1108 (lilium)
596 1022 694 1111 Petri,
711 1024 901 1092 lliehaelem
918 1032 950 1092 et
977 1024 1135 1092 Jaoobnm
1166 1023 1254 1096 tilios
1283 1046 1361 1092 snos
1392 1026 1434 1091 da

304 1133 519 1217 generatione
534 1131 796 1217 Bogatradowun
821 1133 1014 1218 particulam
1044 1139 1130 1200 terre
1162 1151 1274 1200 eorum
1302 1133 1432 1218 Mygael

303 1247 420 1306 roeals
436 1259 536 1326 prope
551 1238 684 1306 fluuium
709 1239 824 1308 Louaa
847 1241 921 1308 vsui
952 1241 1047 1308 vnins
1080 1241 1183 1306 aratri
1216 1239 1431 1308 sufficientem

302 1347 443 1434 Andree,
461 1346 607 1432 Nieolao,
624 1345 749 1414 'l'home
774 1354 807 1414 et
837 1349 933 1414 Petro
964 1348 1040 1432 filijs
1072 1347 1194 1414 Mathei
1225 1368 1283 1433 pro
1315 1347 1428 1414 (leuem

300 1456 419 1521 mareis
435 1454 560 1538 argenti
577 1455 609 1519 in
626 1453 743 1539 pignus
760 1457 898 1538 positam
913 1455 1015 1528 fuisse
1032 1456 1205 1521 denotarat
1221 1457 1283 1523 stb.
1306 1455 1428 1522 Datum

300 1561 391 1627 Bnde
408 1561 611 1644 sexagesimo
627 1559 681 1626 die
699 1569 887 1628 oetanarnm
905 1560 981 1627 festi
997 1561 1091 1627 Beati
1124 1560 1294 1629 Miohaelis
1325 1562 1427 1629 Arrh-

303 1668 415 1751 angeli
430 1687 517 1736 anno
532 1669 666 1736 Domini
683 1669 852 1736 millesimo
869 1667 1190 1753 quadringentesimo
1206 1691 1302 1738 nono.

408 1865 548 1926 (Eredetie
565 1865 782 1930 borhtrtyln,a
802 1866 887 1918 budai
905 1867 958 1918 kir.
978 1867 1106 1920 kamet-ni
1125 1867 1318 1930 levaltarban.)

729 2153 996 2164 --——-..—..

822 2682 899 2754 401.

295 2877 326 2942 A
342 2881 461 2963 azopari
475 2879 707 2963 luptalaouok
714 2881 865 2966 joloaltae
881 2881 943 2947 IV.
959 2883 1073 2950 Lorzlo
1086 2885 1255 2972 kirdlylroa
1279 2913 1300 2952 a
1334 2887 1427 2954 Viaz·

339 2989 401 3070 opo
417 2990 448 3052 6⁸
465 2985 609 3052 statuta
625 2987 820 3076 helyeepeloet
836 2995 994 3076 tdrqyuzo
1009 2991 1250 3060 binotcreroo'l
1274 2997 1376 3062 1289.

402 3180 685 3250 Excellentissimo
725 3181 855 3252 domiuo
896 3206 954 3253 sno
993 3186 1173 3257 Ladizlano
1215 3191 1274 3257 Dei
1306 3191 1427 3274 grauia

297 3286 415 3354 illustri
430 3288 511 3371 Regi
527 3287 695 3371 Hungarie
712 3288 895 3376 Capitulum
914 3293 1062 3362 Eealesie
1092 3296 1185 3363 Beati
1216 3299 1349 3366 Martini
1380 3302 1428 3368 ule

272 3393 418 3479 =Seepus
450 3396 620 3462 oraciones
652 3395 685 3460 in
716 3395 855 3464 Domino
891 3399 1021 3470 debitas
1052 3409 1085 3470 el
1116 3403 1260 3472 denotas
1278 3407 1429 3476 Litteras

294 3499 411 3570 Vestra
426 3500 619 3570 Serenitatls
636 3505 818 3590 recepimus
834 3519 906 3574 num
923 3509 1042 3578 honore
1063 3531 1126 3595 quo
1157 3512 1265 3582 denuit
1295 3514 1330 3579 in
1362 3515 1429 3585 hee

293 3609 418 3676 uerba:

398 3713 570 3784 Ladizlaus
601 3717 662 3785 Dei
694 3723 808 3804 grania
837 3724 907 3791 Rex
931 3724 1099 3810 Hungarie
1126 3729 1188 3796 alb.
1206 3727 1425 3817 (korellrerik

289 3821 345 3888 IV.
374 3821 492 3890 Llszlo
522 3823 701 3912 kirtlynalr
735 3831 871 3898 luae-ki
903 3852 1072 3916 paranoea,
1091 3837 1173 3904 mint
1193 3837 1323 3908 feutebb
1344 3845 1429 3910 398.

289 3949 334 3997 su.
353 3927 397 4017 a.)

398 4039 465 4108 Nos
495 4041 593 4123 igitur
619 4045 735 4113 vestris
750 4049 913 4134 preceptis
929 4050 1060 4118 obedire
1076 4053 1255 4142 cupientes,
1282 4066 1316 4124 ut
1333 4067 1433 4128 tene-

289 4165 370 4232 mur,
396 4166 534 4214 unaenm
567 4149 697 4218 homine
729 4163 838 4223 vestro
872 4157 1021 4224 Johanno
1051 4158 1117 4227 lilio
1148 4162 1241 4229 Knoh
1273 4166 1433 4250 prodiero
1532 4163 1533 4228 ἒ

288 4259 435 4320 nostrum
467 4254 614 4324 misimus
648 4259 807 4328 hominem
838 4263 1029 4349 Gregorinm
1064 4269 1291 4360 presbiterum,
1324 4273 1436 4344 Chori
1532 4259 1533 4264 ἵ

289 4363 389 4428 nostri
415 4361 674 4452 prebendarum,
707 4369 749 4434 ad
780 4373 942 4456 premissa
973 4375 1182 4460 exequenda3
1207 4379 1262 4464 qni
1294 4381 1438 4452 demum

289 4465 332 4532 ud
362 4487 421 4534 nos
455 4471 578 4538 reuersi
609 4477 808 4545 eonoorditer
825 4481 1016 4569 retulerunt,
1034 4485 1119 4568 quod
1135 4488 1170 4552 in
1189 4488 1310 4572 vigilia
1326 4492 1440 4564 Beati
