3170 5166
609 301 782 418 m.

118 495 229 570 aulam
262 507 347 572 terre
380 504 629 591 resignaremnt
659 528 768 576 eoram
792 509 885 578 nobis
901 515 934 577 et
948 508 1147 596 reliquerunt
1162 513 1253 597 sepe·

118 607 208 680 dieto
224 608 647 702 Nieoleoirreuoeabiliter‚
663 615 805 702 perilioe
815 624 847 683 et
863 619 972 702 quiete
1003 617 1261 704 possidendam

116 717 189 786 Hae
218 719 400 810 interieoo,
429 721 518 807 quod
549 723 662 791 eedem
693 730 803 810 partes
829 745 940 795 omnes
957 727 1085 796 litteras
1099 747 1176 796 suas
1193 745 1253 794 seu

117 826 267 908 quelibet
283 829 498 898 instrumenta
514 851 576 899 sua
591 838 702 899 eontra
716 833 854 900 inuicem
873 833 987 902 habita
1004 842 1038 903 et
1067 837 1208 924 obtenta,
1219 837 1252 905 si

116 953 203 1016 quas
224 934 261 1000 in
291 935 437 1004 fraudem
469 946 684 1020 resumerent,
719 959 830 1008 cassas
856 942 985 1026 penitus
1000 949 1033 1010 et
1050 945 1168 1012 inanes
1181 945 1263 1012 red-·

117 1039 275 1109 dirlemm
289 1048 322 1110 et
336 1045 539 1129 reliquerunt
564 1047 655 1116 nullo
686 1067 827 1134 unquam
857 1053 1001 1134 tempore
1032 1050 1197 1119 valituras.
1214 1054 1251 1118 lu

116 1148 212 1216 euius
243 1169 303 1237 rep
344 1154 533 1221 memoriam
572 1161 824 1242 perpetuamque
864 1155 1049 1224 firmitatem
1081 1166 1252 1244 presentes

115 1256 337 1326 concessimus
367 1260 472 1328 nostri
502 1260 604 1344 sigilli
629 1263 808 1332 munimine
824 1263 1007 1331 roboratus.
1025 1264 1145 1334 Datum
1160 1285 1251 1334 annu

116 1365 719 1456 Dominilffllitnonagesimonono.
1274 1359 1276 1366 ’

116 1563 263 1630 (Eredetie
282 1567 470 1632 berhtrtysn,
490 1569 554 1621 zelo
568 1568 807 1638 selyemzeinoron
819 1570 907 1634 liigge
921 1567 1017 1634 peoset
1029 1570 1118 1636 alattp
1137 1585 1154 1620 a
1166 1570 1253 1622 budui

116 1652 173 1704 kir.
191 1653 323 1706 kamarai
341 1657 526 1708 levelttrban.
546 1659 693 1723 Ugyanott
711 1660 857 1710 teltltatilr
870 1673 936 1708 ezen
949 1659 1129 1725 okmtnynalr
1143 1660 1252 1711 atirats

118 1741 152 1806 ln,
171 1741 280 1805 melyet
299 1759 331 1794 uz
352 1747 413 1810 egri
430 1747 568 1810 keptalan
589 1751 666 1797 1406.
688 1748 777 1798 »feria
796 1748 895 1809 quinta
913 1749 1044 1812 proxime
1063 1754 1127 1812 post
1145 1749 1248 1798 festum

117 1829 217 1879 Sancti
250 1831 389 1885 Johsnnis
420 1835 551 1900 Apostoli
582 1840 610 1886 et
640 1836 827 1899 ewangeliste
858 1839 924 1887 onte
954 1837 1069 1888 Portam
1100 1827 1248 1888 Latinam«

617 1925 749 1989 kiodott.)

553 2903 554 2907 Ν
640 2797 717 2868 sor.

116 2983 254 3065 Romae
267 2983 439 3064 ntidoroole
454 2995 663 3064 ittletlevelea
694 2997 835 3082 Naroplt
866 2995 1029 3083 helyeepre
1061 2991 1247 3079 eoootkorri

116 3102 251 3192 ΜίῙιὶόε,
269 3105 390 3173 Miletos
405 3105 559 3172 eomeeoelr
568 3105 622 3188 fia
639 3105 671 3170 e'a
686 3099 1245 3188 ZoooiJoloolteetioiootpobeo.

635 3213 734 3277 1299.

226 3409 295 3477 Nos
312 3406 482 3476 Rolenrlus
501 3406 670 3476 Palatinos
687 3405 843 3476 estodus
863 3405 1080 3474 comanorum
1097 3407 1248 3474 memorie

116 3515 385 3584 oommendsntes
415 3517 635 3600 significamus
665 3515 782 3600 quibus
814 3514 946 3601 expedit
975 3525 1088 3584 tenore
1112 3533 1249 3602 ‘presen-

116 3621 204 3689 oium
236 3623 415 3704 vuiuersis3
441 3624 529 3706 quod
559 3625 593 3690 iu
625 3623 889 3707 Congregaeione
930 3630 1046 3689 nostra
1087 3621 1248 3708 Generali,

115 3751 216 3815 quam
246 3732 420 3799 habuimus
451 3734 484 3799 in
515 3733 675 3801 comitatu
714 3731 923 3798 Borsodiensi
961 3731 1121 3800 Nioolaus
1162 3731 1249 3798 filius

116 3837 254 3906 Comitis
269 3839 398 3907 Nieolai
413 3840 470 3926 filij
487 3841 659 3926 Laurenoij
677 3859 856 3922 exsurgens
873 3847 987 3906 eontra
1003 3839 1124 3906 Jakow
1139 3837 1246 3906 rufum

115 3945 218 4013 filium
234 3946 420 4016 Sebastiaui
437 3947 479 4015 de
494 3949 581 4015 valle
597 3949 688 4014 Znha
706 3947 952 4032 presencialiter
982 3953 1145 4013 astantem
1177 3966 1248 4032 pro·

116 4054 245 4140 posuit;
269 4051 356 4140 quod
386 4054 472 4124 idem
503 4058 622 4124 Jokoo
653 4055 819 4140 quondam
849 4053 1041 4142 partientem
1074 4061 1158 4121 terre
1190 4073 1248 4118 sue

118 4167 321 4247 occupatam,
354 4163 502 4231 indebite
527 4172 559 4231 et
590 4164 661 4231 sine
699 4183 801 4230 eausa
840 4161 1057 4229 detineretll
1090 4181 1247 4228 eonuerso

7 4263 9 4268 ’
116 4277 229 4338 antem
246 4269 332 4338 idem
349 4269 469 4340 Jokoo
486 4272 662 4361 respoudit,
685 4270 773 4356 quod
797 4269 933 4337 eandem
950 4271 1144 4355 partientem
1161 4273 1246 4336 terre

117 4376 182 4445 sibi
206 4375 358 4446 domiuus
383 4399 459 4446 suus
476 4379 622 4466 prefatus
649 4381 764 4446 Comes
795 4378 951 4445 Nicolaus
973 4376 1014 4443 ob
1038 4377 1247 4444 seruitiorum

116 4505 249 4554 suorum
281 4486 407 4554 meritis
440 4485 526 4576 (lgy)
559 4487 794 4576 perpetualiter
815 4486 1052 4570 condonasset3
1074 4486 1132 4554 sed
1171 4485 1248 4568 (prtia

116 4592 246 4662 interim
278 4593 351 4680 ipse
382 4593 498 4664 Comes
523 4595 677 4664 Nicotaus
716 4594 921 4684 decessisset,
952 4611 1012 4662 suo
1035 4593 1249 4666 instrumente
