3112 5154
790 277 952 377 ..2¹2-

307 478 458 542 arborem
474 473 539 559 piri
555 492 651 541 cruce
670 471 834 556 signatam
867 479 954 540 meta
985 479 1091 540 terrea
1122 475 1372 561 circumfusam
1395 478 1443 546 ibi
1546 455 1547 478 ²

307 580 522 666 relinquendo
552 586 672 646 terram
703 575 836 646 Orboua
851 579 920 644 exit
936 577 981 644 ad
996 577 1131 645 fluuium
1146 580 1298 672 Kenuelr,
1316 591 1348 653 et
1363 585 1442 652 vici-

306 699 403 758 natur
417 694 502 755 terre
517 684 668 770 Syrbok3
691 691 723 750 et
737 703 798 771 pcr
814 685 953 754 eundem
970 684 1104 755 fluuium
1124 708 1238 759 versus
1268 690 1441 758 meridiem

306 793 496 882 procedens,
526 799 622 880 prout
654 789 739 860 idem
756 791 895 860 Kennclr
921 793 1020 860 currit
1035 794 1070 861 in
1085 815 1205 880 magno
1221 797 1334 884 spacio
1351 798 1442 867 cadit
1546 791 1547 834 ³

306 906 477 986 inaquam
494 901 644 984 chasma,
662 896 769 984 ibique
784 897 984 966 terminatur.
1002 900 1258 988 Assumpserunt
1275 906 1382 974 eciam
1399 927 1440 974 ac

305 1009 536 1094 obligauerunt
566 1027 602 1074 se
620 1004 754 1091 predicti
785 1005 978 1091 venditores,
1004 1007 1094 1091 quod
1107 1009 1295 1096 quicunque
1310 1013 1347 1079 iu
1362 1032 1441 1097 pro·

308 1137 403 1186 cessa
432 1126 612 1200 temporum
642 1113 825 1200 predictum
856 1112 1013 1181 comitem
1044 1115 1257 1185 Benedictum
1276 1119 1330 1186 uel
1361 1139 1441 1188 suos

307 1222 443 1292 heredes
467 1224 614 1308 inpetere
629 1227 838 1307 attemptaret
858 1221 989 1289 racione
1006 1221 1091 1290 dicte
1107 1231 1203 1310 terre,
1221 1225 1287 1312 ipsi
1304 1224 1439 1294 eosdem

307 1332 449 1418 proprijs
480 1331 648 1398 laboribus
665 1333 698 1395 et
728 1327 883 1414 expensis
915 1329 1081 1415 expedire,
1098 1337 1130 1398 et
1161 1340 1282 1399 terram
1313 1331 1440 1401 eisdem

306 1439 483 1507 iustificare
513 1443 709 1506 tenerentur.
741 1438 780 1504 In
808 1439 900 1504 cuius
932 1436 1009 1504 lacti
1039 1439 1261 1508 testimonium
1292 1447 1323 1508 et
1338 1443 1441 1508 robur

308 1547 412 1614 eidem
443 1545 560 1613 domiui
590 1545 766 1614 Benedicto
807 1551 977 1630 presentes
1008 1547 1226 1616 concessimus
1258 1547 1440 1634 patrocinio

307 1656 408 1738 sigilli
439 1655 662 1724 communitus.
692 1653 811 1720 Datum
829 1657 946 1736 quarta
962 1651 1046 1721 feria
1061 1655 1210 1740 proxima
1226 1665 1300 1742 post
1316 1656 1439 1724 festum

309 1763 430 1830 Passcc
444 1782 531 1831 anno
548 1760 677 1830 Domini
694 1757 812 1828 ΜΟΟΟ0
828 1761 1071 1847 septuagesimo
1086 1763 1234 1848 septimo.

306 1961 344 2024 (A
364 1961 500 2014 csasumai
519 1959 713 2024 lidptalannuk
733 1963 852 2022 »quarta
875 1959 946 2010 feria
964 1961 1095 2024 proxima
1113 1966 1177 2024 post
1196 1959 1349 2022 quindenae
1367 1960 1442 2010 Bea-

308 2055 402 2102 torum
421 2050 545 2116 Philippi
564 2055 593 2100 et
611 2049 711 2102 Jrrcobi
730 2049 946 2114 Apostolorum«
969 2052 1046 2100 1305.
1069 2049 1222 2114 »Magister
1240 2051 1379 2100 Henricns
1402 2048 1441 2100 de

306 2139 417 2190 ethna«
437 2139 565 2192 aereaere
584 2139 698 2191 lriadott
711 2137 855 2202 terruisti,
875 2153 891 2190 a
908 2138 995 2188 budai
1015 2139 1069 2189 kin.
1089 2139 1216 2190 kamarai
1235 2138 1438 2202 leveittrban.)
1546 2135 1547 2140 ’

739 2441 1006 2452 ——u——u———u

841 2971 916 3040 174.

312 3184 343 3241 A
360 3179 517 3244 caueamoc'
531 3174 757 3263 tupratannat
773 3171 1042 3258 circumceptum,
1072 3173 1155 3257 ¹lropy
1179 3169 1307 3257 Syrbolc
1339 3193 1454 3241 comes

311 3285 486 3350 Dobrolech
502 3279 603 3370 folpti
626 3283 757 3350 meilen·
780 3281 923 3349 birtolcdt
954 3279 1065 3346 elodta
1095 3279 1244 3346 Benedelc
1274 3282 1458 3348 mmmm.
1546 3277 1547 3288 ’

827 3387 925 3454 1277.

421 3585 603 3671 Capitulum
635 3581 844 3650 Chasmcusie
863 3579 1008 3649 Ecclesie
1022 3579 1184 3648 uniuersis
1202 3579 1324 3648 Christi
1341 3581 1465 3650 tideli-

312 3699 374 3764 bus
390 3712 526 3782 presens
540 3691 695 3776 scriptum
710 3689 904 3775 inspecturis
924 3690 1065 3756 sulutem
1089 3687 1125 3780 in
1149 3689 1290 3755 Domino
1319 3692 1463 3777 sempi-

310 3812 445 3872 ternam.
475 3799 526 3866 Ad
543 3798 766 3867 uniuersorum
798 3797 951 3865 noticiam
968 3795 1051 3864 serie
1076 3795 1277 3880 presencium
1296 3793 1469 3868 uolumus

312 3909 493 3997 peruenire,
510 3906 595 3992 quod
612 3907 736 3974 comite
753 3904 883 3990 Syrbok
899 3923 921 3970 a
938 3911 1121 3989 pertenue,
1145 3906 1188 3971 ab
1203 3903 1309 3970 altera
1333 3911 1472 3975 autem

313 4017 490 4086 Benedicto
521 4012 646 4082 domito
677 4010 744 4079 tilio
760 4009 878 4080 Jacobi
895 4030 1004 4078 coram
1030 4009 1124 4078 nobis
1140 4007 1357 4094 personaliter
1374 4029 1473 4081 eorr-

314 4127 450 4212 stitutis,
475 4121 563 4188 idem
580 4121 695 4188 (lomes
712 4118 842 4204 Syrbolr
857 4119 1043 4205 porcionem
1058 4125 1143 4186 terre
1153 4115 1306 4182 sueiuter
1322 4121 1476 4192 terram

313 4236 423 4322 Myree
453 4230 511 4315 filij
544 4229 672 4297 Descou
704 4237 737 4295 et
752 4228 836 4298 iuter
866 4225 999 4296 fluuium
1030 4223 1214 4294 Dobrolech
1239 4221 1479 4322 existentem,

314 4337 551 4427 ipsemecum,
572 4337 656 4404 sicut
687 4333 779 4424 dixit,
811 4335 1063 4420 contingentem,
1091 4329 1234 4399 totaliter
1250 4338 1281 4396 et
1312 4337 1480 4408 omnino

314 4469 387 4515 cum
413 4443 608 4530 attinenciis,
640 4442 841 4527 adiacencijs
859 4449 892 4510 ct
907 4441 1100 4512 utilitatibus
1115 4439 1183 4506 suis
1198 4435 1381 4526 uniuersis,
1401 4449 1483 4518 sub

316 4555 421 4642 mm,
437 4550 593 4636 terminis,
610 4549 864 4618 limitaeionibus
881 4557 914 4620 et
929 4549 1032 4635 signis
1048 4545 1263 4632 infrascriptis
1279 4545 1485 4627 confessus
