3148 5164
123 524 267 611 Berche,
299 523 489 610 Laurentio,
508 525 675 591 Durninirc
691 533 724 590 et
739 526 926 591 Walentino
943 525 1019 610 filijs
1035 526 1215 614 Benedicti,
1232 533 1266 594 et

121 630 264 698 Andrea
279 631 346 698 filio
361 630 530 698 Michaelis
547 630 587 696 de
613 633 736 718 Wrsee,
768 629 863 697 Luka
894 651 1014 716 genero
1045 631 1174 699 Nicolai
1205 633 1265 718 filij

129 739 218 804 Petri
249 736 291 803 de
322 739 448 823 chna,
483 737 607 805 Gemite
638 737 815 805 Benedicto
833 745 866 806 et
886 737 1024 806 Nicolao
1040 737 1117 820 filijs
1134 739 1266 806 Andree

129 844 269 912 Comitis
285 844 327 910 de
344 843 478 928 Bortulr,
495 843 550 927 qui
576 863 633 927 pro
650 864 685 910 se
702 849 734 909 et
765 863 823 928 pro
855 844 1004 910 Johanue
1036 865 1075 910 ac
1106 843 1199 912 Beke
1230 851 1263 910 et

128 951 257 1018 Wanch
288 949 440 1015 fratribus
472 949 539 1016 suis
572 957 830 1035 comparuerunt,
856 950 1031 1017 Salomone
1054 949 1123 1015 filio
1139 949 1266 1032 Samul,

125 1057 226 1122 Petro
242 1056 309 1124 lilio
325 1055 455 1123 Audree
472 1057 512 1122 de
543 1059 667 1144 Boyna,
701 1057 894 1124 Bencheneh
927 1064 960 1123 et
991 1055 1155 1142 Stephano
1188 1057 1267 1142 filijs

128 1164 336 1248 Benchench,
369 1163 495 1230 Tordos
528 1165 596 1230 filio
629 1165 792 1252 Paslban,
825 1164 963 1232 Nicolao
985 1170 1015 1230 et
1031 1164 1175 1250 Tempus
1189 1165 1267 1249 filijs

128 1269 264 1336 llartini
281 1270 323 1335 de
339 1270 509 1352 Moroueh;
533 1273 587 1354 qui
616 1269 714 1338 vieini
733 1276 765 1336 et
796 1279 1021 1357 commetaney
1051 1271 1268 1358 personaliter

127 1376 353 1460 comparendo
384 1377 599 1462 permiserunt
631 1398 672 1443 ex
704 1379 864 1444 communi
892 1377 1028 1446 consilio
1044 1385 1076 1444 et
1092 1380 1267 1464 voluntate,

128 1503 324 1552 consensum
341 1485 507 1569 prebendo
523 1493 556 1551 et
581 1505 763 1570 assensum,
790 1487 941 1552 dixerunt
958 1495 988 1552 et
1020 1489 1160 1552 confessi
1191 1491 1268 1552 suut

128 1591 299 1673 quandam
331 1592 570 1676 possessionem
603 1613 659 1658 seu
676 1600 795 1658 terram
812 1593 955 1678 ipsorum
974 1591 1150 1660 Oduornok
1167 1613 1262 1659 uoca-

128 1705 209 1782 tam,
228 1699 294 1762 iam
312 1697 432 1762 dudum
449 1717 586 1765 vacuam
602 1707 634 1766 et
649 1699 888 1767 habitatoribus
919 1700 1118 1781 destitutam,
1134 1709 1166 1768 et
1197 1721 1265 1766 mu·

130 1825 202 1868 rum
236 1823 277 1869 ae
308 1803 437 1888 lapides
469 1805 677 1873 deecclesia
708 1806 853 1874 eiusdem
884 1809 1102 1891 possessionis
1134 1816 1266 1891 propter

131 1909 377 1976 desolaeicnem
410 1918 443 1976 et
473 1913 702 1994 antiquitatem
733 1914 886 1981 dicebant
919 1934 989 1981 esse
1023 1914 1199 1982 dissolutos
1231 1921 1265 1980 et

129 2014 324 2098 confractos,
357 2037 428 2084 cum
461 2019 528 2084 suis
559 2021 754 2088 utilitatibus
786 2031 819 2088 et
851 2021 1071 2107 pertinencijs,
1112 2019 1265 2087 videlicet

128 2122 249 2204 teneto,
286 2143 428 2207 nemore,
470 2125 631 2211 virgultis,
671 2128 813 2196 arbustis
846 2134 878 2194 et
912 2128 990 2213 alijs
1021 2127 1264 2213 utilitatibus,a

129 2229 322 2295 uenerabili
356 2226 505 2314 Capitale
537 2232 756 2319 strigoniensi
788 2237 823 2302 in
855 2235 1044 2302 concambio
1075 2235 1198 2302 factam
1231 2238 1265 2298 et

124 2335 253 2416 datam,
271 2355 342 2403 cum
359 2338 532 2406 medietate
558 2359 617 2407 seu
648 2352 740 2425 parte
771 2355 867 2429 terre,
901 2363 963 2428 que
1003 2341 1159 2410 medietas
1190 2343 1263 2408 siue

129 2461 209 2528 pars
226 2464 246 2509 a
278 2443 436 2511 (lorrardo
467 2445 534 2512 tilio
567 2445 732 2534 Ghemeya
748 2449 796 2515 eis
812 2449 874 2514 fuit
889 2447 1053 2537 deuolute,
1071 2455 1103 2516 et
1119 2467 1177 2534 per
1192 2465 1261 2514 eos·

129 2549 204 2618 deur
220 2549 373 2635 emptieio
391 2559 592 2640 comparata,
617 2555 808 2623 vendidisse
824 2563 855 2622 et
867 2559 1056 2641 assignasse
1088 2554 1260 2637 sexaginta

129 2657 251 2722 mareis
283 2677 390 2724 coram
418 2659 511 2726 nobis
527 2661 623 2746 plene
640 2663 759 2730 habitis
777 2669 809 2728 et
824 2665 964 2750 receptis
981 2664 1137 2750 Magistro
1153 2661 1262 2729 Zuard

128 2763 244 2848 nepoti
259 2763 371 2844 Wech‚
390 2773 422 2832 et
436 2785 495 2852 per
513 2789 585 2835 eum
602 2770 670 2836 suis
701 2772 945 2856 posteritatibus
961 2773 1031 2839 iure
1055 2775 1212 2858 perpetuo
1228 2775 1262 2834 et

126 2871 385 2938 irreuooabiliter
425 2873 663 2963 possidendam,
704 2880 879 2946 tenendam
911 2886 944 2948 et
974 2877 1168 2946 habendam.
1201 2873 1263 2941 Oui

129 2978 262 3060 quidem
277 2980 477 3064 possessioni
495 2981 669 3050 Oduornok
700 2993 816 3053 uocate
832 3007 853 3051 a
869 2995 961 3071 parte
992 2983 1143 3052 orientali
1174 2990 1261 3049 terre

126 3084 228 3171 Nyek
245 3095 277 3152 et
293 3087 414 3153 Berche
444 3095 569 3174 uocate,
587 3111 607 3156 a
622 3098 716 3175 parte
732 3112 810 3159 uero
826 3091 1028 3158 meridionali
1043 3098 1132 3158 terra
1148 3091 1261 3157 Wrsee

128 3199 329 3276 nuncupata,
344 3211 364 3256 a
381 3199 474 3277 parte
489 3201 596 3262 autern
612 3195 807 3264 occidentali
826 3205 913 3264 terra
942 3197 1067 3283 Boyna,
1084 3201 1116 3263 et
1131 3218 1151 3264 a
1168 3205 1262 3282 parte

127 3297 388 3382 septemtrionali
420 3307 506 3368 terra
537 3301 624 3388 Saap
657 3306 879 3390 prenominato
910 3307 1006 3373 certis
1036 3306 1131 3373 metis
1147 3315 1179 3372 et
1195 3311 1256 3373 ter-

128 3403 228 3472 minis
273 3405 425 3475 distincte
457 3415 490 3474 et
519 3419 671 3496 separate
724 3413 918 3481 vicinantur.
959 3413 1100 3498 Insuper
1139 3410 1260 3496 prefati

126 3512 301 3599 Georgius,
332 3513 464 3582 domina
496 3518 674 3604 Marguieh,
706 3521 895 3590 Dominieus
925 3521 1010 3588 filius
1027 3520 1184 3605 eiusdem,
1202 3518 1258 3586 do·
1342 3572 1345 3578 .

127 3619 221 3688 mina
236 3621 339 3705 Kune,
355 3622 489 3690 domina
509 3623 631 3712 (lhuda,
661 3627 814 3715 Martina,
846 3629 985 3716 Blasius,
1017 3631 1211 3714 Lampertua
1227 3633 1261 3694 et

126 3727 290 3793 Antonius
320 3727 377 3813 tilij
410 3729 528 3818 Berke,
555 3733 718 3816 Salomon,
749 3736 918 3804 lohannes
950 3745 981 3803 et
1011 3737 1126 3804 Petrus
1143 3736 1260 3802 fratres

123 3835 282 3920 ipsorum,
307 3833 460 3924 lacobus,
490 3837 686 3925 Stephanus,
716 3843 854 3932 Endree,
885 3843 1074 3930 Dyonisius,
1107 3843 1259 3930 Myohael

125 3948 162 4008 et
177 3941 290 4008 Petrus
320 3941 424 4012 frater
452 3947 650 4037 Yburharth,
683 3959 748 4017 tam
765 3973 823 4037 pro
840 3973 988 4038 aequam
1005 3971 1063 4038 per
1079 3971 1154 4020 suos
1170 3951 1259 4040 (lgy)

124 4047 892 4146 firmiteretsolempuiterassumpseruntipsum
903 4059 1097 4146 Magistrum
1107 4057 1260 4127 Zuardet

124 4164 276 4240 posteros
284 4158 319 4223 in
328 4169 485 4247 perpetua
495 4165 703 4249 possessione
714 4168 857 4252 predicte
868 4177 952 4236 terre
968 4165 1147 4236 Oduornolr
1162 4185 1259 4234 uoca-

114 4271 168 4350 te,
180 4271 212 4331 et
221 4263 403 4335 medietatis
424 4289 482 4340 seu
493 4273 596 4358 partis
605 4273 750 4360 predicte
761 4283 845 4344 terre
855 4297 1051 4344 conseruare
1061 4282 1093 4342 et
1103 4275 1146 4342 ab
1156 4280 1258 4343 omui·

122 4369 185 4438 bus
195 4373 432 4458 impetitoribus
443 4385 477 4446 et
486 4379 657 4448 molestare
667 4383 850 4452 uolentibus
860 4381 1258 4469 expediresuislaboribus

123 4483 157 4545 et
173 4481 334 4566 expensis.
349 4484 385 4551 lu
403 4485 493 4556 cuius
508 4489 555 4555 rei
581 4491 770 4558 memoriam
787 4499 820 4558 et
851 4497 1041 4579 perpetuam
1072 4489 1262 4558 firmitatem

118 4584 169 4651 ad
200 4589 396 4672 peticionem
428 4601 460 4661 et
474 4594 667 4665 instanciam
693 4599 837 4685 parcium
854 4599 1071 4686 predictarum
1088 4605 1259 4686 presentes
