3124 5152
290 1086 310 1148 Ι
313 1084 350 1148 V.
367 1083 483 1150 Lucae
497 1083 677 1168 kirdlpnok
702 1081 884 1167 Olozppbo'a
900 1078 1152 1165 (Olaszoppbda)
1169 1079 1323 1165 belpoepet
1349 1081 1416 1142 tcir-

286 1195 391 1280 pyazd
414 1191 599 1276 adomeirrpo
624 1191 737 1256 Istodra
767 1201 888 1272 mester,
919 1189 1019 1254 Meci
1043 1187 1172 1254 detonsio
1187 1189 1240 1272 fia
1255 1187 1415 1254 eadhedum
1545 1177 1546 1210 ³

799 1298 897 1364 1281.

393 1493 568 1564 Ladiulaus
584 1495 645 1564 Dei
662 1493 775 1579 gracia
789 1493 965 1582 Hungarie,
990 1493 1170 1578 Dalmacie,
1187 1491 1332 1577 Groaeie‚
1349 1491 1414 1556 Ra-
1545 1499 1546 1510 ³

288 1626 350 1691 me,
366 1603 490 1692 Seruio,
501 1603 654 1692 Gallicis,
674 1603 873 1686 Lodemerie,
899 1600 1063 1685 Gumanie,
1095 1600 1314 1685 Balgarieque
1345 1599 1416 1666 Rex

287 1714 437 1781 omuibus
467 1711 588 1780 Christi
619 1710 770 1778 tideiibus
794 1717 861 1778 tam
879 1710 1081 1794 presentibus
1097 1727 1195 1792 quam
1210 1706 1328 1774 suturis
1343 1725 1417 1790 pre·
1545 1703 1546 1792 ζ

287 1839 363 1889 sens
392 1819 551 1905 scriptum
582 1817 780 1904 inspecturis
820 1818 963 1885 salutem
994 1815 1028 1882 in
1058 1815 1201 1882 omnium
1241 1816 1417 1881 saluatore.

286 1927 392 2014 Super
422 1927 556 2012 specula
586 1926 795 2010 gubernaculi
825 1924 998 1991 eminentis
1030 1922 1073 1991 ad
1089 1923 1149 1990 hoc
1173 1923 1260 1991 Deus
1276 1923 1415 2009 Regiam

287 2035 394 2103 euenit
409 2041 441 2100 et
455 2033 569 2101 extulit
584 2033 799 2117 Maiestatem,
815 2041 851 2100 vt
865 2033 898 2098 in
915 2031 992 2099 altis
1009 2031 1093 2099 troni
1108 2032 1203 2116 Regij
1222 2031 1416 2099 sublimatus
1545 2107 1546 2128 χ

286 2142 446 2229 apicibus,
460 2141 644 2230 perspicuis
660 2140 965 2226 circumspeccionis
980 2140 1083 2208 oculis
1099 2143 1217 2207 merita
1231 2139 1415 2225 prospiciat

286 2251 497 2336 singulorum,
516 2255 548 2316 et
562 2249 714 2333 congruis
729 2248 983 2316 retributionum
1003 2247 1167 2315 donatiuis
1198 2247 1414 2332 quorumlibet

286 2358 442 2442 obsequia
471 2365 698 2446 prosequatur,
713 2357 929 2426 benemeritos
946 2357 1084 2424 extollat
1099 2356 1264 2444 lendibus,
1280 2356 1415 2424 donaci-
1545 2387 1546 2454 3

290 2467 406 2534 onibus
438 2467 561 2555 efferat,
592 2465 930 2534 commendacionibus
960 2466 1146 2551 magnificet
1184 2465 1348 2550 gloriosis,
1381 2472 1416 2532 vt
1545 2465 1546 2542 i

287 2573 387 2642 ceteri
418 2593 529 2640 eorum
546 2572 703 2659 exemplis
719 2571 762 2638 ad
778 2572 904 2640 similia
918 2571 1085 2640 fidelitatis
1115 2592 1215 2659 opera
1245 2573 1414 2640 vehemen·
1545 2603 1546 2656 p

288 2681 357 2749 cios
373 2679 595 2748 inardescant.
626 2679 767 2748 Proinde
783 2679 827 2748 ad
842 2681 1066 2749 uniuersorum
1082 2681 1235 2748 noticiam
1264 2680 1415 2747 volumus

286 2786 467 2876 peruenire,
499 2789 584 2874 quod
615 2790 771 2874 Magister
802 2788 987 2876 Stephanus
1017 2789 1102 2856 filius
1133 2789 1253 2876 Eriney
1269 2790 1355 2856 Bani
1371 2789 1414 2857 ad
1545 2779 1546 2814 ³

285 2902 429 2964 nostram
446 2897 606 2965 accedens
623 2897 823 2985 presenciam
838 2896 1002 2964 humiliter
1021 2897 1230 2984 supplicauit‚
1246 2905 1281 2964 vt
1311 2917 1414 2980 quan·
1545 2897 1546 2992 i

285 3003 491 3073 damterram
501 3003 690 3092 Oloayghau
705 3011 865 3092 vocatam,
880 3005 975 3072 sitam
992 3007 1025 3072 in
1043 3005 1205 3072 Comitatus
1220 3004 1261 3070 de
1276 3005 1412 3092 Borsod,
1545 3031 1546 3078 ς

284 3132 423 3180 vacuam
440 3119 473 3180 et
487 3112 727 3180 habitatoribus
743 3111 940 3200 destitutam,
958 3129 990 3181 et
1005 3113 1049 3180 ad
1076 3112 1285 3181 collacionem
1315 3113 1413 3199 Regi·
1545 3101 1546 3186 i

283 3239 337 3287 am
354 3219 553 3302 deuolutam,
571 3240 608 3288 eo
624 3219 711 3306 quod
726 3219 824 3288 fuerit
840 3221 979 3288 hominis
994 3221 1065 3289 sine
1081 3221 1200 3289 herede
1215 3219 1412 3304 deeedentis‚

284 3335 316 3396 et
332 3327 489 3396 destituta
504 3325 649 3413 legitimo
665 3347 864 3416 possessore,
889 3327 953 3396 sthi
984 3349 1024 3396 ex
1055 3329 1281 3424 munificencia
1311 3329 1414 3414 Regia
1545 3319 1546 3412 ἕ

283 3437 514 3503 conferremus.
547 3435 668 3502 Verum
684 3437 762 3520 quia
782 3435 875 3503 nohis
890 3435 1012 3503 veritas
1028 3457 1093 3505 non
1110 3439 1290 3522 constabat,
1306 3443 1412 3506 utrum
1545 3423 1546 3472 ³

282 3541 397 3610 eadem
413 3541 510 3609 suerit
526 3542 666 3610 hominis
682 3541 753 3612 sine
769 3543 888 3611 herede
914 3543 1111 3630 decedentis,
1129 3551 1161 3612 et
1191 3565 1278 3613 nunc
1309 3567 1413 3615 vacua
1545 3533 1546 3622 i

281 3669 321 3717 ac
350 3648 495 3732 legitimo
526 3669 640 3717 carens
671 3671 870 3740 possessore,
903 3657 935 3718 et
966 3652 1009 3720 ad
1036 3651 1244 3721 collacionem
1275 3655 1412 3740 Regiam
1545 3663 1546 3738 Τ

279 3755 454 3842 deuoluta3
477 3755 629 3824 fidelibus
645 3759 765 3828 nostris
792 3759 944 3846 Capitulo
975 3761 1127 3845 Agriensi
1158 3760 1411 3846 indagaeionem

280 3862 429 3932 veritatis
459 3863 507 3932 rei
536 3865 720 3934 huiusmodi
747 3867 867 3935 nostris
893 3866 1040 3936 dedimus
1054 3867 1172 3936 litteris
1187 3870 1221 3936 in
1236 3868 1411 3940 mandatis.
1545 3897 1546 3900 ¹

279 3970 342 4050 Qui
357 3971 454 4040 nobis
469 3973 705 4058 rescripserunt
720 3973 754 4039 in
769 3973 830 4041 hec
845 3975 946 4042 verba
962 4001 970 4041 ι

386 4079 672 4149 Excellentissimo
704 4079 833 4149 domino
863 4102 922 4152 suo
955 4083 1107 4152 Ladislao
1132 4085 1194 4154 stb.
1213 4085 1410 4156 hovetkezik
1545 4095 1546 4112 ¹

278 4207 318 4254 aa
334 4187 404 4270 egri
420 4189 651 4273 heptalannah
663 4189 837 4278 jelentese,
854 4193 934 4258 mint
943 4192 1041 4260 alato
1057 4191 1132 4263 287.
1144 4213 1189 4263 su.
1202 4193 1248 4283 a)

384 4293 451 4362 Nos
467 4297 568 4380 igitur
582 4297 733 4382 vigilanti
742 4299 848 4367 studio
863 4301 1165 4385 circumspeccionis
1181 4303 1282 4388 Regia
1294 4303 1407 4374 aduer-

276 4405 345 4467 tere
361 4403 542 4490 copientcs,
576 4413 610 4472 rt
626 4411 781 4494 tenemur,
806 4407 973 4476 fidelitatis
989 4417 1021 4475 et
1036 4411 1263 4494 obsequiorum
1290 4413 1407 4480 merita
1545 4445 1546 4468 κ

277 4525 334 4596 per
352 4507 488 4578 eundem
506 4511 697 4598 Magistrum
719 4513 919 4601 Stephanum
938 4515 1030 4585 nobis
1046 4516 1192 4586 exhibita
1209 4525 1241 4587 et
1255 4518 1403 4610 inpensa,
