3170 5166
644 284 804 410 „eg

157 507 267 568 uatum
284 522 343 588 per
359 502 575 570 iuramentum
592 502 735 572 debeant
759 502 906 590 legitime
931 503 1110 586 terminari,
1146 503 1231 589 qnod
1264 505 1310 569 in·

156 610 245 677 omni
260 631 337 677 casu
354 609 503 680 volumus
519 612 766 679 immutabiliter
782 611 959 680 obseruari.
976 613 1100 678 Datum
1111 631 1169 696 per
1182 632 1302 678 manus

156 717 307 802 Magistri
346 718 514 786 Benedicti
560 717 747 786 Orodiensis
795 721 941 790 Ecclesie
988 719 1162 805 Prepesiti,
1213 719 1299 786 Ante

156 832 267 892 nostre
312 825 588 894 VieeOanceilarii
635 825 746 894 dilecti
770 835 826 924 ,et
873 827 983 895 fidelis
1042 827 1162 910 nostri3
1212 847 1307 894 anno

158 933 292 1000 Domini
308 931 538 1000 M⁰OO⁰LXX⁰
556 937 669 1020 primo,
702 934 888 1002 indiccione
911 935 1033 1020 x1111,
1069 935 1105 1002 V.
1134 933 1296 1000 kalendas

159 1037 323 1127 Octobris,
355 1042 458 1127 Regni
476 1051 583 1108 antem
601 1045 706 1108 nostri
735 1062 822 1110 anno
853 1043 1007 1111 secundo.
1049 1042 1300 1108 venerabilibus

156 1149 306 1231 patribus
323 1147 474 1235 Philippo
491 1147 719 1236 strigoniensi,
735 1149 901 1236 stephano
913 1149 1054 1217 Colocen
1062 1150 1090 1216 si
1101 1149 1185 1215 Ante
1196 1151 1301 1233 Regie

159 1255 367 1324 Cancellario
384 1264 415 1323 et
432 1257 583 1324 Johunne
598 1257 783 1344 spalatensi
801 1257 1081 1344 Archiepisoopis.
1125 1258 1303 1344 Lampetie

155 1361 319 1448 Agriensi,
345 1363 471 1432 Briccio
488 1362 724 1451 Chanadiensi,
756 1363 818 1431 Job
834 1363 1192 1451 Quinqneecclesiensi,
1227 1361 1300 1430 Phi·

157 1469 247 1558 lippo
263 1470 428 1555 Vaciensi,
448 1472 549 1540 Paulo
565 1470 811 1556 Vesprimiensi,
844 1471 1050 1558 Thymotheo
1071 1470 1303 1558 Zagrabiensi,

156 1578 355 1647 Lodomerio
372 1579 589 1664 waradiensi,
622 1579 769 1648 Dionisio
787 1579 953 1648 Jauriensi
970 1586 1003 1647 et
1020 1581 1118 1648 Petro
1159 1579 1307 1647 Transii-

155 1707 243 1754 uano
260 1687 434 1772 Episcopis
452 1687 619 1756 Ecclesiae
635 1686 698 1754 Dei
725 1687 863 1754 feliciter
894 1685 1164 1772 gubernantibus.
1208 1685 1305 1772 Moys

159 1795 315 1862 Palatino
341 1795 556 1880 supruniensi
587 1795 715 1864 Oomite
746 1795 864 1863 Jndice
895 1792 1125 1877 Cumanorum,
1163 1781 1306 1861 Nicolao

158 1901 278 1970 Judice
311 1901 410 1970 Curis
441 1916 550 1972 nostre
582 1901 707 1970 Comite
737 1901 948 1989 symigiensi,
982 1902 1101 1988 Egidio
1140 1901 1304 1986 Magistro

157 2009 426 2077 Tawamicorum
444 2010 568 2078 Comitc
583 2009 784 2093 Posoniensi,
810 2009 971 2077 Joaohinc
988 2009 1081 2076 Bane
1101 2007 1208 2075 tocius
1224 2007 1304 2076 sda-

155 2117 269 2205 uonie,
299 2118 430 2185 Matheo
461 2117 643 2204 Woywcda
674 2117 891 2185 Transiluano
917 2123 949 2183 et
966 2116 1091 2184 (tomice
1108 2114 1150 2182 de
1166 2113 1300 2202 Zonnk,

156 2225 344 2294 Laurencio
360 2228 453 2296 Bauo
470 2225 511 2295 de
535 2225 692 2296 sceurino
723 2231 756 2293 et
787 2223 912 2293 Gemite
943 2224 985 2292 de
1016 2221 1169 2312 Dobuka,
1202 2223 1304 2290 Petro

157 2334 322 2421 Magistro
339 2335 567 2421 Dapiierorurn
585 2334 709 2404 Comite
726 2333 767 2401 dc
785 2332 951 2418 Gnechke,
980 2331 1115 2399 Albcrtc
1142 2331 1304 2417 Magistro

159 2444 354 2526 Agasonnm
371 2439 494 2508 Comite
519 2440 721 2527 Zybiniensi,
753 2439 905 2526 Philippo
932 2437 1088 2522 Magistro
1123 2437 1302 2506 Pincerna-

157 2569 243 2630 rnm,
260 2549 361 2616 Panto
379 2547 503 2638 Comitc
518 2547 718 2633 Bachyensi,
751 2547 911 2630 Gregorio
927 2545 1084 2630 Magistro
1103 2545 1303 2612 Thawarni-

158 2675 272 2724 corum
290 2654 419 2722 domine
434 2655 558 2740 Regina
569 2653 695 2722 Gemite
706 2652 943 2739 CastriFerrei,
960 2653 1058 2721 Ponit
1069 2653 1163 2719 Banu
1175 2653 1303 2720 sumite:

157 2762 361 2850 Zaladiensi,
387 2761 548 2830 Michaele
564 2759 689 2827 Oomite
704 2760 873 2845 Nitriensi,
892 2766 925 2827 ct
941 2759 1015 2827 aliis
1031 2778 1129 2844 quam
1146 2757 1296 2844 pluribus

157 2872 342 2940 Comitatus
359 2878 392 2938 ct
406 2871 546 2938 honores
561 2870 667 2954 Regni
682 2869 876 2936 tenentibus.

157 3070 221 3130 (IV.
241 3068 345 3120 Irtszld
365 3067 516 3135 kirtlynak
538 3065 649 3118 natant
662 3065 830 3132 megerostto
851 3062 1109 3132 privilegiumdb61‚
1128 3063 1202 3114 mint
1211 3061 1301 3113 alten

593 3157 653 3206 551.
673 3155 749 3205 azam
768 3153 861 3218 alatt.)
