3112 5154
552 149 711 249 *sou-

93 346 255 412 firmitatem
271 347 439 430 presentes
456 341 594 428 duplieis
610 341 713 426 sigilli
729 341 828 410 nostri
843 339 1018 407 munimine
1049 337 1196 408 dedimus

93 453 247 520 roboratas.
272 453 394 520 Datum
410 471 469 537 per
484 471 596 518 manus
613 450 808 518 venerabilis
823 451 924 534 patris
941 449 1028 515 Petri
1043 449 1194 534 Episcopi

92 561 342 647 wesprimiensis,
359 559 435 626 aule
459 565 568 626 nostre
598 556 802 641 cancellarii,
832 555 940 627 tidelis
972 556 1081 640 nostri,
1107 576 1194 622 anno

20 719 21 754 ,
94 667 204 733 Domini
219 665 338 734 M⁰OG⁰
354 665 597 752 septuagesimo
613 665 759 752 septimo.

20 829 21 884 3
95 863 213 925 lllredetie
247 864 437 930 borhsrtytn,
467 880 485 915 e
520 837 649 928 kirtlyne
680 862 929 914 voror-violassent
960 862 1196 928 selyemzsindron

93 954 165 1018 triggd
181 955 269 1006 kettos
288 955 414 1020 peosetJ's
432 954 523 1018 alett;
553 969 570 1004 s
583 953 689 1005 tumere
701 949 988 1020 herezengattlryani
1003 953 1099 1004 ossltd
1111 953 1196 1004 level·

562 1043 702 1106 masan.)

602 1755 677 1826 lul.

95 1957 193 2024 dulos
209 1955 337 2042 erdelye'
351 1956 453 2042 uajda
463 1951 662 2040 felszdllttja
687 1955 782 2020 Borea
799 1955 889 2038 fluit,
921 1955 1049 2038 Lctasld,
1082 1957 1198 2038 Dones,

94 2063 193 2131 Mittor
208 2067 238 2130 ds
253 2064 396 2129 soenes
410 2062 594 2144 meetereket,
625 2062 709 2147 kopp
732 2062 828 2126 hond
860 2061 1044 2148 Medpyeore
1074 2063 1201 2128 volakit

20 2165 22 2190 *
430 2169 608 2255 tulujeneu.
636 2163 734 2236 1277.
750 2169 854 2234 euleu
975 2221 977 2227 s

179 2368 350 2453 Nyoolaus
380 2364 552 2450 Woyuoda
569 2363 805 2432 Transiluanus
821 2370 854 2432 et
869 2361 984 2432 (lomes
1003 2364 1043 2433 do
1058 2365 1195 2435 Zounulr

20 2499 22 2526 r
93 2474 227 2556 proximis
242 2474 316 2542 suis
331 2471 514 2538 karissimis
529 2471 687 2538 Ladinlao
705 2479 736 2538 et
752 2473 875 2556 Donoh,
892 2471 1029 2542 Nicoleo
1047 2481 1080 2540 et
1096 2475 1197 2540 Erun-

93 2580 163 2650 oisoo
191 2581 267 2667 filijs
285 2581 380 2646 Boxa
395 2579 572 2664 Magistris,
597 2577 814 2662 proximitatis
830 2577 972 2647 debitum
988 2585 1020 2648 et
1036 2601 1072 2649 se
1088 2586 1201 2650 totum.

20 2737 21 2760 ι
93 2687 157 2755 llum
170 2711 227 2758 nos
243 2693 281 2756 in
298 2695 407 2754 vestra
423 2686 629 2771 proximitate
644 2685 877 2755 confidenciam
894 2693 925 2754 et
941 2707 1030 2773 spem
1048 2707 1199 2772 geremus

20 2815 21 2850 r
93 2796 259 2880 speeialern,
294 2801 328 2863 et
350 2813 434 2860 nuno
463 2800 592 2876 tempus
623 2795 705 2861 assit
735 2800 768 2860 et
786 2793 963 2878 adusserit,
997 2816 1060 2879 quo
1092 2803 1201 2864 vestre

93 2905 295 2987 proximitatis
326 2901 449 2969 indieie
480 2902 573 2968 nobis
597 2899 730 2985 possitis
746 2901 967 2969 demonstrare
983 2929 991 2970 :
1008 2902 1200 2987 proximita-

92 3017 144 3075 ten
172 3017 315 3078 restrum
332 3007 471 3093 petimus
498 3007 679 3093 diligenter,
696 3014 854 3091 quatenus
871 3007 998 3092 sliquos
1015 3005 1055 3074 de
1071 3009 1199 3092 uestris,

20 3137 21 3208 3
93 3135 124 3181 se
144 3117 223 3186 alios
254 3117 381 3184 nobiles
413 3116 447 3182 in
479 3115 626 3200 partibus
656 3115 725 3180 illis
756 3117 948 3183 constitutos
980 3115 1091 3184 statim
1122 3116 1202 3185 risis

93 3226 297 3310 presentibus,
312 3227 433 3308 quanto
450 3223 615 3290 honestius
632 3229 665 3290 et
681 3222 855 3290 deoeneius
873 3226 1022 3310 potestis,
1036 3223 1080 3292 ad
1095 3245 1154 3294 nos
1170 3228 1203 3292 in

20 3375 21 3418 4
93 3328 210 3416 lledyes
224 3351 298 3400 oum
315 3329 393 3415 filijs
410 3328 529 3397 Jalxow
547 3335 579 3400 et
609 3329 687 3416 filijss
717 3330 812 3397 Pauli
842 3330 925 3398 Bani
956 3333 1203 3417 transmittetis3

20 3421 22 3512 ᾗ
95 3454 143 3519 pro
171 3457 233 3520 quo
258 3459 318 3506 nos
334 3438 369 3504 in
385 3437 533 3504 omnibus
549 3437 643 3505 vobis
669 3435 844 3505 inuenietis
860 3445 1007 3524 prompto
1024 3439 1203 3527 prompeio·

93 3560 145 3610 res.
159 3546 295 3633 Insuper
311 3551 421 3614 antem
437 3552 591 3631 vestram,
608 3551 640 3610 et
656 3551 836 3612 vestrorum
853 3566 932 3629 quos
951 3547 993 3612 ad
1009 3565 1069 3614 nos
1099 3555 1204 3616 trans-

94 3649 239 3736 miseritis,
270 3655 428 3721 faeiemus
443 3651 476 3718 in
492 3651 640 3720 omnibus
661 3653 880 3738 uoluntatem
904 3659 936 3720 et
952 3654 1037 3722 sieut
1053 3655 1094 3721 de
1110 3657 1205 3722 uobis

20 3845 21 3848 Ἴ
94 3759 277 3846 confidimus,
292 3759 381 3827 aliud
396 3759 505 3827 faeere
521 3779 584 3827 non
602 3759 719 3826 uelitis.
735 3763 855 3826 Datum
872 3761 905 3828 in
921 3761 1049 3848 Lippus
1065 3761 1204 3830 sabbato

94 3864 228 3943 proximo
245 3875 324 3936 ante
341 3865 457 3936 testum
473 3867 567 3936 Beati
585 3857 756 3954 Laureneij
775 3869 926 3935 martiris.

20 3967 21 3976 ’
187 3975 324 4042 Klvt'xl
342 3975 526 4042 :Proximis
554 3973 622 4041 suis
655 3973 838 4043 karissimis
869 3974 1026 4043 Ladizlao
1043 3983 1076 4044 et
1090 3977 1205 4044 Donoh

20 4037 21 4088 5
93 4074 218 4148 Nieolso
235 4088 268 4150 et
282 4081 455 4150 Franoisoo
471 4081 647 4166 Magistris.

95 4268 221 4334 (nuere
240 4278 427 4356 soresmos,
456 4279 569 4330 amero.
601 4279 670 4330 erre
702 4279 807 4345 rosnay
838 4280 933 4332 esame
963 4276 1205 4343 serron-mmor

477 4373 571 4422 orztttt
589 4369 802 4436 leveltstrdban.)
