3168 5150
197 1405 251 1471 Aa
268 1408 457 1494 eammpcmi
472 1405 696 1490 kcptalourrolc
712 1405 988 1492 oiaonpaoptaaala,
1018 1405 1100 1493 bopy
1116 1405 1331 1474 Mdte'meoter·

196 1517 386 1602 aatmpami
401 1512 584 1579 driccacnolc
599 1516 630 1580 aa
645 1517 758 1580 Mrem
774 1515 965 1598 duzterpomc'
980 1513 1092 1580 laticem
1108 1536 1147 1579 aa
1157 1515 1329 1600 dtaaolpdl·

222 1649 226 1658 ·
363 1620 500 1687 tutaadd
513 1621 671 1707 ppcrtpdk
686 1619 826 1706 tpptben
841 1619 1052 1706 epyaairedtelu
1076 1619 1173 1685 1270.

307 1849 375 1918 Nos
415 1848 600 1934 Capitulum
640 1849 787 1917 Ecclesia
828 1848 1061 1933 strigoniensis
1107 1847 1331 1932 significamus

199 1957 365 2038 omnibus,
381 1956 498 2042 quibus
514 1955 706 2042 expedierit,
730 1957 937 2041 presencium
967 1975 1025 2043 per
1056 1961 1217 2037 tenorem3
1241 1957 1329 2040 quod

198 2083 275 2132 cum
292 2063 375 2134 inter
404 2063 597 2148 Magistrum
613 2065 776 2132 Matheum
796 2063 969 2132 Custodem
988 2061 1133 2131 Ecclesie
1148 2068 1256 2130 nostre
1281 2067 1326 2133 ab

196 2192 267 2238 una
281 2177 387 2258 parte,
404 2171 555 2254 Chedenr,
572 2173 755 2255 Nicolaum,
780 2179 812 2238 et
828 2171 994 2240 Andream
1011 2171 1203 2239 Sacerdotes
1219 2173 1328 2242 Eccle-

196 2281 323 2347 siarum
340 2279 452 2346 Sancti
476 2277 645 2347 Michaelis
671 2279 881 2367 Archangeli,
907 2279 1020 2346 Sancti
1035 2278 1194 2346 Jchannis
1210 2281 1330 2350 Euan-

199 2387 329 2472 geliste,
347 2393 380 2453 et
396 2385 587 2454 Sanctorum
604 2387 718 2454 Cosmc
735 2394 767 2455 et
781 2387 936 2454 Damiani
954 2386 996 2454 de
1012 2387 1091 2454 villa
1105 2387 1324 2458 Monetharic·

194 2515 270 2561 rum
301 2492 567 2577 strigoniensium
593 2494 635 2560 ab
651 2495 769 2582 altera·
798 2501 887 2562 mota
901 2495 1016 2562 luisset
1043 2495 1213 2562 contencio
1230 2515 1331 2580 super

196 2621 247 2687 eo,
264 2621 330 2685 quo
346 2600 509 2686 predictus
524 2601 682 2685 Magister
697 2603 740 2668 M.
774 2601 889 2670 Custos
920 2600 1097 2686 quemlibet
1127 2601 1326 2686 prelatorum

196 2709 406 2776 sacerdotum
421 2705 728 2777 deobuencionibus
744 2709 952 2776 candelarum
969 2709 1100 2777 dicebat
1116 2708 1178 2776 sibi
1195 2711 1329 2777 racione

197 2813 355 2882 Custodia
372 2813 453 2880 dare
469 2812 586 2880 debere
603 2815 637 2880 in
653 2818 777 2900 septem
809 2815 1038 2884 lestinitutibns
1070 2834 1155 2881 anno
1187 2815 1330 2899 quolibet

195 2921 365 3005 singulam
395 2941 538 2988 marcam
571 2920 790 3009 candelarum,
820 2928 855 2989 et
870 2943 968 3008 super
997 2922 1061 2988 hoc
1093 2920 1157 3004 ipsi
1190 2921 1325 2989 Custodi

195 3027 402 3094 venerabilis
419 3033 516 3111 pater
546 3025 696 3094 dominns
728 3034 838 3096 noster
869 3027 927 3094 Pb.
959 3027 1232 3114 Archiepisccpus
1249 3029 1328 3096 Stri-

193 3134 375 3220 goniensis,
391 3133 486 3201 nobis
502 3135 719 3218 presentibus,
741 3135 958 3202 iuramentum
975 3135 1169 3220 indixissem
1193 3135 1328 3205 tandem

194 3245 282 3309 inter
312 3241 474 3326 predictas
512 3247 632 3327 partes,
666 3241 886 3310 mediantibus
927 3242 1120 3326 quibusdam
1152 3263 1193 3310 ex
1223 3243 1329 3328 nobis,

197 3349 306 3418 extitit
338 3348 448 3416 taliter
479 3347 682 3416 ordinatum:
708 3348 795 3434 quod
820 3348 966 3435 prelatus
980 3349 1138 3432 Magister
1152 3350 1194 3418 M.
1212 3349 1328 3418 Custos

193 3457 414 3544 predictorum
430 3454 634 3523 sacerdotnm
650 3456 838 3542 paupertati
853 3457 1071 3546 compaciens,
1088 3457 1172 3526 duas
1198 3477 1329 3526 marcas

192 3563 415 3650 candelarum,
448 3583 530 3648 quus
561 3559 601 3629 de
616 3569 775 3648 semptem
806 3563 1038 3634 lestiuitatibus
1069 3563 1104 3633 in
1121 3565 1249 3634 duabus
1266 3565 1329 3633 sibi

193 3669 307 3738 deberi
339 3669 481 3758 dicebat,
519 3669 643 3737 eisdem
684 3670 907 3740 sacerdotibus
946 3672 1079 3756 remisit,
1112 3679 1145 3736 et
1176 3673 1323 3758 indulsit,

193 3779 342 3864 reliquas
372 3786 484 3846 autem
500 3779 642 3863 quinque
658 3799 786 3848 marcas
803 3780 1010 3848 candelarum
1026 3778 1165 3864 quilibet
1180 3781 1325 3866 ipsorum

193 3885 410 3972 sacerdotum,
426 3893 532 3972 preter
548 3887 744 3975 porcionem,
771 3907 833 3972 quc
859 3887 924 3972 ipsi
956 3886 1090 3955 Custodi
1106 3887 1148 3954 dc
1179 3886 1330 3954 candelis

191 3996 232 4062 in
242 3992 297 4059 die
312 3992 395 4060 leuto
411 3993 632 4062 Ecclesiarum
648 4014 759 4064 eorum
776 3994 922 4081 debetur,
940 3995 1032 4062 cuius
1046 3993 1211 4080 porcionis
1227 4014 1328 4078 quan·

191 4103 275 4171 titas
289 4098 425 4168 inferius
441 4107 491 4168 est
505 4121 671 4188 expressa,
703 4101 879 4188 assumpsit
895 4107 926 4168 et
942 4101 1100 4186 obligauit
1124 4120 1160 4168 se
1177 4097 1328 4166 daturum

192 4207 303 4278 eidem
335 4207 468 4277 Custodi
486 4210 521 4276 in
547 4211 690 4294 quinque
728 4209 958 4278 festivitatibus
989 4209 1169 4292 annuatim,
1201 4208 1330 4276 scilieet

190 4319 232 4385 in
246 4315 333 4384 festo
348 4317 540 4386 Natiuitatis
556 4317 699 4402 Domini,
714 4319 748 4384 in
765 4318 848 4385 festo
878 4315 1135 4385 Resurrectionis
1168 4314 1324 4403 eiusdem,

189 4425 230 4491 in
246 4423 330 4492 sesto
345 4425 565 4512 Pentecostes,
580 4429 615 4494 in
631 4425 714 4494 leuto
739 4424 987 4511 Assumpcionis
1003 4425 1105 4492 Beate
1119 4423 1277 4510 Uirginis,
1294 4430 1332 4518 et

190 4533 231 4598 in
246 4530 330 4600 festo
346 4530 499 4602 Omnium
515 4535 718 4602 Sanctorum.
736 4535 787 4603 De
802 4533 947 4601 candelis
964 4541 1081 4618 autern,
1099 4532 1212 4618 quein
1244 4529 1330 4597 sesto

189 4639 420 4710 Ecclesiarum
452 4661 562 4710 eorum
594 4645 784 4726 offeruntur,
815 4642 933 4709 debent
948 4639 1025 4708 darc
1043 4637 1177 4707 Custodi
1194 4638 1328 4704 terciam

189 4753 333 4836 partem,
373 4747 457 4816 sicul
487 4747 586 4834 ijdem
617 4749 806 4820 sacerdotes
836 4749 1050 4834 affirmarunt,
1084 4750 1333 4831 assumpserunt
