3148 5146
663 285 741 376 ,131

146 501 208 556 mm
224 485 373 574 ipsorum
390 488 552 568 frontuose
566 489 700 574 cupiens
716 487 898 575 inuigilare,
925 487 967 555 de
981 493 1083 558 terrra
1097 509 1158 558 sua
1188 481 1269 556 Kni-

146 593 205 660 lred
222 602 353 684 noenta,
370 615 427 682 per
441 595 579 680 Regiam
595 594 799 664 Maiestatem
815 595 878 664 sibi
894 595 1028 684 collata,
1045 597 1078 663 in
1093 603 1266 665 commeta-

144 703 261 772 neitate
276 707 439 770 terrarum
455 702 630 771 eorundem
662 703 777 790 Jaoobi
807 710 841 771 et
869 703 956 772 Jako
987 725 1026 771 an
1058 711 1270 790 cognatorum

142 812 327 891 eorundem,
344 818 465 879 terram
482 810 527 878 ad
543 811 680 878 alterum
695 809 866 880 dimidium
882 819 1025 886 aratrum
1041 811 1264 898 sufficientem,

140 939 207 985 num
224 918 318 985 senili
334 938 393 986 suo
409 923 441 985 et
456 923 552 1003 prato
569 919 722 1003 contiguo
739 918 784 984 ad
799 924 906 986 terras
922 920 1073 1005 ipsorum,
1091 920 1135 987 ad
1146 920 1266 988 dietam

140 1033 294 1094 terrama
310 1032 402 1110 parte
416 1025 557 1092 Balatnn
573 1026 779 1092 adiacentem
796 1026 950 1115 dedisset,
968 1025 1123 1094 donasset
1140 1033 1174 1092 et
1189 1045 1264 1092 eon·

140 1134 266 1201 tulisset
281 1133 363 1220 ipsis
378 1133 500 1201 Jaeobo
511 1140 543 1199 et
553 1131 672 1200 Jakow
682 1153 721 1200 ao
732 1132 905 1202 eorundem
916 1133 1090 1204 heredibus
1100 1139 1131 1201 et
1141 1153 1266 1202 sueces-

139 1241 265 1308 soribus
274 1239 434 1308 uniuersis
444 1240 477 1305 in
487 1247 675 1325 perpetuum
687 1239 915 1325 possidendam
925 1250 958 1309 et
970 1241 1264 1323 habendam3terra

139 1345 340 1434 (propria)et
349 1347 590 1413 eondioionaria
600 1347 678 1413 dioti
689 1345 874 1416 Conuentus
885 1350 918 1415 in
929 1347 1043 1416 eadem
1055 1349 1266 1417 existentibus

140 1455 243 1524 saluis
260 1455 509 1522 remanentibus.
545 1452 760 1538 Obligaeione
776 1456 836 1522 tali
850 1458 1053 1544 interposita,
1086 1459 1172 1541 quod
1203 1476 1262 1524 neo

141 1564 208 1648 ipse
225 1564 346 1648 lbepk,
370 1583 431 1632 nee
447 1564 499 1630 sni
514 1561 661 1650 heredes,
694 1575 751 1630 aut
768 1564 869 1648 aliqui
886 1564 927 1630 de
943 1565 1158 1648 generatione
1183 1563 1264 1631 eius-

140 1671 211 1735 dem
229 1689 330 1754 snper
344 1671 507 1757 premissa
523 1671 685 1756 particula
700 1677 785 1738 terre
801 1675 913 1737 eontra
927 1671 1090 1756 prediotos
1106 1671 1263 1741 Jaeobnm

141 1785 172 1846 et
187 1778 321 1862 Jakow,
339 1785 397 1846 ant
413 1799 522 1846 eornm
538 1776 676 1846 heredes
693 1786 725 1844 et
739 1796 953 1865 suceessores,
970 1778 1003 1844 in
1017 1779 1123 1846 forma
1133 1777 1201 1845 litis
1211 1777 1264 1846 vel

138 1879 364 1970 quoquomodo
379 1885 547 1970 insurgere
562 1887 708 1952 valerent
725 1893 758 1954 et
783 1893 926 1976 possent,
956 1905 1066 1972 ymmo
1098 1883 1141 1950 ab
1172 1883 1261 1970 alijs‚
1298 1963 1302 1970 ξ

138 1993 203 2060 suis
218 1994 388 2061 laboribus
405 2000 438 2061 et
454 1993 602 2081 expensis
619 1993 774 2079 expedire
801 2000 996 2062 tenerentur.
1038 1995 1122 2061 Mete
1154 1997 1262 2059 antem

136 2099 239 2184 ipsius
256 2101 414 2186 particule
430 2108 515 2168 terre
529 2122 587 2186 per
602 2103 710 2186 ipsum
728 2101 885 2167 Comitem
902 2097 1014 2184 Trepk
1029 2098 1111 2185 ipsis
1138 2099 1260 2167 Jacobo

137 2214 168 2272 et
183 2207 271 2276 Jako
297 2209 374 2275 date
389 2209 507 2274 litteris
531 2207 564 2273 in
597 2207 720 2273 eisdem
752 2207 900 2274 seriatim
931 2205 1169 2274 continerentur
1200 2208 1261 2272 etb.

136 2315 257 2380 Datum
274 2313 366 2380 Bude
382 2313 571 2381 duodecimo
588 2313 642 2379 die
674 2319 861 2380 ootauarum
892 2311 967 2380 sesti
998 2312 1262 2399 Epyphaniarum

135 2421 269 2489 Domini
285 2441 372 2490 anno
388 2421 520 2489 Domini
536 2421 711 2488 millesimo
728 2418 823 2486 000ο
839 2423 1059 2504 octuagesimo
1075 2421 1184 2488 tercio.

255 2619 399 2682 (Eredstie
410 2619 585 2685 borhtrtytn
606 2620 720 2672 abudai
733 2620 786 2672 kir.
805 2619 933 2672 kamarai
946 2619 1140 2684 leveltarban.)

565 2905 833 2920 §W

664 3441 736 3516 115.

130 3639 152 3711 Ι
157 3644 193 3714 V.
212 3646 331 3713 Laozlo
347 3638 463 3730 kirtly
479 3645 619 3712 Machaon
635 3651 715 3710 nevil
733 3641 870 3713 birtolrot
886 3643 1019 3711 narbas
1036 3649 1152 3727 mentm,
1182 3640 1261 3710 Fol-

128 3757 259 3821 kaannb
269 3753 624 3840 fidldloiaszavonadn,
640 3753 964 3840 nanninfejdbennoki
976 3751 1262 3837 sztotmnoprod·

359 3862 481 3948 meqyei
497 3863 652 3948 belyadpet
668 3862 917 3945 adomnnyozzo.
941 3859 1036 3927 1275.

238 4055 413 4128 Ladialaus
423 4055 483 4124 Dei
495 4057 606 4142 grania
617 4057 794 4145 Hungarie,
805 4056 981 4145 Delmaoie,
993 4053 1138 4138 Oroaoie,
1148 4051 1260 4140 Reme,

122 4165 257 4252 Seruis,
274 4165 423 4252 Gallieie,
440 4165 640 4253 Lodomerie,
658 4165 813 4232 Cumanis
829 4165 1046 4250 Bulgarieqne
1060 4163 1130 4228 Rex
1154 4159 1255 4226 omni·

123 4277 185 4343 bus
204 4273 329 4342 Christi
345 4271 492 4342 fidelibus
508 4279 687 4360 presentem
713 4273 868 4358 peginam
900 4269 1093 4356 inspecturis
1121 4271 1259 4335 salutem

120 4383 155 4448 in
167 4381 504 4451 omniumsalnatore.
529 4380 581 4448 Ad
596 4379 816 4447 uniuersorum
832 4375 985 4445 notieiam
1001 4383 1113 4444 tenore
1130 4393 1259 4461 presen-

120 4487 213 4557 einm
231 4483 381 4556 uolumus
398 4488 570 4573 peruenire
587 4511 594 4552 :
612 4484 697 4572 quod
714 4507 784 4554 oum
802 4507 859 4554 nos
876 4483 1036 4570 quandam
1054 4489 1172 4552 terram
1190 4483 1260 4549 Ma·

118 4596 224 4682 gistri
243 4596 393 4692 Faroasij·
415 4595 474 4682 filij
506 4595 630 4662 Fulkos
661 4593 765 4662 fidelis
797 4593 897 4662 nostri
927 4591 1066 4660 Muohun
1097 4597 1258 4677 uocatam,

1112 4699 1153 4768 9*
