3170 5166
598 269 599 277 i
672 325 834 444 ..sm

183 523 235 596 Ad
249 523 336 617 quod
351 523 536 614 Stephanus
551 524 593 596 de
604 523 685 595 uilia
700 526 878 596 Soukfelde
894 525 1043 598 oifieiulis
1058 527 1161 619 ipsius
1177 529 1318 621 Nieoluy

183 653 243 722 pro
273 631 387 703 eudem
417 635 556 704 Nieotro
586 640 700 704 uetans
731 634 909 725 respondit,
941 637 1029 723 quod
1060 637 1146 706 idem
1163 639 1319 710 Nicolaus

182 743 290 831 ipsum
305 749 425 814 terrum
441 763 500 831 pro
517 765 555 814 eo
571 751 716 814 statuere
735 765 801 814 non
824 746 994 834 potuisset,
1010 747 1087 832 quin
1117 747 1235 817 fretrus
1265 748 1316 817 sui

182 850 322 941 Hohold‚
354 851 461 921 Viden
478 859 511 922 et
526 853 706 944 Dyonisius
735 855 842 942 ipsum
874 854 915 924 do
929 855 1018 924 dioto
1033 861 1118 924 terro
1133 855 1314 942 prohibuis-

183 966 268 1049 sent,
284 965 316 1029 et
332 959 437 1030 ouium
452 959 540 1030 idem
557 961 833 1048 puruuii‘Huhold
850 967 883 1032 et
896 963 1075 1052 Dyonisius
1094 984 1202 1034 eorum
1219 963 1314 1038 nobie

183 1068 348 1140 constituti
379 1068 486 1158 ipsum
518 1069 689 1139 Nioolaum
728 1068 960 1156 prohibuerunt
998 1071 1154 1159 dieentes,
1185 1072 1312 1141 nullum

183 1175 425 1263 possessionem
455 1174 558 1246 eidem
598 1177 735 1248 Nieoleo
761 1177 905 1248 alienare
939 1182 1174 1268 permitterent,
1210 1179 1314 1251 doueo

184 1284 379 1356 diuisionem
394 1286 429 1354 in
444 1286 703 1375 possessionibus
719 1283 841 1356 faeeret
856 1308 928 1356 eum
946 1287 1067 1374 eisdem
1080 1311 1089 1370 3
1110 1295 1142 1356 et
1156 1291 1313 1375 petebant

184 1395 381 1468 diuisionem
397 1416 418 1464 u
434 1395 571 1465 Nieoluo
586 1394 762 1466 antedicto.
780 1397 849 1466 Nos
863 1397 965 1482 igitur
996 1396 1211 1484 deoreuimus,
1228 1405 1263 1466 ut
1279 1397 1313 1470 iu

184 1504 312 1575 uotonis
342 1503 600 1593 Epiphaniurum
626 1504 757 1574 Domini
789 1505 894 1574 dietus
910 1505 1068 1575 Niooluus
1083 1513 1196 1575 uentre
1211 1507 1313 1593 Magi·

184 1621 286 1684 strum
302 1612 360 1682 Sol
383 1613 584 1701 Propositum
600 1619 633 1682 et
657 1612 792 1684 fratrem
822 1633 916 1682 suurn
946 1615 1164 1702 peremptorie
1194 1615 1314 1684 debeat

183 1741 373 1810 eompurere
389 1728 421 1791 et
436 1723 563 1793 soluere
577 1721 732 1792 iudicium
748 1744 807 1810 pro
823 1743 871 1812 eo,
889 1725 966 1809 quia
991 1725 1066 1810 ipsu
1095 1743 1196 1793 causo
1227 1724 1312 1794 inter

183 1839 295 1923 partes
325 1829 452 1901 diunius
482 1831 543 1902 tuit
572 1831 740 1919 nouitium,
766 1838 799 1902 et
814 1815 919 1920 iprum
939 1839 1069 1917 terram,
1086 1853 1183 1919 quam
1199 1855 1257 1922 pro
1274 1855 1312 1904 se

183 1950 217 2012 et
233 1941 389 2011 frutribus
405 1941 471 2012 ouis
488 1949 631 2016 statuere
646 1949 878 2031 assumpserat,
894 1947 927 2009 et
942 1963 1007 2010 non
1023 1943 1157 2026 statuit;
1183 1948 1216 2010 et
1232 1943 1310 2027 quia
1351 1943 1355 1948 '

184 2051 218 2119 id
234 2054 468 2138 assumpserat,
499 2050 585 2135 quod
614 2049 721 2118 faeere
736 2071 799 2118 nun
819 2049 924 2137 potuit
939 2050 1023 2118 bonu
1040 2051 1153 2120 mode:
1179 2069 1312 2136 eompu-

183 2166 255 2230 reut
271 2159 375 2228 ouium
390 2159 607 2248 peremptorie
623 2159 736 2228 eodem
753 2159 806 2228 die
821 2165 935 2228 eontra
960 2158 1146 2227 Hohuidum
1163 2165 1195 2227 et
1226 2159 1312 2248 Dyo·

181 2267 301 2337 nisium
316 2267 435 2336 iratres
450 2287 526 2337 suos
543 2267 587 2336 ud
603 2267 826 2354 recipiendam
849 2267 1041 2336 diuisionem
1073 2286 1146 2336 oum
1178 2267 1313 2356 eisdem,

180 2379 210 2450 si
225 2377 260 2448 id
276 2396 451 2447 consonum
466 2373 630 2445 uidebitur
646 2377 792 2468 equitati,
807 2386 843 2448 ut
858 2378 907 2448 sie
922 2379 1003 2465 ipsiu
1023 2375 1171 2462 portibus
1202 2393 1313 2444 eorum

181 2487 279 2556 nobis
310 2485 493 2556 constitutis
524 2484 566 2554 de
582 2484 669 2556 sueto
701 2485 806 2573 ipsius
837 2487 999 2575 Propositi
1016 2493 1048 2555 et
1062 2485 1174 2554 fratris
1192 2485 1255 2570 sui,
1271 2503 1311 2556 ue

181 2596 286 2666 eriam
302 2595 344 2665 de
360 2596 446 2664 fautu
462 2594 598 2664 fratrum
613 2594 755 2684 Nieoiay
778 2595 932 2665 iudicium
949 2597 1017 2682 fiat,
1043 2601 1138 2683 prout
1169 2594 1313 2664 diuteue·

181 2705 225 2774 rit
254 2705 334 2774 ordo
365 2703 457 2777 iuris.
481 2701 633 2774 ‘Dioimus
665 2705 779 2792 seium,
812 2705 899 2791 quod
930 2704 1016 2772 idem
1028 2703 1190 2778 ‚Nicolaus
1207 2705 1313 2772 somer

181 2816 250 2884 aliu
264 2813 395 2901 iudicia,
408 2813 453 2883 ud
469 2835 532 2900 que
548 2813 656 2886 littere
670 2813 792 2884 fuerint
808 2819 995 2900 presentato
1020 2811 1133 2880 eodem
1166 2810 1221 2878 die
1252 2831 1311 2898 per

181 2921 385 3010 Propositum
416 2929 449 2990 et
464 2923 597 2992 fratrem
628 2944 720 2992 suurn
752 2922 943 2992 antedictos.
973 2924 1094 2990 Datum
1126 2920 1161 2987 in
1176 2918 1311 2987 Zuhaeh

182 3031 346 3103 dominico
361 3037 437 3101 unte
451 3031 568 3102 festum
584 3031 696 3101 Sunuti
713 3032 870 3101 Demetrii
886 3031 1040 3100 martiris.

291 3139 454 3210 Krvut:
485 3141 547 3210 Pro
577 3142 735 3228 Magistro
766 3143 821 3209 Sui
851 3140 1020 3228 Proposito
1052 3136 1253 3228 Dymisieusi
1279 3145 1312 3206 et

183 3249 273 3320 Oouz
288 3248 388 3321 tratre
403 3269 462 3321 suo
478 3257 594 3322 eontra
609 3252 784 3322 Nieoluum
805 3249 901 3320 filiurn
923 3250 1019 3322 Aous.

179 3452 325 3516 (Iiredetie
341 3451 526 3522 bitrhdrtysm
546 3470 563 3506 a
581 3451 631 3505 ket
649 3453 793 3518 zrirpeesit
805 3455 890 3505 nezul
909 3470 926 3507 u
944 3455 1073 3522 nagyobb
1092 3451 1273 3517 szetmsrlorr,
1294 3470 1311 3506 u

178 3545 278 3600 kisebb
301 3545 353 3599 hut
379 3542 482 3613 sugarir
513 3545 657 3610 osiimggal
687 3543 751 3594 zeld
781 3544 916 3596 viuszbun
943 3559 1081 3612 megvun3
1112 3543 1189 3598 mett.
1209 3544 1311 3617 Szuley

504 3620 632 3701 Aposton
651 3634 685 3686 r'rr
707 3635 980 3702 gyujeemenyeuen.)
