3170 5166
656 305 816 416 Qe-

150 539 153 548 ·
170 499 250 572 lium
261 499 393 596 inaunn
405 499 536 571 Domini
553 503 727 574 millesimo
743 501 963 574 Ducentesimo
979 499 1141 588 vigesimo
1158 495 1298 586 septimo

168 608 302 699 (1227.)
317 611 536 680 eonfeotarum
553 632 611 700 per
626 615 731 700 ipsum
757 613 944 701 Capitulum
961 610 1004 679 ad
1021 607 1208 680 mandatum
1225 625 1299 676 nnn·

168 718 246 788 dam
262 719 387 788 domini
416 720 547 788 Andree
577 721 678 807 Regis
709 722 789 790 dieti
818 722 861 791 de
891 720 1055 806 Weneeijs
1086 717 1122 786 iu
1152 713 1300 786 sacristia

168 846 280 896 eorum
312 826 553 898 reinuenterum
584 830 868 919 transsoribebant,
900 835 1009 898 nostro
1029 826 1208 915 junioiario
1224 842 1299 926 exa·

167 936 249 1004 mini
274 941 406 1006 eurarat
436 937 606 1021 exhibere3
630 937 664 1006 in
694 939 786 1008 ouius
818 937 946 1025 quidem
979 937 1087 1004 littere
1119 935 1185 1002 iam
1218 931 1296 1002 dieti

167 1045 314 1132 Capituli
344 1044 539 1131 Wneyerrsis
554 1047 586 1114 in
617 1047 704 1116 dieto
720 1067 807 1116 anno
838 1047 973 1117 Domini
989 1043 1163 1116 millesimo
1180 1043 1298 1112 dueen-

166 1153 282 1224 tesimn
298 1151 457 1237 vigesimo
474 1155 609 1240 septimo
626 1156 770 1228 subieote
785 1163 898 1225 tenore
914 1155 1099 1225 videramus
1129 1149 1296 1236 contineri,

168 1260 258 1348 quod
289 1260 403 1330 Comes
433 1261 569 1331 Henehe
585 1264 669 1332 tilius
685 1263 844 1332 Zaeharie
860 1263 901 1334 de
920 1263 1036 1332 Wereb
1053 1263 1096 1330 ab
1112 1281 1187 1350 nna,
1203 1263 1297 1352 parte

167 1371 210 1438 ab
226 1371 332 1438 altera
348 1371 491 1458 Cosmas,
509 1371 669 1456 Andreas,
685 1373 807 1458 Milton,
825 1371 947 1458 Tertia,
964 1374 1117 1455 irasmus,
1141 1367 1297 1438 Barakon

166 1479 225 1566 filij
242 1478 367 1547 Tordan
398 1478 439 1547 de
470 1500 589 1566 genere
606 1481 696 1548 Zanlr
722 1483 785 1550 stb.
804 1478 856 1570 (aa
873 1479 1015 1565 olrmtnp
1032 1478 1129 1564 teljes
1142 1481 1297 1563 leovegar

167 1587 326 1658 ktzttltltlr
356 1587 630 1678 Okmtnytttrnnk
670 1591 725 1662 Vl.
757 1590 874 1678 vagyis
906 1587 1100 1658 amasodiir
1132 1587 1256 1673 folpam
1272 1584 1296 1657 l.

168 1695 344 1766 kltteteben
377 1697 454 1768 445.
484 1685 544 1768 sib.
561 1697 611 1788 il.)
632 1700 755 1781 Quibus
772 1700 901 1786 quidem
919 1697 1034 1767 litteris
1050 1695 1207 1768 exhibitis
1225 1713 1296 1784 pre·

164 1805 252 1875 fatus
268 1813 456 1893 pronorator
473 1807 551 1876 dinti
567 1811 687 1878 aetoris
704 1810 863 1897 premisse
880 1830 939 1896 per
953 1807 1099 1896 prefatos
1115 1807 1295 1874 ineansam

165 1921 325 1984 attraotos
343 1915 495 1986 exhibere
525 1925 695 2006 assumpta
712 1919 927 1990 iustrumenta
943 1915 1089 1986 exhiberi
1106 1913 1295 2004 postulabat

164 2043 224 2111 per
255 2023 384 2092 eosdem
416 2045 526 2098 coram
557 2028 659 2096 nobis.
691 2026 762 2109 Quo
793 2028 905 2096 audito
923 2026 1043 2116 prefati
1073 2023 1228 2098 Nioolaus
1260 2025 1293 2090 et

162 2131 335 2202 Johnnnes
364 2135 423 2222 filij
456 2135 597 2223 Nicolai,
630 2136 826 2225 aeBlasius,
859 2134 1124 2223 personaliterin
1149 2139 1292 2202 nostram

165 2241 388 2328 consurgendo
420 2246 620 2332 presenciam
651 2267 709 2334 pro
741 2245 907 2334 premissis
938 2244 1089 2316 exhibere
1117 2241 1293 2329 assumptis

163 2350 389 2422 instrumentis
419 2353 579 2440 quasdam
611 2354 693 2424 duas
709 2355 836 2424 litteras
853 2353 994 2444 Capituli
1011 2354 1156 2422 Eeelesie
1173 2351 1294 2437 Strigo·

161 2457 289 2528 uieusis
304 2459 529 2547 priuilegiales
545 2462 720 2549 alphabeto
736 2463 906 2533 intereisas
917 2461 1009 2532 nobis
1018 2462 1291 2548 demonstrarent,

161 2585 302 2652 quarum
335 2567 442 2653 prima
472 2589 559 2639 anno
575 2571 706 2639 Domini
725 2571 897 2642 millesimo
914 2571 1135 2642 dueentesimo
1150 2568 1290 2658 quadra-

161 2663 289 2760 gesimo
304 2683 420 2762 quarto
434 2676 564 2768 (1244.)
580 2687 695 2748 exorte
720 2681 955 2764 manifestaret,
988 2680 1074 2765 qnod
1089 2679 1180 2748 Znab
1206 2676 1292 2746 filius

160 2782 262 2852 Wata
277 2783 318 2854 (le
333 2805 453 2869 genere
466 2787 558 2856 Zaair
589 2810 655 2857 una
670 2809 742 2857 eum
759 2796 897 2874 cognato
913 2810 972 2858 suo
989 2791 1111 2858 Irasmn
1127 2787 1172 2858 ad
1187 2787 1290 2874 ipsius

160 2888 307 2978 Capituli
321 2893 554 2980 strigoniensis
572 2897 731 2968 aceedens
744 2900 945 2985 preseneiam
957 2897 1187 2986 proposuisset,
1204 2894 1290 2984 queri

157 3006 281 3070 terram
296 3023 388 3070 suam
405 3001 631 3074 hereditariam
648 3008 805 3094 Harkyau
824 3012 982 3094 rounam,
999 3006 1140 3075 vieiuam
1157 3011 1189 3074 et
1204 3025 1288 3073 nnm-

159 3114 347 3178 metaneam
363 3112 629 3199 terreLaurenoij
641 3114 698 3200 filij
711 3113 821 3203 Gyure
836 3115 985 3184 similiter
1000 3116 1160 3205 Harkyan
1177 3121 1290 3186 venale

159 3215 205 3286 ad
221 3226 359 3304 quatuor
388 3229 500 3290 aratra
516 3230 549 3291 et
563 3223 742 3312 dimidium,
759 3233 910 3311 presente
927 3231 960 3294 et
975 3225 1203 3296 eonseueiente
1218 3227 1290 3312 ipse

156 3330 296 3415 Irasmo,
315 3329 369 3414 qrri
387 3337 453 3398 tam
469 3351 527 3416 pro
543 3353 589 3420 se,
608 3353 704 3416 quam
722 3354 780 3420 pro
804 3335 951 3420 cognatis
966 3333 1035 3404 suis
1050 3333 1289 3423 commetaneis,

46 3482 51 3491 s
158 3435 289 3506 Falkus
320 3438 472 3508 videlieet
488 3440 553 3510 filio
570 3443 694 3529 Pouka,
713 3449 745 3512 et
760 3447 930 3532 nepotibus
949 3443 1085 3514 Comitis
1100 3443 1288 3534 Alexandri,

155 3551 193 3610 et
208 3543 283 3629 alijs
300 3547 452 3631 angentis
469 3549 680 3635 aulensibus
697 3551 906 3640 interfuisset,
930 3575 1027 3641 super
1043 3555 1105 3626 hoe
1120 3575 1288 3625 assensum

152 3651 352 3741 prebuisset,
385 3655 587 3726 vendidisset
617 3660 758 3746 Kyllene
790 3661 857 3730 filio
886 3662 1075 3750 Augustini,
1100 3665 1286 3734 etNinnlao

152 3759 226 3830 filio
243 3761 381 3848 Obpehk
397 3785 455 3851 pro
471 3766 614 3852 quinque
630 3769 746 3836 marnis
763 3769 826 3838 sibi
848 3771 993 3856 plenarie
1009 3773 1185 3859 persolutis
1212 3773 1287 3858 jure

152 3875 313 3956 perpetuo
344 3873 595 3960 possidentium
628 3876 674 3945 ita
689 3879 775 3963 quod
807 3879 872 3950 due
902 3887 1011 3967 partes
1027 3881 1173 3952 eiusdem
1198 3889 1285 3953 terre

152 3977 313 4046 oederent
342 3979 497 4067 Kyllene,
529 3984 633 4052 ternis
664 4005 740 4053 vero
772 4006 849 4072 pars
888 3988 1018 4058 eederet
1057 3991 1192 4068 Nieoian
1221 3991 1288 4061 filio

151 4085 306 4174 Obyohk.
340 4087 439 4158 Ouios
472 4091 605 4176 quidem
635 4099 721 4162 terro
752 4104 837 4165 mete
864 4099 959 4168 modo
977 4099 1098 4168 litteris
1114 4101 1148 4170 in
1164 4103 1287 4180 eisdem

150 4200 306 4264 oenteutn
323 4198 466 4266 seriatim
483 4199 734 4287 explicarentur.
760 4204 902 4291 Reliqua
919 4229 995 4277 uero
1005 4209 1181 4284 earundem
1197 4234 1286 4282 anno

148 4302 286 4372 Domini
318 4305 491 4376 millesimo
507 4308 726 4378 dueentestmo
744 4313 994 4401 quadragesimo
1012 4318 1125 4402 quinto
1155 4318 1286 4410 (1245.)

149 4420 270 4482 exorta
285 4415 520 4502 manifestaret,
538 4419 625 4504 quod
642 4421 838 4492 Laureunius
854 4425 941 4494 filius
966 4426 1075 4514 Dpure
1091 4427 1132 4498 rie
1163 4449 1284 4516 genere

149 4518 248 4590 Zaah
279 4542 417 4592 unaonm
448 4523 547 4596 fratre
577 4547 635 4597 sun
651 4529 826 4601 Karmerio
856 4533 922 4604 filio
938 4535 1066 4622 Wgrini
1082 4537 1126 4606 ad
1141 4537 1285 4610 eiusdem

152 4627 299 4716 Capituli
314 4629 546 4718 strigoniensis
562 4639 779 4720 secessissent
798 4643 1010 4732 preseuniam,
1026 4649 1059 4718 et
1074 4665 1114 4723 en
1131 4649 1287 4745 benepla.
