3124 5152
585 347 745 450 jag

114 540 212 610 brenth
228 539 332 610 tendit
349 549 438 610 neate
454 561 511 629 per
528 539 646 610 silvam
663 549 696 610 et
711 540 800 610 venit
831 541 890 609 sub
924 541 1086 627 quoddam
1118 541 1240 608 monti·v

115 647 177 715 culo
191 648 299 732 ibique
314 655 366 717 est
381 657 468 716 meta
482 656 607 733 terrea3
631 648 707 716 inde
723 649 829 716 tendit
855 651 1092 733 aliquantulum
1116 667 1231 717 versus

113 759 254 826 orientem
270 757 364 824 iuxta
380 759 515 826 eandem
532 758 662 843 siluam,
694 759 786 826 vonit
801 758 917 826 iterum
935 759 979 826 ad
995 757 1134 826 rivulum
1165 755 1231 822 Da·

113 865 200 934 merie
214 865 457 953 supradictum
480 865 606 934 atinde
622 867 771 934 ascendit
786 887 962 954 parumper
994 884 1108 934 versus
1139 864 1232 931 meri-

113 971 197 1058 diem,
213 975 307 1040 venit
320 973 439 1042 iterum
455 975 499 1041 ad
516 995 668 1060 magnam
684 977 783 1059 viam,
813 983 846 1044 et
870 996 930 1061 per
959 993 1114 1058 magnam
1146 971 1231 1040 riam

112 1079 192 1146 vadit
207 1081 325 1150 iterum
341 1081 386 1147 ad
399 1087 518 1148 metam
535 1083 718 1168 pristinam,
736 1082 783 1150 sic
798 1085 905 1148 umen
923 1101 982 1166 pro
1000 1088 1089 1148 terra
1105 1100 1168 1164 que
1184 1087 1234 1148 est

112 1195 230 1274 aparte
245 1189 380 1256 sinistra
394 1189 536 1275 pertinet
552 1190 595 1256 ad
611 1211 681 1271 nos,
712 1188 801 1258 terra
832 1211 908 1258 vero
940 1213 961 1258 a
992 1199 1087 1277 parte
1117 1187 1233 1256 dextra

115 1296 245 1382 pertinet
262 1299 307 1366 ad
324 1298 502 1365 Ecclesiam
518 1298 740 1384 supradictam
755 1319 827 1366 cum
858 1297 1033 1366 medietate
1063 1295 1230 1364 cniusdam

112 1403 188 1473 curie
203 1414 327 1492 nostre,
344 1427 409 1490 qne
425 1414 474 1474 est
487 1406 522 1472 in
551 1405 707 1490 indagine
735 1405 883 1474 similiter
914 1425 936 1471 a
965 1411 1059 1492 parte
1089 1403 1233 1492 sinistra,

110 1514 238 1598 pertinet
255 1514 301 1580 ad
316 1515 498 1582 Ecclesiam
514 1513 727 1601 sepedictam.
766 1515 805 1580 In
821 1511 914 1580 cuins
929 1511 976 1580 rei
993 1512 1181 1580 memoriam
1197 1519 1230 1579 et

111 1619 336 1710 certitudinem,
353 1629 389 1688 ut
404 1622 590 1690 huiusmodi
616 1621 712 1689 dacio
735 1641 794 1690 sen
824 1627 934 1689 nostra
966 1620 1104 1688 donacio
1137 1622 1234 1688 robur

111 1737 257 1816 perpetue
274 1730 437 1798 firmitatis
453 1731 607 1818 obtineat,
624 1750 685 1797 nec
699 1750 759 1815 per
771 1730 956 1815 quempiam
968 1728 1071 1815 possit
1079 1747 1233 1816 processu

110 1839 255 1924 temporis
271 1841 453 1925 retractari,
470 1846 637 1925 presentes
648 1840 870 1906 concessimus
880 1839 1008 1905 litteras
1018 1835 1120 1922 sigilli
1131 1835 1232 1903 nostri

110 1949 278 2015 munimine
305 1949 486 2016 roboratas.
526 1951 646 2016 Datum
679 1952 712 2013 et
742 1954 852 2015 actum
884 1947 1043 2031 Zagrabie
1075 1965 1160 2013 anno
1192 1947 1233 2011 ab

111 2057 337 2126 lneamacione
352 2057 486 2123 Domini
501 2056 596 2125 Moe.
615 2059 845 2141 octuagesimo.

190 2256 500 2320 (arausicanum.
520 2257 586 2308 hist.
606 2257 698 2322 Epioe.
718 2255 912 2321 Zagrsbiensis
931 2255 954 2304 Ι.
973 2254 1032 2305 hot.
1053 2258 1113 2306 205.
1128 2255 1154 2308 .“.“

534 2541 800 2554 ὴ-ισ--ι--ι--Ὶι

635 3084 711 3151 267.

107 3284 186 3349 Ιυάη
203 3307 301 3352 cornea
318 3284 430 3351 oilicaa'
437 3283 647 3372 fdn'spoiauok
663 3285 813 3368 bizoayos
832 3281 984 3348 Zamobor
1013 3280 1145 3348 melletta'
1164 3281 1235 3368 fb'l·

108 3389 156 3454 det
173 3395 331 3478 tctrpyuzd
346 3391 530 3478 adomdapa
540 3390 814 3457 aBraaoiobdbaa
825 3387 893 3454 teob
902 3389 1066 3454 cisteroitu
1075 3400 1233 3456 monaster

528 3503 688 3566 saumana.
708 3496 807 3564 1280.

214 3698 281 3765 Nos
297 3697 382 3764 Iuan
398 3695 523 3782 Comes,
548 3695 633 3762 filius
651 3695 770 3781 lrinlai,
796 3694 912 3764 Comes
929 3696 970 3761 de
987 3695 1120 3782 Oclnch,
1136 3697 1235 3781 signi·

106 3805 238 3872 fleamus
255 3805 372 3890 quibus
389 3804 519 3891 expedit
535 3802 697 3870 universis
714 3807 914 3890 presencium
935 3823 992 3890 per
1010 3813 1155 3874 tenorem
1171 3826 1235 3873 mc-

106 3912 208 3978 morie
236 3912 511 3998 commendantes,
537 3910 623 3996 quod
655 3931 714 3976 nos
747 3909 909 3996 quandam
941 3919 1060 3979 terram
1092 3923 1235 3982 nostram

105 4038 208 4104 prope
221 4021 382 4087 Zamobcr
398 4019 494 4086 sitam
511 4026 543 4085 et
560 4018 762 4106 existentem,
787 4018 969 4087 Ecclesiam
986 4021 1107 4089 Sancte
1136 4023 1235 4088 Elone

105 4128 370 4215 circumdantem,
398 4129 492 4195 metis
509 4127 699 4213 subscriptis
716 4125 915 4212 distinctam,
948 4129 1099 4198 dedimus
1114 4138 1146 4198 et
1163 4152 1235 4198 con·

105 4235 235 4304 tnlimns
250 4236 397 4304 Ecclesie
412 4237 532 4303 Sancto
547 4235 650 4303 Mario
665 4235 808 4320 Virginis
839 4225 959 4304 Abbati
989 4259 1047 4307 san
1078 4239 1233 4308 iratribus

106 4343 336 4412 Cistenciensis
353 4343 484 4410 Ordinis
499 4344 532 4409 in
550 4343 662 4410 eadem
679 4343 829 4412 Ecclesia
847 4344 919 4411 Deo
935 4347 1055 4432 ingiter
1071 4357 1102 4415 et
1119 4349 1235 4418 denote

105 4451 343 4520 famulantibus
359 4475 418 4539 pro
433 4453 539 4520 salute
555 4453 663 4518 anime
679 4459 798 4540 nostre,
814 4452 856 4519 ad
871 4455 1024 4524 honorem
1040 4457 1103 4525 Dei
1119 4467 1150 4525 et
1168 4459 1235 4526 Vir-

105 4560 194 4642 ginis
210 4559 369 4649 Gloriose,
401 4567 432 4628 et
449 4581 506 4646 per
524 4558 653 4626 eosdem
685 4559 802 4627 iratres
832 4581 962 4630 suorum
994 4567 1235 4634 successoribus
1324 4607 1345 4632 ,Δ

105 4667 178 4734 inre
196 4676 348 4754 perpetuo
365 4668 498 4754 pacifice
513 4667 745 4752 possidendam
763 4674 796 4734 et
810 4667 1005 4760 habendam,
1038 4693 1110 4741 cum
1135 4677 1236 4742 omni-

216 4805 316 4842 uronrnnn.
332 4805 416 4843 nuuc.
434 4805 504 4844 uren.
523 4816 563 4828 -
581 4803 654 4845 urna.
669 4803 736 4841 xxrr.
1084 4789 1125 4854 21
