3124 5152
645 1013 720 1083 282.

123 1211 206 1274 Puer
220 1211 349 1296 kirclyi
364 1211 652 1278 ldrnokmcelernele
678 1214 867 1299 ildletleoele,
900 1214 981 1300 moly
1012 1217 1136 1282 ezeciae
1167 1215 1245 1283 Pcol

122 1323 208 1386 odron
222 1321 255 1384 c's
271 1345 293 1386 a
308 1321 501 1407 spelaeoque
517 1323 750 1409 opdccoocluda
774 1324 881 1407 Ujbdca
901 1347 993 1412 pereo
1009 1323 1139 1411 flilddre
1154 1327 1245 1391 udone

512 1429 724 1515 cpyczleedtcle.
748 1427 848 1495 1281.

213 1625 332 1692 Petrus
348 1625 508 1712 Magister
525 1625 781 1692 'lanaruicerum
798 1624 920 1694 domini
946 1627 1044 1712 Regis
1077 1629 1237 1697 uniuersis

117 1730 222 1800 Christi
239 1732 393 1800 fidelibus
410 1740 477 1800 tam
494 1733 698 1819 presentibus
714 1753 812 1818 quam
843 1734 960 1802 luturis
992 1755 1126 1820 presens
1157 1737 1235 1804 scri-

117 1848 196 1924 ptnrn
210 1839 411 1926 inspecturis
429 1840 567 1907 salutem
585 1841 619 1907 in
637 1842 776 1908 Domine
792 1843 1032 1928 sempiternam.
1049 1842 1100 1910 Ad
1113 1843 1238 1910 uniuer-

115 1970 213 2016 sorum
230 1949 385 2016 noticiam
400 1954 514 2016 tenore
529 1948 733 2034 presencium
758 1951 904 2016 volumus
936 1951 1118 2034 peruenire,
1148 1951 1235 2033 qrrod

114 2077 177 2124 corn
192 2058 277 2125 inter
293 2055 469 2142 religiosas
486 2055 638 2123 dominas
654 2075 783 2124 sorores
800 2056 841 2124 de
857 2057 970 2124 Insula
986 2058 1131 2144 Virginis
1158 2061 1235 2128 Glo-

113 2167 188 2234 riore
202 2169 275 2233 Deo
291 2165 411 2250 ingiter
426 2163 624 2232 famulantes
640 2186 679 2234 ex
697 2186 762 2233 vna
794 2173 904 2253 parte;
928 2168 1069 2253 Petrum,
1103 2169 1236 2236 Werne-

113 2275 186 2342 rium
200 2274 305 2342 filium
322 2294 427 2357 snum,
459 2281 493 2340 et
507 2272 651 2341 Henricb
668 2274 820 2359 Comites,
854 2265 1051 2342 darknsiurn'
1073 2275 1234 2362 Villicurn,

112 2391 140 2449 ct
153 2385 325 2452 uniuersos
341 2383 431 2449 ciues
448 2380 488 2448 de
503 2381 603 2449 Pesth
621 2402 660 2449 ex
675 2383 789 2470 altera,
821 2403 918 2469 super
944 2391 1032 2452 terra
1063 2383 1229 2471 Wybeech

111 2501 231 2578 vocato,
263 2512 326 2576 quc
341 2493 427 2558 iacet
443 2492 528 2558 inter
543 2498 662 2559 terram
679 2490 838 2559 dictarum
854 2513 1000 2560 sororum
1016 2491 1111 2562 Jenw
1137 2515 1231 2562 roca-

111 2608 181 2688 tam,
213 2606 245 2666 et
260 2600 381 2668 ciuium
399 2599 440 2665 de
455 2599 553 2668 Pestb
569 2600 785 2684 predictorum
801 2600 843 2668 lis
860 2607 892 2668 et
920 2601 1090 2668 contencio
1117 2603 1231 2671 luisset

109 2730 207 2777 coram
224 2707 319 2777 nobis
336 2707 515 2792 suscitata;
539 2728 637 2790 qnam
654 2707 784 2793 quidem
801 2717 921 2776 terram
955 2708 1068 2775 eedem
1100 2730 1227 2778 sorores

108 2839 142 2883 cx
157 2817 335 2884 collacione
352 2814 431 2882 Bele
446 2814 583 2883 illustris
599 2817 699 2899 Regis
715 2815 884 2901 Hnngarie
900 2818 984 2884 bone
1011 2799 1171 2883 memorie
1191 2839 1227 2885 se

108 2923 251 2992 dicebant
266 2922 446 3010 possidere,
477 2921 614 3007 predicti
630 2944 707 2992 vero
724 2925 812 2991 ciues
827 2925 965 2992 eandem
982 2944 1056 2991 esse
1072 2943 1166 2990 suam
1183 2927 1226 2992 ab

106 3034 231 3117 antiquo
247 3032 459 3113 asserebant;
483 3039 514 3098 et
530 3031 646 3100 eadem
663 3051 764 3102 causa
779 3031 906 3100 diucius
923 3031 1040 3099 fuisset
1056 3031 1090 3098 in
1122 3035 1223 3100 nostri

106 3148 269 3221 presencia
285 3137 471 3225 ventillata,
498 3139 629 3205 tandem
646 3140 773 3206 (inmite
788 3137 884 3206 Petro
901 3139 1040 3207 officiale
1065 3137 1226 3208 dictarum

105 3267 240 3316 sororum
255 3268 316 3334 pro
332 3246 416 3335 ipsis
432 3249 605 3333 sororibus,
640 3247 809 3315 Werneric
825 3253 858 3314 et
888 3247 1000 3314 Hench
1033 3247 1222 3336 comitibus,

105 3355 256 3425 darknsio
272 3357 402 3444 Villico,
436 3357 550 3440 Panlo,
581 3355 744 3440 Jobannc,
776 3353 894 3422 Cosma
909 3361 942 3423 et
959 3356 1038 3423 Betc
1054 3375 1111 3439 pro
1143 3355 1223 3442 ipsis

102 3463 217 3534 ciuibus
234 3486 275 3532 ex
292 3464 397 3531 altera
412 3471 507 3550 parte
522 3483 631 3531 coram
648 3463 741 3532 nobis
758 3463 964 3548 constitutis;
988 3463 1074 3528 idem
1105 3460 1221 3532 Comes

100 3571 207 3642 Petrus
221 3573 368 3641 exhibuit
383 3571 591 3660 priuilegium
608 3571 767 3658 Stephani
783 3572 921 3641 illustris
937 3571 1036 3657 Regis
1053 3573 1219 3658 Hungnrie

100 3682 196 3751 felicis
211 3681 465 3769 recordacionis,
498 3682 531 3749 in
547 3702 612 3767 qno
628 3680 770 3748 vidimus
797 3682 964 3767 contineri,
995 3680 1081 3766 quod
1113 3683 1217 3768 ipsam

97 3797 207 3860 terram
222 3789 390 3879 Wybeech
408 3788 558 3858 dominus
575 3791 658 3857 Bela
673 3791 743 3857 Rex
760 3798 853 3876 pater
885 3810 965 3857 suus
996 3809 1067 3857 cum
1100 3789 1219 3858 litteris

99 3899 162 3966 suis
176 3899 361 3985 patentibus
376 3899 525 3967 Ecclesia
540 3900 640 3966 Beate
657 3898 801 3983 Virginis
817 3899 859 3966 de
873 3898 997 3985 Insula,
1014 3903 1046 3966 et
1055 3899 1218 3967 sororibus

96 4005 280 4092 degentibus
296 4007 331 4075 in
347 4007 469 4092 eadem,
493 4006 589 4074 simul
605 4027 677 4075 enm
691 4006 820 4093 palacio
837 4027 934 4093 snper
950 4007 1025 4091 ipso
1041 4013 1128 4074 terra
1143 4027 1217 4074 con·

95 4123 207 4186 structo
222 4115 421 4185 contulisset.
459 4115 488 4181 Ε
504 4135 664 4184 conuerso
680 4120 789 4182 autem
806 4113 885 4181 dicti
902 4113 992 4182 ciues
1009 4114 1050 4180 de
1065 4114 1143 4180 Pest
1159 4135 1211 4182 ex-

92 4219 255 4294 hibuerunt
270 4223 481 4314 priuilegium
509 4223 632 4292 domini
664 4225 767 4293 nostri
797 4221 946 4289 Ladialai
976 4220 1080 4289 incliti
1112 4223 1214 4306 Regis

91 4329 260 4424 Hungarie,
292 4337 327 4402 in
342 4335 435 4402 onius
450 4340 566 4402 tencre
597 4333 800 4420 collegimus,
832 4329 919 4416 quod
951 4332 1059 4415 ipsam
1090 4335 1210 4398 terram

90 4437 246 4524 Wybeeeh
261 4440 397 4528 prelatis
413 4441 538 4510 ciuibus
557 4441 600 4509 de
615 4439 724 4526 Pestb,
741 4459 876 4524 quorum
893 4437 965 4505 usui
980 4436 1128 4506 subiecta
1143 4437 1210 4506 lue-

91 4553 148 4632 rat,
161 4549 341 4618 reuocando
357 4571 378 4617 a
393 4549 559 4618 sororibus
574 4549 770 4648 memoratis,
788 4547 874 4615 idern
891 4545 1042 4615 dominus
1058 4544 1209 4615 Rexreli-

89 4656 203 4744 quisml
217 4665 375 4746 perpetuo
390 4656 632 4747 possidendam.
658 4659 727 4726 Nos
743 4657 856 4740 itaque
873 4655 952 4724 visis
967 4655 1047 4742 ipsis
1075 4653 1210 4739 priuile·

1040 4761 1102 4836 22*
