3124 5152
541 326 702 434 joe-

84 546 132 610 que
146 527 184 592 ab
198 525 291 593 annis
306 545 390 613 pene
407 523 586 612 puerilibus
601 525 694 593 nobis
727 525 825 611 dewij
857 525 1001 612 temporis
1033 527 1185 613 quodam-

83 632 159 700 modo
182 633 355 716 equalitate
370 653 406 700 se
421 633 611 718 adiungens,
626 636 697 702 nelo
710 634 875 702 fidelitatis
890 653 1066 704 succensus
1082 638 1184 705 conti·

82 761 134 808 una
160 750 189 808 ct
217 739 383 808 indelessa
422 741 600 826 diligencia
639 742 762 810 studuit
808 741 969 830 exhibere,
999 745 1033 810 in
1065 743 1184 810 nostris

82 849 273 932 beneplacitis
289 868 324 916 se
335 869 509 935 exercens3
526 849 740 936 peticionibus
756 851 825 918 eins
840 851 1064 918 beniuoleucia
1081 851 1184 934 Regia

82 961 246 1044 annuentes,
281 957 355 1024 lieet
379 957 539 1042 ampliora
569 965 601 1024 et
616 958 742 1024 maiora
772 963 945 1045 mereatur,
976 959 1018 1025 ad
1051 977 1184 1044 presens

82 1073 170 1132 amen
183 1064 214 1130 iu
229 1065 361 1150 signum
377 1065 565 1132 dileccionis
582 1072 615 1131 et
638 1066 791 1148 aliqualis
807 1065 1043 1155 retribucionis,
1059 1065 1184 1152 predic·

80 1181 131 1242 tam
145 1181 258 1242 terram
276 1171 477 1260 Olonyghan,
493 1193 565 1240 cum
583 1174 731 1241 omnibus
746 1173 942 1242 utilitatibus
959 1183 991 1244 et
1021 1175 1184 1262 pertinen·

81 1283 128 1367 rije
153 1281 226 1369 suis,
259 1284 325 1366 ipsi
341 1281 496 1365 Magistro
522 1280 700 1368 Stephano,
719 1291 751 1349 et
767 1302 824 1367 per
839 1302 912 1349 eum
928 1282 995 1350 suis
1011 1281 1184 1350 heredibus

79 1388 214 1475 dedimus,
231 1388 426 1458 donanimus
442 1397 474 1456 et
491 1391 684 1458 contulimus
701 1390 768 1458 iure
787 1397 943 1475 perpetuo
960 1397 993 1457 et
1023 1391 1184 1458 irrenoea·

79 1497 167 1566 biliter
194 1498 455 1586 possidendam3
489 1498 615 1564 litteras
647 1498 749 1565 eciam
780 1518 837 1566 seu
867 1499 1094 1583 instrumenta,
1125 1518 1185 1584 per

78 1608 228 1689 quemlibet
260 1628 452 1693 quocunque
489 1617 632 1693 tempore
665 1617 697 1676 et
728 1609 843 1693 quouis
877 1609 970 1676 titulo
1010 1608 1184 1690 impetrata

77 1717 248 1786 anctoritate
282 1719 485 1802 presencium
516 1736 715 1786 reuocamus.
747 1718 789 1784 Vt
817 1717 917 1800 igitur
950 1715 1043 1783 huius
1074 1721 1183 1781 nostre

77 1824 243 1892 donacionis
276 1845 335 1892 sen
367 1825 554 1894 collacionis
584 1825 686 1892 series
718 1825 815 1892 robur
851 1825 998 1912 optineat
1031 1829 1182 1912 perpetue

77 1931 246 2018 firmitatis;
282 1939 452 2020 presentes
492 1934 711 2001 concessimus
741 1932 869 2001 litteras
899 1932 1050 2020 dipplicis
1081 1931 1185 2017 sigilli
1311 1997 1322 2012 „

76 2039 158 2105 nostri
174 2043 349 2111 munimine
364 2043 542 2110 roboratas.
572 2041 693 2109 Datum
723 2061 781 2128 per
812 2061 927 2109 manns
958 2040 1091 2108 discreti
1122 2039 1183 2107 viri

75 2149 200 2232 ltngistri
215 2149 373 2238 debonis,
389 2152 465 2218 aule
480 2157 589 2218 nostre
607 2149 883 2235 VieeOaneellarij
900 2150 1012 2219 dilecti
1028 2155 1060 2218 et
1078 2150 1182 2218 fidelis

74 2257 157 2323 nostri
174 2279 259 2327 anuo
275 2259 410 2325 Domini
429 2257 549 2326 ll⁰CO⁰
568 2259 767 2345 octagesimo
797 2259 911 2346 primo,
941 2258 1045 2343 Regni
1076 2265 1184 2326 autem

74 2365 158 2431 nostri
173 2387 258 2433 anno
274 2387 372 2453 nono,
389 2368 503 2451 quinto
519 2367 594 2435 idus
609 2366 699 2452 Maij,
716 2365 899 2436 indiccione
923 2385 1019 2435 nona.

73 2565 197 2622 (Eredetie
216 2567 402 2632 bdrlrdrtyam
422 2567 542 2632 melyrbl
561 2581 578 2618 a
597 2567 690 2630 kirtly
722 2568 817 2620 kettos
842 2566 1021 2633 pecsttjeuek
1052 2567 1185 2618 tila-edelre

72 2657 405 2724 noros-ibclyaszind·zold
424 2657 662 2722 selp'sruzsinbron
682 2657 770 2722 ftigg5
790 2673 807 2708 a
827 2657 914 2709 budsi
927 2657 1032 2724 kirtlyi
1055 2657 1183 2710 kamsrsi

521 2744 716 2808 levdltarban.)

582 3798 658 3866 276.

63 3995 82 4058 I
87 3995 116 4060 V.
141 3999 250 4066 Laeto
277 3997 460 4084 kirdlymok
495 4000 604 4086 Ozyup
635 4001 760 4086 delyadp
790 4001 995 4066 odaauddau't
1025 4003 1183 4087 tdrpyoed

280 4107 462 4194 adorndayo
478 4109 573 4175 Puer
589 4109 653 4175 bda
668 4113 827 4174 emmona.
845 4108 944 4174 1281.

158 4302 332 4370 Ladizlans
364 4303 425 4371 Dei
459 4305 577 4389 gracia
617 4305 783 4390 Hungaric
815 4304 995 4390 Dalmacie‚
1027 4305 1172 4391 Oroauie,

60 4407 164 4494 Reme,
188 4411 311 4498 Seruio,
341 4411 489 4500 Gallicis,
526 4413 728 4500 horomate,
759 4413 922 4496 Comanis,
955 4411 1174 4498 Balgarieque

58 4515 120 4580 Rex
152 4519 298 4586 omuibus
329 4518 450 4588 christi
479 4521 630 4590 fidelibus
656 4526 821 4607 presentes
837 4520 961 4588 litteras
982 4521 1183 4606 inspecturis

57 4623 190 4692 salutem
204 4627 237 4694 in
254 4628 398 4698 omnium
414 4631 595 4700 saluatore.
635 4630 686 4700 Ne
702 4628 816 4699 liuoris
834 4628 920 4704 ictus
936 4636 994 4700 aut
1009 4628 1182 4704 obliuionis
