3148 5164
707 249 772 314 615

659 337 817 350 Μ

167 445 281 532 pratis,
298 442 394 514 terris
411 442 596 512 arabilibus
612 441 710 510 oultis
727 448 758 510 et
774 439 916 528 incultis,
933 445 966 506 et
985 437 1146 508 uniuersis
1159 437 1309 527 juribus,

170 554 232 620 snb
249 549 374 620 eisdem
390 552 489 618 metis
505 556 538 618 et
554 547 712 632 terminis,
743 549 862 630 quibus
893 545 979 615 idem
1012 547 1127 616 Comes
1159 546 1269 632 Erney
1284 567 1312 614 a

171 658 329 744 religioso
361 657 431 726 viro
462 657 566 724 fratre
605 653 788 743 Dominioo,
814 653 945 724 Abbate
975 653 1162 739 Monasterij
1194 652 1310 722 Sancti

172 765 307 850 Ypolity
322 763 365 833 de
380 765 488 834 Zobor
514 769 548 833 et
562 783 622 832 suo
638 763 807 832 conuentu
832 781 892 850 pro
923 760 1112 830 concambio
1142 759 1309 829 ouiusdem

168 870 384 956 possessionis
411 890 471 939 sue
487 870 594 940 Kurth
610 877 799 956 nuncupate
818 877 997 956 receperat,
1014 868 1104 938 dedit
1119 868 1256 938 tradidit
1271 877 1303 936 et

168 980 306 1046 eontulit
321 979 427 1047 eidem
443 979 573 1047 domino
588 978 782 1046 Lodomerio
797 977 1057 1063 Arohiepisoopo
1074 975 1305 1062 strigoniensi,

168 1094 202 1152 et
220 1103 274 1151 ex
303 1083 515 1169 oonsequenti
546 1084 856 1170 Arehiepisoopatui
881 1090 1037 1170 perpetuo
1055 1091 1088 1152 et
1103 1083 1300 1152 irreuooabi·

169 1194 244 1259 liter
273 1192 506 1279 possidendam
538 1197 570 1260 et
600 1191 796 1259 habendam.
830 1193 857 1259 Ε
888 1211 1048 1259 eonuerso
1079 1196 1189 1258 autem
1219 1190 1308 1256 idem
1356 1259 1365 1269 κ

171 1301 381 1370 uenerabilis
412 1309 506 1389 pater
522 1309 618 1387 pater
634 1300 784 1369 dominus
799 1300 1013 1368 Lodomerius
1028 1299 1306 1387 Arobiepisoopus

171 1406 409 1504 strigoniensis
425 1429 484 1495 pro
500 1409 779 1477 transmutaoione
810 1417 844 1476 et
873 1409 1063 1476 eenoambio
1094 1407 1199 1494 ipsius
1231 1427 1307 1493 pos·

170 1515 331 1582 sessionis
362 1515 525 1603 Nyarbyd
557 1517 644 1584 dioto
661 1513 751 1584 dedit
783 1523 816 1584 et
831 1516 968 1584 tradidit
983 1515 1104 1583 dietam
1120 1515 1300 1603 possessio·

171 1642 245 1689 nem
262 1622 377 1692 Suram
394 1630 542 1692 uooatam
559 1645 632 1692 aum
648 1625 798 1692 omnibus
832 1624 900 1694 suis
931 1624 1135 1710 utilitatibus,
1161 1617 1306 1710 'pronon

170 1731 259 1798 tibus
290 1736 322 1799 et
337 1731 550 1820 pertinenoijs
573 1731 746 1818 uniuersis,
764 1752 805 1800 ex
822 1731 1036 1819 permissione
1067 1730 1229 1800 Jobanuis
1244 1729 1305 1814 filij

170 1837 260 1904 Petri
275 1837 316 1907 de
331 1837 431 1926 Zegy,
447 1839 503 1924 qui
519 1838 577 1925 per
592 1837 755 1906 bominem
774 1847 919 1928 nostrum
951 1837 1126 1922 requisitus
1157 1837 1198 1905 de
1229 1858 1306 1906 aon·

171 1943 301 2012 eambio
331 1945 434 2030 ipsius
451 1945 665 2030 possessionis
681 1943 798 2012 Swran
814 1953 930 2014 vocate
947 1965 1139 2014 eonsensum
1157 1943 1302 2030 prebuis-

171 2058 223 2118 set
253 2055 286 2118 et
302 2067 482 2136 assensum,
513 2052 652 2119 eontulit
683 2050 790 2120 eidem
821 2050 938 2120 Comiti
969 2054 1087 2139 Erney,
1104 2057 1136 2119 et
1153 2071 1211 2136 per
1228 2071 1302 2118 eum

172 2159 240 2226 suis
258 2157 504 2244 posteritatibus
520 2157 590 2225 iure
607 2165 761 2245 perpetuo
791 2157 1027 2246 possidendam
1043 2167 1076 2226 et
1105 2156 1305 2226 habendam.

171 2265 259 2333 Mete
290 2264 526 2348 uniusquidem
544 2265 762 2348 possessionis
790 2265 905 2334 Swran
921 2273 1035 2334 uooate
1052 2265 1214 2352 inoipiunt
1229 2269 1310 2332 ante

174 2370 306 2439 domum
323 2371 457 2439 Comitis
472 2369 569 2438 Pauli
585 2371 626 2438 de
641 2372 710 2457 Zeg
741 2371 782 2438 de
813 2371 973 2458 superiori
1006 2379 1099 2458 parte
1129 2371 1306 2440 molendini

173 2477 279 2564 ipsius
309 2479 405 2546 Pauli
436 2479 477 2544 ab
494 2478 627 2565 oriente,
645 2480 679 2545 in
696 2479 791 2547 litore
806 2479 894 2546 intra
909 2487 960 2546 est
985 2484 1093 2563 meta5
1118 2487 1151 2547 et
1165 2478 1258 2546 uadit
1274 2479 1308 2546 in

176 2585 232 2652 uia
248 2588 366 2654 erbosa
382 2585 426 2652 ad
441 2583 651 2672 occidentem,
666 2588 722 2653 ubi
739 2605 841 2674 prope
856 2586 969 2654 villam
984 2586 1018 2652 in
1039 2583 1155 2653 eadem
1172 2586 1227 2654 ria
1259 2594 1309 2654 est

172 2699 281 2781 meta,
303 2691 381 2760 inde
411 2693 445 2760 in
477 2692 592 2760 eadem
623 2693 677 2760 via
710 2693 804 2762 uadit
834 2693 997 2786 superius,
1012 2699 1045 2762 et
1060 2692 1153 2760 iuxta
1168 2694 1307 2762 eandem

172 2801 272 2871 babet
286 2807 405 2867 metam
421 2799 455 2868 in
472 2785 645 2888 pratioulo,
662 2809 696 2870 et
719 2802 767 2869 ibi
797 2802 899 2869 intrat
930 2808 1051 2868 terram
1082 2799 1253 2887 arabilem,
1272 2801 1306 2866 in

175 2929 241 2995 qna
271 2906 372 2975 habet
401 2913 538 2987 metam3
562 2915 636 2993 post
667 2908 726 2976 beo
756 2909 824 2976 exit
839 2908 883 2974 ad
903 2925 1058 2990 magnam
1074 2907 1163 2974 riam
1181 2927 1246 2992 que
1263 2908 1307 2974 de

171 3023 280 3084 oestro
295 3013 464 3100 Nytriensi
483 3014 571 3082 duoit
586 3013 630 3080 ad
655 3015 825 3103 Nyarhyd,
857 3021 888 3083 et
918 3015 1010 3082 iuxta
1041 3015 1178 3081 eandem
1211 3013 1299 3080 viam

169 3130 221 3191 est
250 3127 357 3206 meta;
381 3121 457 3188 inde
487 3122 686 3190 transeundo
716 3143 869 3208 magnam
886 3121 974 3192 viam
990 3121 1082 3189 uadit
1097 3121 1248 3208 superius
1265 3123 1299 3188 in

169 3239 258 3298 terra
273 3230 402 3315 arabili,
420 3235 452 3296 et
468 3237 544 3297 sunt
558 3232 658 3298 multo
673 3239 761 3300 mete
777 3232 810 3298 in
826 3229 1031 3315 longitndine
1062 3228 1148 3296 inter
1179 3235 1305 3310 terras;

169 3339 249 3406 inde
280 3337 382 3404 intrat
412 3356 574 3423 campum,
606 3343 639 3404 et
654 3337 745 3406 uenit
761 3357 864 3421 usque
880 3344 1000 3404 metam
1017 3333 1137 3419 Chekr,
1152 3334 1211 3402 sed
1226 3335 1305 3402 inei·

169 3444 290 3532 pianda
306 3465 327 3511 a
341 3443 438 3510 fluuio
453 3443 560 3530 Nytra
576 3445 738 3530 usquead
755 3459 874 3514 metam
890 3444 1001 3512 Cheke
1017 3451 1190 3529 separatur
1214 3448 1304 3510 terra

171 3553 310 3620 Comitis
325 3551 423 3618 Pauli
440 3551 567 3620 stertis
584 3552 708 3635 Sanan,
728 3555 839 3636 ibique
849 3551 882 3619 in
900 3573 1014 3638 oampo
1031 3549 1175 3618 declinat
1190 3569 1305 3618 uersus

169 3659 447 3748 septemtrionem,
464 3667 496 3726 et
512 3658 605 3727 uadit
621 3661 654 3728 in
669 3660 846 3728 montirulo
862 3659 961 3728 beroh
979 3669 1094 3728 uooato
1112 3657 1246 3726 ueniens
1261 3657 1304 3724 ed

170 3775 292 3836 metam
312 3768 515 3854 angularem,
531 3787 594 3852 que
616 3773 752 3853 reparat
767 3776 886 3834 terram
903 3767 1018 3834 Suram
1035 3787 1055 3833 a
1071 3773 1160 3833 terra
1177 3764 1305 3845 Cheua;

169 3874 333 3942 etiterum
351 3874 497 3961 prooedit
512 3893 624 3942 uersus
640 3873 798 3942 orientem
816 3874 849 3939 in
867 3893 992 3958 eampo,
1011 3873 1171 3940 etsuntin
1182 3892 1300 3956 eampo

168 3981 308 4068 quinque
339 3987 424 4050 mete
454 3981 502 4048 ita
531 3981 629 4068 louge
658 3985 701 4048 ab
716 3981 867 4064 iuuioem,
885 3981 971 4066 quod
987 4001 1053 4048 una
1069 3981 1114 4047 ad
1129 3979 1230 4047 aliam
1247 3979 1306 4047 uix

169 4090 277 4157 uideri
293 4095 419 4176 potest3
441 4094 574 4176 postera
599 4091 699 4156 intrat
730 4096 850 4156 terram
883 4088 1049 4170 arabilem,
1067 4087 1100 4153 in
1132 4109 1199 4172 qua
1228 4096 1306 4153 sunt

171 4198 316 4281 quinque
346 4202 431 4264 mete
463 4195 615 4264 distincte
648 4199 689 4262 ab
721 4197 872 4280 iuuioem,
902 4193 988 4280 quod
1009 4198 1050 4263 de
1067 4195 1190 4262 unsad
1206 4193 1304 4261 aliam

169 4303 303 4370 uidetur
318 4303 409 4370 iuxta
424 4310 542 4370 terram
563 4301 744 4388 Feuldkuu,
775 4323 838 4386 qua
869 4320 1034 4388 nunquam
1066 4307 1197 4384 aratur3
1228 4301 1306 4367 iude

171 4411 290 4478 iterum
322 4411 415 4479 iuxta
430 4431 583 4496 magnam
600 4413 689 4479 uiam
707 4419 758 4480 est
773 4417 871 4497 meta,
889 4419 921 4478 et
937 4409 1135 4476 transeundo
1150 4429 1303 4495 maguam

170 4521 261 4588 riam
277 4519 374 4588 radit
389 4519 525 4587 inferius
541 4517 575 4586 in
591 4527 681 4588 terra
697 4519 793 4586 arbili
809 4519 842 4585 in
859 4519 915 4585 ria
933 4517 1048 4585 erbosa
1063 4516 1157 4584 iuxta
1188 4517 1303 4584 uillam
