3148 5164
639 333 800 428 Eli..

149 530 271 594 Datum
304 529 406 592 tercio
442 527 493 594 die
525 535 713 592 octonarum
746 524 862 592 Sancti
894 524 1063 592 Michaelis
1097 523 1286 608 archangeli

145 655 238 702 auno
255 632 377 700 ΜῦΟΟο
394 633 604 718 nonagesimo
622 639 724 700 sexto.

147 830 638 893 (HLEndrekirdlyuak1298·ki
664 828 950 892 adomanyteveleool,
982 830 1055 878 mint
1083 829 1195 878 fentebb
1225 831 1286 878 468.

630 919 708 968 szaim
727 920 816 979 alatt.)

147 1939 174 1993 A
186 1931 281 2016 pecti
296 1929 524 2016 kdptalurraak
555 1927 832 2012 bizooyadgleuele,
859 1929 940 2013 dogy
965 1926 1069 2014 (syort
1094 1934 1280 2018 nemzetadq-

143 2035 212 2101 deli
227 2035 366 2100 Korrrdd
383 2057 483 2102 cornea
498 2055 690 2121 uppaoozou
717 2032 950 2120 manactadpbelr'
975 2035 1089 2102 latoria
1119 2040 1278 2105 romanet

148 2141 333 2228 Gyae-moth
348 2141 502 2227 delyadget
526 2141 673 2220 eladodo,
706 2160 743 2203 aa
768 2161 837 2204 erre
861 2141 1034 2207 oooatleozd
1063 2142 1277 2228 olcmduyoltut

594 2247 719 2313 diaulia.
744 2245 841 2315 1296.

255 2444 323 2511 Nos
355 2441 539 2528 Capitulum
570 2439 918 2524 Quinqueseolesiense
943 2443 1097 2512 memorie
1112 2465 1276 2515 eommeu-

145 2551 276 2638 damus,
294 2548 381 2634 quod
405 2547 521 2616 nobilis
552 2547 601 2614 vir
629 2547 787 2633 Magister
818 2547 994 2616 (lorraldm
1025 2549 1112 2620 filius
1146 2554 1279 2624 Comitis

145 2658 309 2745 Stephani
340 2653 381 2723 de
409 2675 507 2739 gnere
545 2653 647 2740 Jeury
677 2654 891 2739 personaliter
921 2655 956 2722 iu
973 2659 1074 2725 nostri
1106 2664 1277 2746 presenoia

145 2759 366 2852 eompareudo
382 2761 547 2846 quandam
564 2767 685 2827 terram
701 2781 804 2848 suam,
821 2781 879 2830 seu
904 2763 1069 2846 quandam
1100 2771 1279 2851 possessio.

148 2891 223 2938 uem
254 2891 346 2940 suam
376 2869 529 2936 Yormoth
559 2873 711 2936 uocatam
743 2868 777 2934 in
794 2867 958 2936 comitatu
977 2869 1176 2955 Symigieusi
1192 2878 1278 2944 exis-

143 2984 278 3068 tentem,
307 2976 465 3062 Magistro
503 2977 587 3044 Dera
619 2975 684 3042 filio
723 2977 828 3042 Deers
858 2973 900 3042 de
932 2993 1049 3060 genere
1078 2976 1180 3066 Jeury
1219 3003 1277 3069 pro

128 3069 276 3154 'eentum
308 3083 425 3152 mareis
455 3081 639 3151 veedieioui
682 3079 881 3170 exponendo,
913 3089 1009 3167 prout
1040 3084 1074 3151 iu
1106 3087 1276 3174 priuilegio

146 3199 256 3261 nostro
273 3191 393 3259 exinde
409 3189 556 3259 eonfeeto
581 3189 711 3274 plenius
742 3186 933 3274 continetur,
966 3189 1029 3257 ista
1059 3191 1277 3264 iustrumenta

145 3318 210 3368 aua
239 3318 298 3367 seu
328 3297 511 3384 priuilegia,
543 3295 696 3364 videlieet
726 3294 876 3380 eouleota
917 3317 1015 3384 super
1045 3298 1158 3370 eadem
1191 3309 1279 3371 tarra

144 3405 314 3487 Yormoth,
339 3424 439 3472 uuum
456 3423 516 3489 par
532 3401 659 3472 scilieet
675 3403 762 3471 clare
793 3403 946 3471 memorie
979 3404 1101 3472 domini
1131 3407 1277 3478 Ladiulai

145 3511 257 3596 Regis,
289 3510 379 3578 aliud
409 3530 471 3596 par
500 3529 577 3576 vero
610 3509 753 3597 Capituli
784 3511 937 3579 Albensis
969 3512 1123 3599 Euelesie,
1140 3515 1278 3584 tereium

145 3638 209 3702 par
240 3617 425 3686 Casuentus
464 3617 650 3700 Mouasterij
693 3615 919 3686 Waradieusis
955 3638 1018 3704 que
1048 3619 1111 3687 ista
1142 3619 1275 3691 luerunt

144 3725 251 3812 primo
275 3723 442 3808 eouleota;
467 3725 544 3790 item
561 3728 712 3808 quartum
728 3743 788 3810 par
805 3723 972 3813 priuilegij
991 3725 1121 3793 domiue
1137 3729 1276 3798 Duoisse

140 3831 251 3899 toeius
267 3829 450 3915 Solanonie,
467 3837 499 3898 et
514 3829 659 3914 quintum
675 3849 736 3913 par
753 3829 886 3898 Comitis
903 3829 1013 3898 Oohuz
1028 3831 1154 3900 Judiois
1180 3835 1277 3904 curia

142 3936 303 4022 eiusdem,
335 3937 405 4022 ipse
435 3936 596 4019 Magister
629 3934 802 4004 Oorraldus
818 3936 908 4004 dedit
924 3944 956 4006 et
970 3936 1114 4006 reddidit
1130 3940 1276 4027 predicto

144 4043 305 4128 Magistro
320 4042 422 4110 Deers
436 4063 544 4110 eoram
569 4043 672 4110 uobis.
698 4043 740 4108 Et
769 4043 846 4126 quia
877 4047 919 4112 ab
952 4045 1040 4112 omui
1070 4047 1276 4132 impetioioue

145 4151 280 4218 raeioue
311 4149 408 4217 huius
439 4157 525 4217 terra
555 4149 713 4216 Yormoth
746 4149 884 4217 eundem
914 4151 1107 4235 Magistrum
1124 4155 1225 4222 Deers
1242 4164 1275 4223 et

139 4278 221 4326 suos
252 4256 389 4326 heredes
419 4258 614 4324 tenebuntur
656 4257 829 4343 expedire;
854 4278 912 4344 pro
945 4278 983 4325 eo
1015 4257 1087 4344 ipse
1117 4260 1277 4345 Magister

143 4367 249 4432 Deera
278 4363 339 4432 hee
369 4363 482 4431 eadem
499 4363 675 4449 priuilegia
712 4363 862 4434 exhibere
879 4371 909 4432 et
929 4371 1126 4450 presentare,
1144 4368 1276 4450 quando

141 4491 274 4558 eumque
289 4490 371 4557 opus
387 4469 495 4559 fuerit,
514 4490 573 4556 pro
604 4470 720 4539 eodem
750 4471 906 4558 Magistro
938 4471 1093 4540 Corraldo
1125 4473 1275 4562 debebit;

141 4585 241 4666 prout
271 4579 376 4646 eeiam
408 4579 443 4645 iu
458 4577 602 4664 prediolo
629 4577 804 4664 priuilegio
821 4584 931 4647 nostro
948 4580 1138 4650 continetur.
1154 4583 1277 4650 Datum
