3170 5166
651 379 812 485 hoso-

165 577 208 653 tis
222 577 430 652 Presenoiam
442 585 590 653 traxerat
605 577 639 650 in
655 599 788 652 osseam
804 580 866 650 eth.
884 573 915 670 (s
930 575 1093 650 tdbhsedri
1108 575 1294 668 perbalesn·

163 695 218 762 ses
233 695 323 781 utin,
339 689 453 761 annak
470 691 611 760 resntrtl
626 688 808 774 eldadutih)
825 687 911 775 quod
926 689 1003 776 ipsa
1027 687 1170 778 domins,
1197 696 1294 776 prout

164 799 316 870 audisset
331 807 364 868 et
379 799 604 884 intellexisset,
621 797 766 888 hospites
782 798 823 865 de
838 799 970 884 Soynns
985 796 1164 884 supradioti
1174 798 1216 866 de
1225 800 1295 867 suis

162 907 270 978 vineis
285 909 319 977 in
335 908 496 978 territorio
511 908 731 997 possessionis
746 907 849 994 ipsius
881 906 1012 975 domine
1035 906 1293 994 Kuaepnemitry

163 1022 351 1103 nuneepste
365 1013 503 1102 situatis,
518 1035 580 1102 que
595 1013 724 1101 quidem
740 1015 906 1102 possessio
922 1013 963 1082 de
973 1033 1038 1081 aua
1047 1013 1151 1100 ipsius
1161 1013 1293 1082 domine

162 1123 227 1194 sibi
242 1124 357 1193 luisset
372 1123 536 1210 desolata,
547 1123 605 1210 jus
620 1124 753 1193 uaoione
768 1121 938 1194 vinearum
954 1123 1172 1211 predioterum
1184 1123 1291 1192 eidem

161 1231 294 1301 domine
309 1231 518 1323 prousuiens,
532 1237 570 1302 ut
585 1234 785 1302 consuetudo
800 1231 932 1300 illarum
948 1231 1092 1319 parcium
1102 1230 1291 1317 haberetur,

162 1345 195 1406 et
211 1339 296 1409 elias
312 1340 360 1408 ibi
376 1347 463 1408 esset
479 1347 668 1410 eonsuetum
684 1340 858 1424 sunnine,
888 1345 1038 1423 utusque
1063 1338 1160 1408 modo
1185 1340 1291 1414 eidem

160 1445 293 1516 domine
307 1447 553 1538 permisissent,
584 1449 663 1520 dere
678 1453 885 1534 recusarent;
910 1447 1013 1516 vellet
1043 1447 1126 1515 seire
1156 1447 1292 1517 domina

161 1553 340 1636 antediem,
357 1543 437 1642 quid
454 1555 650 1625 intensionis
666 1541 745 1624 dieti
761 1555 905 1641 hospites
922 1555 1088 1638 haberent,
1104 1562 1135 1624 et
1146 1555 1174 1623 si
1191 1576 1292 1642 super

160 1660 223 1730 hoe
238 1663 362 1731 vellent
377 1665 539 1733 eontraire
554 1666 619 1732 stb.
635 1662 706 1742 Quo
722 1664 854 1732 audioto
869 1662 1026 1732 Niooluus
1046 1662 1133 1732 tilius
1148 1665 1238 1731 Petri
1249 1663 1291 1733 ds

161 1769 277 1839 eedem
293 1772 404 1858 Soyns
418 1773 480 1841 sth.
496 1756 554 1858 pro
571 1772 694 1841 eisdem
710 1771 818 1841 viliieo
833 1777 865 1840 et
881 1771 1063 1859 hospitibus
1079 1771 1239 1841 uniuersis
1255 1772 1290 1841 in

160 1879 358 1946 eontrarium
374 1879 602 1966 premissorum
618 1879 789 1966 respondit
804 1899 843 1948 eo
859 1880 966 1962 modo,
982 1879 1070 1965 quod
1085 1877 1161 1947 dieti
1178 1878 1289 1967 hospi·

158 1993 210 2054 tes
225 1982 267 2052 de
283 1985 393 2074 Soyna
409 1987 501 2054 iuxta
516 1985 747 2054 litteratoriam
763 1987 906 2072 ipsorum
922 1985 1105 2053 libertatem
1121 1985 1162 2054 de
1172 2007 1288 2073 preno-

159 2093 240 2162 tatis
256 2092 360 2162 vineis
376 2093 519 2180 ipsorum
535 2093 570 2160 in
586 2093 747 2162 territorio
777 2092 993 2180 possessionis
1023 2093 1127 2180 ipsius
1158 2093 1289 2166 domine

158 2201 294 2294 Nemity
318 2212 434 2272 vocate
464 2203 584 2273 habitis
615 2211 648 2270 et
678 2203 858 2289 habendis3
882 2199 1037 2271 videlieet
1067 2203 1108 2272 de
1138 2205 1286 2289 qnalibet

159 2311 259 2382 uinea
274 2311 406 2379 nonnisi
422 2311 565 2380 medium
581 2310 750 2396 fertonem,
783 2309 865 2378 dues
880 2315 982 2378 tortas
999 2317 1146 2378 etenum
1163 2313 1287 2400 pullum

157 2420 240 2488 dare
255 2425 288 2486 et
303 2421 490 2508 persoluere
506 2425 712 2504 tenerentur;
738 2418 796 2488 sed
812 2418 887 2508 ipsa
903 2419 1035 2487 domina
1050 2425 1163 2492 eontra
1179 2421 1288 2490 huius-

158 2527 248 2596 modi
263 2527 411 2614 ipsorum
426 2527 608 2597 libertatem
623 2527 788 2611 aliquibus
811 2528 909 2594 snnis
934 2529 1112 2597 transaotis
1144 2528 1289 2598 debitum

158 2635 305 2722 ipsarum
320 2636 488 2705 ursarum
504 2657 576 2704 eum
592 2635 669 2704 vino
686 2637 878 2704 extorsisset
891 2635 926 2704 in
942 2637 1066 2721 mendo
1090 2637 1170 2705 iuris
1202 2639 1287 2724 ipso·

158 2764 230 2813 rum
247 2743 456 2830 derogamen.
480 2741 657 2812 stipitem
674 2744 799 2812 litteras
826 2743 1012 2813 Gonuentns
1037 2745 1080 2812 de
1109 2746 1222 2814 Jazow
1252 2745 1286 2812 in

156 2851 333 2934 quindenis
349 2851 423 2920 testi
438 2849 697 2940 Epiphanlarum
712 2849 847 2920 Domini
872 2871 959 2919 anno
991 2853 1136 2920 eiusdem
1166 2853 1287 2920 ΜοθΟ0

155 2961 371 3045 nonagesimo
385 2979 470 3028 nono
485 2966 631 3047 petenter
647 2958 810 3028 contentas
826 2963 1053 3046 presentasset,
1086 2959 1119 3026 in
1148 2979 1287 3044 quarum
1387 3025 1390 3032 r

156 3070 244 3138 serie
259 3071 323 3137 stb.
339 3068 498 3153 Magister
513 3067 655 3137 hliehael
670 3069 792 3138 nobilis
808 3067 850 3136 de
864 3065 993 3152 Nemity
1024 3069 1068 3134 ab
1100 3089 1174 3148 vus,
1207 3069 1304 3136 item.

156 3175 246 3244 eines
261 3195 319 3244 seu
334 3174 478 3264 hospites
493 3177 536 3244 de
550 3179 660 3264 Seyna
675 3183 768 3264 perte
783 3178 826 3244 sb
841 3175 948 3244 altera
961 3195 1071 3243 soram
1096 3176 1168 3262 ipso
1200 3171 1284 3244 (ion-

156 3289 258 3351 uentu
273 3285 449 3372 constituti,
465 3305 524 3371 per
539 3281 676 3352 eundem
693 3283 886 3369 Magistrum
916 3281 1109 3351 htiohaelem
1139 3285 1286 3372 proposi-

156 3397 224 3458 tnm
241 3391 419 3480 extetisset,
451 3391 538 3478 quod
554 3393 626 3478 ipse
641 3391 764 3460 dietum
780 3391 1016 3478 possessionem
1030 3411 1124 3460 susm
1139 3392 1284 3460 vtilitsti-

153 3499 217 3567 bus
233 3501 347 3568 uolens
364 3500 535 3589 adornare,
550 3499 675 3568 eisdem
691 3497 873 3585 hospitibus
889 3499 930 3566 de
945 3499 1056 3587 Seyna
1072 3505 1104 3566 et
1129 3499 1284 3586 quibusli-

153 3605 213 3674 bet
227 3605 306 3693 aliJs
322 3608 508 3676 homiuibus
532 3607 646 3676 vineas
671 3607 705 3674 in
736 3607 900 3676 montibus
930 3607 1147 3693 possessionis
1181 3609 1284 3695 ipsius

150 3713 288 3804 Nemity
303 3715 456 3802 plantare
482 3721 515 3783 et
538 3735 716 3803 preparare
745 3715 941 3802 volentibus,
972 3715 1109 3782 liberam
1139 3714 1283 3786 dedisset

150 3821 353 3910 iseultatem,
369 3829 403 3891 et
417 3821 544 3890 reditus
560 3840 618 3890 seu
636 3821 778 3891 deeimas
795 3823 939 3908 ipsarum
964 3823 1133 3890 vinearum
1160 3842 1200 3890 ex
1230 3825 1282 3892 sui

151 3935 185 3996 et
199 3949 331 3998 suorum
357 3947 580 3998 suceessorum
610 3939 703 4016 parte
733 3930 813 4016 ipsis
845 3937 1002 4016 perpetuo
1032 3931 1213 3998 relaxasset
1243 3951 1281 4000 eo

149 4037 258 4124 modo,
274 4039 359 4124 quod
374 4038 453 4106 dieti
468 4037 614 4124 hospites
630 4045 663 4105 et
679 4037 784 4124 quinis
800 4039 857 4124 alij
877 4037 1021 4106 homines
1036 4037 1151 4106 vineas
1167 4038 1201 4104 in
1218 4043 1282 4104 ter·
1409 4031 1410 4035 ’

147 4144 266 4212 ritorio
282 4145 387 4232 ipsius
403 4145 622 4232 possessionis
647 4145 780 4233 Nemity
810 4153 1027 4233 preparantes
1059 4153 1091 4213 et
1122 4145 1281 4214 hahentes

145 4252 236 4319 omni
253 4261 431 4320 aunuente
448 4251 641 4321 vindemiam
659 4253 700 4322 de
716 4253 855 4340 singulis
872 4253 940 4321 suis
969 4253 1075 4320 vineis
1100 4254 1279 4338 prenotatis

145 4357 289 4428 medium
304 4360 472 4446 fertonem,
504 4359 587 4429 duas
603 4367 707 4429 tortas
723 4365 757 4428 et
772 4381 869 4429 vnum
886 4359 1013 4448 pullum
1029 4358 1108 4428 dare
1133 4366 1278 4430 teneren-

145 4473 218 4555 tur3
242 4487 338 4552 quem
355 4488 487 4537 oensum
504 4468 582 4536 dieti
598 4469 745 4556 hospites
760 4467 938 4537 ministerio
953 4468 1028 4536 vine
1051 4468 1141 4536 noeis
1165 4470 1276 4556 singn-

141 4574 192 4643 iis
207 4573 307 4643 annis
322 4575 428 4644 eidem
444 4575 602 4662 Magistro
617 4577 771 4644 hliohseli
788 4576 867 4643 dare
883 4581 916 4644 et
931 4575 1056 4643 soluere
1086 4578 1279 4664 assumpsis-

142 4685 229 4753 sent
253 4681 445 4772 obligantes
461 4705 497 4757 se
514 4689 547 4754 et
562 4705 638 4756 suos
653 4703 858 4756 suecessores
875 4684 969 4756 ambe
984 4689 1105 4775 partes,
1128 4684 1216 4776 quod
1240 4687 1270 4758 si
