3148 5146
777 371 936 468 ..m

283 571 385 640 oioue
400 569 515 655 prima,
530 566 634 653 Regni
650 572 760 636 autem
775 565 881 634 nostri
896 582 983 630 auno
1000 563 1114 648 primo.
1148 563 1296 632 Vacante
1312 564 1425 636 titolo-

283 678 344 746 ·sia
357 674 583 762 strigoniensi,
599 671 840 743 venerabilibus
856 671 1002 759 patribus
1019 669 1189 756 Stephano
1205 669 1381 742 (tolosensi
1391 679 1423 739 et

292 783 442 852 Jhoanne
457 780 642 870 spalatensi
658 779 937 866 Arohiepisoopis;
961 778 1137 866 humperto
1153 777 1319 867 agressi,
1335 780 1422 849 Brio-
1563 855 1564 866 χ

290 893 341 960 oio
358 889 589 978 chanadieusi,
619 889 681 957 Job
698 885 1053 972 Quinqueeoolssieusi,
1085 883 1238 972 Philippo
1269 886 1421 955 Vaoieusi

291 1005 325 1068 et
340 996 467 1066 Oomite
482 993 733 1083 Naagradieusi,
764 995 870 1064 Paulo
886 991 1135 1080 Wesprimiensi
1152 999 1186 1062 et
1201 993 1288 1061 Aule
1311 1001 1422 1062 nostre

290 1105 504 1190 Consultatio,
531 1103 711 1192 'Pymotheo
728 1100 951 1188 Zagrabieusi,
981 1097 1179 1170 Lodomerio
1199 1099 1421 1190 waradiensi,

290 1211 452 1300 Dyonisio
467 1209 674 1299 (Jauri)eusi,
706 1217 739 1279 et
754 1209 849 1277 Petro
865 1207 1096 1294 'Irausyluauo
1113 1209 1286 1295 Epismpis
1310 1209 1421 1280 Eoole

290 1320 359 1388 sias
373 1321 436 1386 Dei
451 1319 588 1391 feliciter
612 1319 877 1404 gubernantibus.
902 1315 1050 1384 Rolaudo
1081 1315 1247 1404 Palatino,
1281 1319 1419 1390 Herrioo

289 1428 382 1494 Banu
397 1428 499 1496 tooius
514 1425 699 1513 Solanonio,
716 1425 855 1492 Nioolao
866 1421 1040 1512 Wayuoda
1049 1423 1279 1512 Trausyluauo
1292 1422 1419 1496 Gemite

288 1534 331 1601 de
345 1534 488 1622 Zouuoh,
504 1533 621 1618 Egidio
635 1533 724 1602 Bauo
742 1532 783 1600 de
799 1530 937 1600 Maohou
953 1537 985 1600 et
1002 1531 1043 1598 de
1058 1531 1180 1614 Bonna,
1200 1531 1308 1601 Paulo
1327 1537 1419 1604 Bauo

289 1641 330 1708 de
347 1641 495 1728 Zeuriuo,
526 1641 685 1708 Joaehiuo
701 1639 856 1724 Magistro
872 1639 1129 1710 Teuamieorum
1162 1639 1287 1710 Gomits
1320 1642 1418 1712 Poso-

289 1747 395 1816 uiausi
410 1755 443 1816 et
458 1747 498 1815 de
523 1748 610 1835 Plys,
641 1747 810 1835 Reynoldo
836 1749 995 1836 Magistro
1027 1749 1256 1835 Dapiferorum
1288 1750 1413 1818 Gemite

288 1855 571 1942 Zulgogeuriensi‚
585 1854 708 1942 Vgriuo
724 1855 883 1941 Magistro
900 1857 1100 1944 Agasouum,
1117 1857 1301 1926 Laureuoio
1312 1857 1421 1942 Magi·

289 1971 357 2032 stro
372 1965 602 2032 Piuoernarum
618 1971 801 2032 nostrorum
817 1965 943 2032 comite
960 1964 1002 2031 de
1017 1963 1118 2031 Kewe
1134 1971 1166 2030 at
1182 1965 1223 2031 de
1248 1966 1417 2050 Kerasou,

289 2071 383 2157 Moys
394 2069 519 2138 Gemite
531 2071 741 2158 symigiensi,
752 2071 1034 2140 Johaunecomite
1044 2071 1270 2160 Snprunionsi,
1287 2071 1417 2143 Dedalo

290 2178 413 2246 Gemite
429 2177 631 2266 Zaladieusi‚
663 2175 822 2263 Gregorio
839 2179 964 2248 comite
989 2179 1095 2248 Oastri
1120 2180 1241 2266 Ferret,
1279 2180 1419 2268 alijsque

291 2303 387 2368 quom
403 2286 551 2369 pluribus
568 2285 746 2354 Comitatus
763 2287 869 2372 Regni
885 2286 1072 2356 tenentibus
1089 2293 1122 2354 et
1137 2287 1286 2356 honores.

288 2479 406 2550 (Hubert
423 2484 532 2550 Ktroly
551 2485 701 2550 kirtlynak
724 2489 799 2536 1335.
821 2488 889 2538 2111.
908 2497 997 2538 nonar
1018 2485 1182 2552 Februarijc
1203 2486 1262 2538 kalt
1293 2493 1421 2551 megene-

290 2573 346 2624 sito
378 2574 635 2640 privilegiumrtbot
665 2590 682 2625 a
702 2588 757 2626 nm.
778 2576 897 2641 herozeg
916 2576 1070 2640 Batthytni
1090 2576 1185 2626 osaltd
1205 2575 1422 2642 levelttrstbau.)

720 2863 984 2876 ...ψ-ι..-

818 3393 869 3460 76.

287 3585 352 3650 IV.
367 3587 483 3652 Ldszlo
498 3587 675 3676 iirnr'lyoak
692 3587 775 3670 Gan,
794 3591 935 3672 Poooha,
952 3589 1076 3655 Botour
1092 3595 1124 3658 6⁸
1141 3593 1248 3680 Meyer
1265 3591 1425 3678 helyae'qe·

370 3695 422 3759 ket
437 3697 596 3783 tdryyazo
613 3697 797 3782 adoordogo
813 3699 918 3764 Dones
934 3703 1205 3766 comessationum.
1234 3697 1336 3766 1273.

396 3889 556 3954 (Thalosios,
575 3891 697 3944 Monam.
717 3891 785 3944 hist.
804 3893 897 3958 Episo.
916 3893 1033 3960 Zagrab.
1052 3895 1073 3945 1.
1104 3895 1163 3946 kot.
1185 3899 1244 3949 166.
1263 3896 1294 3960 t.)
