3170 5166
754 1081 829 1152 528.

226 1279 362 1373 Rofojo
376 1278 710 1388 &aaukfdbeojdrd
724 1282 827 1349 ite'lete
851 1283 975 1372 Lriezld,
1007 1280 1183 1355 Clodoolou
1206 1286 1352 1378 anokdp‘a
1395 1302 1399 1310 '

620 1390 707 1460 clleo
732 1388 967 1460 1290-1301.

333 1626 402 1693 Nos
432 1622 587 1692 Nieolaus
618 1623 724 1710 Regni
755 1623 924 1712 Hungarie
938 1625 1106 1696 Palatinus
1122 1629 1155 1694 et
1169 1624 1277 1696 Judex
1292 1627 1352 1698 Co·

225 1751 395 1800 manorum
410 1732 473 1800 stb.
491 1731 577 1816 quod
593 1731 701 1800 Dauid
717 1732 801 1800 filius
825 1731 986 1841 Samuelis
1015 1733 1073 1820 filij
1105 1732 1265 1802 Jolrannis
1293 1733 1351 1821 lilij

226 1839 410 1912 chauanka
442 1840 494 1908 stb
511 1841 545 1907 iu
561 1839 734 1924 quindenis
749 1839 824 1908 sesti
841 1840 989 1909 Omnium
1006 1841 1199 1910 Sanctorum
1216 1841 1251 1910 in
1266 1862 1353 1912 anuo

228 1947 361 2016 Domini
375 1945 522 2016 Μῠῦῦὒο
532 1945 779 2032 quadragesimo
790 1955 904 2034 quarto
914 1948 1078 2035 preteritis
1089 1949 1133 2016 ad
1144 1948 1246 2018 nostri
1262 1949 1283 2018 J
1286 1948 1353 2016 udi·

227 2057 269 2144 oij
287 2075 426 2123 examen
441 2053 657 2140 personaliter
681 2053 868 2122 aoee'dendo
884 2061 998 2123 eontra
1014 2056 1118 2124 virum
1144 2055 1353 2141 lingnifioum

225 2163 386 2233 'l'lromam
402 2160 567 2246 quondam
583 2161 786 2249 Woyuodam
812 2163 1064 2234 Transiluanum
1082 2169 1116 2232 et
1131 2164 1286 2236 Comitem
1311 2163 1353 2232 de

227 2269 344 2342 zonas
374 2276 586 2356 proposuerat
617 2288 656 2336 eo
673 2268 780 2353 modo,
798 2269 883 2353 quod
898 2289 971 2338 oum
985 2270 1056 2358 ipse
1072 2277 1206 2357 aooepto
1222 2269 1355 2340 homine

227 2385 351 2466 nostro,
375 2383 525 2463 presente
564 2375 749 2445 testimonio
790 2376 988 2446 honorabilis
1028 2377 1169 2464 Capituli
1210 2377 1357 2446 Eoolerie

224 2477 409 2572 agriensis,
424 2483 506 2556 teria
521 2489 616 2551 sexta
631 2483 778 2570 proxima
794 2490 867 2570 post
883 2484 1000 2552 festum
1017 2485 1188 2553 Beatorum
1204 2483 1357 2572 Symonis

227 2599 261 2661 et
276 2591 360 2661 Jude
374 2591 598 2678 Apostolorum
616 2596 693 2658 tune
718 2590 907 2677 preteritum
938 2591 982 2660 ad
1012 2593 1130 2662 faeiem
1154 2591 1357 2680 quarundam

228 2699 558 2787 possessionariarum
605 2697 792 2784 poroionnm
840 2719 972 2768 suarum
1018 2699 1052 2767 in
1094 2699 1356 2786 possessionibus

229 2808 423 2894 Gyungyus,
439 2807 538 2894 Bene,
553 2805 667 2894 Halae,
684 2805 807 2894 Sadan,
823 2802 936 2874 Jenew
967 2813 1000 2874 et
1029 2805 1121 2874 Arois
1152 2809 1276 2874 voeatis
1306 2807 1357 2892 ip·

230 2935 302 2984 sum
319 2912 578 3002 contingendum
595 2911 792 2999 accedendo,
809 2913 1002 2998 easdemque
1017 2935 1077 3000 per
1100 2933 1198 2982 ueras
1212 2921 1244 2982 et
1273 2917 1356 2986 anti·

229 3041 313 3106 quas
327 3041 404 3091 suas
434 3027 536 3090 metas
567 3019 801 3088 reambulando
831 3019 894 3089 sibi
911 3021 1011 3090 statui
1032 3021 1142 3089 faeere
1158 3022 1289 3096 nomine
1304 3025 1355 3094 sui

224 3129 310 3214 juris
325 3127 501 3214 uoluisset;
526 3127 690 3216 predictus
720 3129 864 3196 Thomas
894 3127 1058 3215 quondam
1089 3129 1263 3216 Wayuoda
1292 3131 1355 3201 stb.

230 3234 490 3324 (ellenmondott,
520 3256 536 3304 s
567 3234 693 3304 kesobb
735 3234 1006 3304 ellenmonsaunlr
1046 3235 1218 3322 igaaolasa
1247 3239 1356 3326 vegett

90 3355 93 3360 ’
227 3346 256 3412 1.
273 3343 398 3432 Karoly
413 3341 594 3430 kirtlyoak
613 3344 709 3410 1327.
734 3341 793 3410 Ill.
810 3341 971 3410 kalendas
986 3341 1065 3429 Julij
1084 3341 1156 3411 kelt
1179 3343 1356 3435 adomtny·

228 3447 349 3519 leueltt
364 3453 503 3516 mutatta
518 3449 577 3536 sel)
594 3448 689 3534 praui
706 3455 808 3533 aetus,
833 3447 945 3518 illioite
961 3449 1215 3535 commissiones,
1240 3461 1273 3522 et
1303 3475 1358 3523 ne·

228 3555 335 3644 pharij
353 3553 555 3627 infidelitatis
578 3573 751 3640 proeessus
767 3555 929 3624 Samuelis
946 3557 1006 3644 filij
1024 3557 1183 3627 lobannis
1198 3559 1258 3645 filij
1276 3557 1359 3627 Cha·

228 3661 351 3750 banka,
368 3668 400 3730 et
416 3661 524 3729 Dauid
550 3661 661 3730 fratris
694 3662 849 3745 eiusdem,
880 3663 1070 3752 infidelium,
1100 3667 1160 3734 stb.
1194 3664 1358 3755 (alapjanl

227 3771 270 3836 Iit
284 3767 493 3839 mediatorum
512 3769 702 3854 infidelium,
717 3771 887 3858 presertim
903 3771 1068 3856 qnondam
1083 3771 1232 3841 Ladislai
1247 3773 1359 3842 fratris

227 3876 412 3959 eorundem,
444 3879 583 3964 posteris
600 3885 632 3946 et
647 3878 822 3949 heredibus
847 3899 999 3965 proeesse
1017 3885 1198 3966 temporum
1213 3881 1357 3950 scintilla

226 3987 283 4054 vel
298 3985 437 4054 alieuius
452 3984 644 4054 palliditatis
660 3985 756 4054 dolus
772 3985 985 4055 resusoitandi
1003 3987 1092 4054 litem
1108 3989 1161 4056 vel
1189 3989 1356 4056 materiam

227 4092 408 4178 questionis
418 4099 556 4181 pateret,
571 4115 630 4162 seu
647 4111 849 4164 suoeessores
865 4101 1016 4182 pretextu
1033 4097 1272 4182 possessionum
1289 4117 1360 4184 pre·

227 4200 390 4287 diterum3
414 4221 579 4289 supereo,
610 4199 697 4287 quod
727 4203 867 4287 primum
899 4209 1045 4288 tempore
1076 4202 1199 4271 domini
1219 4204 1359 4301 =Andree

227 4307 327 4392 Regis
359 4308 474 4376 habito
504 4329 658 4396 processu
670 4307 849 4394 judiciario
864 4329 923 4395 per
938 4311 1099 4400 Ropheyu
1114 4311 1238 4379 Bonum
1254 4313 1357 4380 lilium

227 4414 357 4484 Nieolai
373 4415 548 4485 diffinitina
564 4425 596 4485 et
617 4415 751 4504 capitali
783 4417 951 4485 sentencia
981 4418 1043 4487 stb.
1074 4419 1221 4502 legitime
1251 4419 1358 4488 iuerat

227 4543 415 4608 prooessum
444 4526 506 4594 slb.
538 4525 658 4592 Datum
674 4523 764 4592 Bnde
781 4524 937 4610 vigesimo
954 4524 1009 4594 die
1027 4525 1262 4610 quindenarum
1278 4527 1358 4594 resi·

226 4629 341 4702 deneie
370 4631 507 4722 Regalis
536 4632 697 4704 exereitus
729 4633 946 4725 predictarum
979 4633 1015 4724 (t.
1046 4633 1067 4707 i.
1098 4632 1355 4725 Epiphaniarum
