3068 5150
815 901 890 972 300.

285 1108 346 1175 IV.
362 1106 477 1172 Medo
500 1105 683 1192 kirdlyaok
704 1124 871 1190 percaeca
901 1125 942 1169 aa
971 1103 1158 1188 catapano·
1187 1102 1417 1188 topmtaatoz,

284 1220 366 1302 bopp
382 1215 498 1300 Ponpt
513 1220 595 1278 aava
611 1211 717 1279 birtolc
735 1212 841 1298 Fotop
856 1211 1026 1278 meeteroeio
1050 1211 1290 1278 atotadltusmie
1317 1209 1416 1278 1282.

393 1407 570 1477 Ledizlaus
585 1407 648 1476 Dei
664 1409 779 1492 gracie
793 1408 864 1474 Rex
880 1405 1050 1492 Hungarie
1066 1405 1216 1474 fidelibus
1232 1405 1303 1474 suis
1321 1405 1417 1491 Cepi-

286 1518 355 1585 tnlo
382 1516 600 1600 strigoniensi
632 1516 770 1586 salutem
803 1523 836 1584 et
866 1514 1020 1600 graciam.
1060 1513 1215 1600 Magister
1245 1511 1420 1602 Phiiippus

289 1626 374 1694 filius
389 1623 522 1694 Comitis
539 1623 664 1692 Thone
681 1622 723 1692 de
737 1623 868 1691 Turuch
885 1624 930 1692 ad
954 1631 1101 1692 nostram
1127 1621 1318 1690 accedendo
1349 1641 1420 1708 pre-

288 1733 443 1816 senciam,
461 1732 635 1820 quemdam
652 1740 773 1801 terram
788 1755 846 1803 seu
863 1733 993 1820 eyluam
1009 1739 1156 1801 nostram
1182 1730 1301 1818 Ponyk
1328 1751 1421 1799 voca·

289 1851 356 1913 tem
372 1843 407 1910 in
423 1842 585 1911 comitatu
600 1843 643 1910 de
659 1841 785 1911 Zolium
802 1842 896 1910 iuxta
910 1841 1045 1909 fluuium
1071 1842 1181 1908 Geron
1212 1839 1421 1926 existentem,

290 1972 355 2020 non
371 1950 542 2019 senecioni
558 1956 798 2038 congruentem,
829 1949 864 2016 in
880 1969 946 2034 qua
961 1969 1021 2017 neo
1046 1966 1132 2033 aque
1158 1954 1268 2017 essent
1300 1946 1424 2034 piscari

292 2067 378 2146 apte,
409 2078 547 2128 vacuam
565 2065 597 2126 et
611 2057 850 2126 habitatoribus
865 2055 1054 2126 destitutam
1070 2078 1092 2126 a
1106 2055 1201 2124 nobis
1230 2055 1334 2143 peciit
1361 2055 1424 2124 sibi

290 2166 372 2234 dari.
389 2167 508 2234 Verum
524 2166 602 2250 quia
618 2163 660 2233 de
676 2167 833 2252 qualitate
848 2172 882 2232 et
898 2163 1080 2250 quantitate
1097 2164 1242 2232 eiusdem
1257 2169 1350 2232 terre
1364 2184 1424 2231 seu

290 2275 384 2362 eylue
400 2273 496 2342 nobis
512 2271 703 2360 adplenum
721 2272 841 2340 veritas
865 2294 930 2341 non
957 2278 1094 2359 constet,
1125 2271 1278 2340 fidelitati
1313 2277 1424 2340 vestre

291 2380 502 2470 precipiendo
518 2379 721 2467 mandamus,
740 2387 898 2468 qnatenus
925 2381 1060 2449 mittatis
1087 2377 1249 2448 hominem
1274 2385 1424 2448 vestrum

291 2509 348 2576 pro
364 2487 549 2556 testimonio
565 2486 774 2575 fidedignun,
790 2507 901 2557 coram
927 2509 989 2575 quo
1013 2487 1170 2556 Hocheeh
1201 2489 1353 2555 centurio
1385 2485 1426 2554 de

292 2595 452 2682 superiori
468 2595 550 2662 villa
566 2595 734 2664 custodum
751 2597 919 2683 syluarum
934 2602 1116 2664 nostrarum
1133 2596 1174 2663 de
1189 2593 1316 2662 Zoliom
1328 2595 1425 2662 homo

294 2709 402 2772 noster
416 2703 499 2770 sciat
515 2709 548 2771 et
562 2703 705 2789 inquirat
720 2721 819 2788 super
835 2703 987 2788 predicte
1002 2701 1099 2789 sylus
1123 2721 1181 2769 seu
1204 2707 1294 2769 terra
1327 2702 1427 2770 omni·

292 2811 423 2879 modsm
439 2811 623 2899 veritatem,
656 2816 689 2878 et
706 2811 734 2879 ei
749 2812 856 2898 ipsam
874 2816 993 2878 terram
1009 2831 1067 2879 een
1083 2812 1210 2896 eyluam
1226 2829 1371 2877 vacuam
1395 2815 1427 2877 et

294 2918 569 2988 inhabitatoribus
586 2918 786 3008 destitutam,
801 2941 865 2987 non
882 2919 1063 3000 venationi,
1081 2939 1140 2988 nee
1157 2919 1340 3006 piscationi
1355 2940 1427 2986 con·

293 3031 460 3110 gruentem
491 3025 669 3109 inuenerit;
706 3030 823 3095 extunc
854 3027 1035 3095 reambulet
1065 3026 1204 3094 eandem
1237 3029 1428 3096 conuocatis

294 3133 441 3202 omnibus
457 3135 688 3202 commetaneis
707 3141 739 3202 et
753 3135 884 3224 vicinis,
916 3141 947 3202 et
972 3141 1096 3203 statuat
1127 3135 1231 3202 eidem
1263 3135 1428 3220 Magistro

294 3240 446 3326 Phiiippo
460 3261 532 3308 cum
548 3243 697 3311 omnibus
711 3243 905 3310 utilitatibus
920 3248 954 3312 et
969 3243 1180 3331 pertinenciis
1196 3242 1348 3328 suiejure
1357 3263 1428 3330 per-

296 3353 395 3432 petuo
411 3349 646 3436 possidendam
663 3351 691 3418 si
708 3373 771 3419 non
789 3351 889 3418 fuerit
904 3351 1148 3438 contradictum,
1170 3353 1430 3421 contradictores

295 3456 416 3524 verosi
433 3457 490 3541 qni
505 3457 626 3526 inerint
640 3459 684 3526 ed
700 3467 845 3527 nostram
862 3465 978 3528 euocet
1004 3463 1206 3548 presenciam
1238 3461 1282 3526 ad
1315 3463 1429 3529 termi-

295 3583 372 3630 num
388 3570 624 3651 competentem
641 3589 649 3652 ;
671 3575 745 3653 post
761 3568 823 3634 hec
839 3575 949 3635 autem
965 3567 1053 3636 diem
1069 3569 1240 3638 citecionis
1257 3575 1290 3635 et
1308 3566 1431 3656 '‘termi-

295 3692 382 3759 num,
408 3673 542 3740 nomina
572 3675 856 3760 contradictorum,
890 3695 1003 3744 cursus
1036 3683 1191 3745 metarum
1223 3677 1320 3745 simul
1354 3699 1430 3746 eum

294 3780 400 3847 tocius
415 3779 495 3848 sacti
511 3781 596 3849 serie
613 3783 707 3851 nobis
723 3783 863 3851 fideliter
879 3783 1076 3854 rescribatis.

331 3976 385 4040 (An
404 3981 570 4046 eantergemi
587 3980 781 4047 keptelannek
796 3981 994 4050 jelenttsbbtl,
1017 3985 1090 4038 mint
1108 3985 1191 4037 altbb
1211 3987 1271 4036 305.
1290 4001 1331 4041 ez.
1352 3991 1393 4054 a.)

727 4272 993 4284 ——--——--
