3112 5154
577 319 738 419 ffi-

117 521 181 580 mnt
193 533 212 580 a
226 521 363 600 tempore
378 513 514 581 alterius
531 532 657 598 guerre,
673 531 736 596 qne
753 510 859 579 fuerat
874 511 960 578 inter
985 511 1116 579 easdem
1142 511 1223 579 Ciui·

118 627 203 686 tatum
231 621 525 706 poet'I'artarorum
556 619 733 687 aduentum
765 638 870 702 usque
885 617 919 684 in
935 635 1070 704 presens
1085 626 1224 704 tempus,

118 727 253 795 labentes
267 731 309 796 ab
325 735 463 814 unaque
479 733 574 814 parte
592 746 650 796 seu
669 726 829 794 ambabus
861 725 1057 793 Ciuitatibns
1087 725 1226 793 liberum

119 833 270 902 incusetis
293 837 472 919 arbitrium,
504 836 592 901 velut
608 839 698 918 patet
715 854 774 921 per
789 833 864 918 ipsa
879 831 943 900 duo
961 833 1090 919 publica
1105 833 1224 899 instru-

118 950 210 1008 menta
224 944 444 1026 compromissi
460 943 609 1028 superius
625 943 802 1009 nominata.
818 939 951 1008 Auditis
985 942 1118 1026 insuper
1147 940 1223 1007 utri·

118 1068 202 1132 usque
214 1051 315 1136 partis
331 1049 529 1137 rarioribus,
543 1049 661 1116 litteris
676 1057 709 1116 et
724 1047 904 1132 Regalibus
922 1048 1118 1136 priuilegiJs,
1135 1049 1225 1114 habi·

117 1163 197 1239 loque
210 1155 375 1224 multorum
392 1157 567 1242 proborum
584 1163 617 1222 et
632 1155 818 1242 sapientum
844 1155 986 1222 virorum
1002 1159 1068 1222 tam
1093 1155 1226 1238 religio·

116 1281 207 1329 sorum
230 1284 323 1348 quam
353 1262 549 1330 secularium
566 1262 703 1329 consilio
720 1267 752 1327 et
768 1260 1007 1330 deliberacione
1025 1263 1068 1329 ad
1084 1263 1225 1331 inuicem

117 1369 245 1460 diligenti
263 1369 474 1457 concorditer,
505 1373 569 1438 Dei
600 1371 731 1439 nomine
761 1369 925 1453 inuocato,
942 1377 974 1436 et
1003 1371 1087 1438 vict
1116 1371 1228 1455 rigore

117 1478 272 1562 supradicti
303 1480 406 1546 nostri
423 1479 551 1564 arbitrij
579 1479 786 1565 presentibus
801 1478 947 1564 partibus
964 1480 1225 1566 pronunciamus,

116 1590 341 1676 sentenciam,
359 1589 542 1674 laudamus,
559 1589 756 1656 arbitramur
780 1591 879 1670 atque
904 1585 1096 1654 mandamus
1114 1611 1121 1652 :
1139 1585 1226 1672 quod

116 1694 187 1758 omui
214 1695 384 1762 occasione
414 1701 446 1760 et
481 1695 676 1779 excepcioue
707 1699 804 1778 utque
837 1693 969 1760 racione
998 1701 1225 1773 renotatam

115 1798 241 1868 honines
256 1821 355 1885 quam
371 1801 548 1869 Commune
564 1799 717 1885 Tragurij
744 1801 942 1884 generaliter
972 1808 1070 1886 atque
1101 1803 1222 1888 specia-

116 1905 185 1994 liter,
201 1916 230 1974 et
260 1908 316 1994 qui
333 1929 393 1994 pro
412 1909 459 1976 eis
490 1915 575 1996 sunt,
607 1907 830 1993 possessiones
850 1915 985 1975 cunctas
1003 1907 1229 1995 Archiepisco·

115 2021 204 2103 patus,
233 2015 504 2084 llonasteriorum
534 2035 592 2083 seu
623 2015 843 2084 Ecclesiarum
876 2015 1133 2104 Spalateusium,
1164 2039 1228 2103 oure

114 2129 175 2186 suut
187 2141 241 2189 seu
258 2143 342 2208 quas
363 2129 476 2190 tenent
491 2143 513 2188 a
528 2122 690 2206 columna,
709 2143 772 2207 que
788 2141 847 2208 pro
864 2131 950 2190 meta
969 2123 1148 2208 antiquitus
1164 2120 1229 2194 sita

32 2249 33 2252 ¹
113 2235 171 2295 erat
191 2231 403 2299 introversus
419 2229 593 2296 Ciuitatem
609 2228 782 2312 Tragurij3
805 2247 868 2312 que
898 2229 1059 2312 siquidem
1098 2254 1229 2320 posses·

113 2335 206 2404 siones
237 2337 391 2403 uniuerse
421 2357 479 2422 per
504 2336 680 2403 Commune
696 2336 823 2420 Spoleti
839 2337 1033 2405 concordate
1050 2359 1090 2406 ac
1110 2341 1229 2408 delibe-

33 2509 34 2512 ,
111 2449 169 2509 rate
183 2443 313 2512 fuerunt
329 2443 434 2512 eidem
451 2444 621 2510 Communi
638 2443 789 2533 Tragurij
807 2449 952 2528 tempore
968 2446 1086 2530 prioris
1111 2469 1228 2533 guerre

110 2549 174 2617 olim
188 2551 271 2619 inter
305 2551 469 2636 predictas
485 2549 642 2619 Ciuitates
662 2550 792 2636 Spaluti
808 2557 840 2618 et
855 2553 1005 2637 'lbagurij
1027 2553 1137 2622 habite
1153 2565 1229 2642 post

111 2659 305 2727 Tartarorurn
336 2659 521 2746 aduentum,
551 2667 587 2726 ut
617 2659 765 2744 superius
797 2667 847 2726 est
877 2680 1075 2748 expressum,
1107 2664 1228 2730 eisdem

110 2765 294 2851 supradictis
324 2766 642 2853 Archiepiscopatni,
675 2773 709 2833 et
740 2763 893 2851 Capitulo
923 2767 1017 2835 Beati
1035 2769 1178 2857 Domnij,
1197 2775 1229 2835 et

110 2874 218 2942 cunctis
232 2873 444 2957 lionasterijs
460 2881 492 2940 et
507 2873 664 2960 Ecclesijs
681 2874 723 2941 de
740 2873 878 2959 Spalato
903 2875 993 2942 illico
1019 2874 1098 2942 darc
1128 2885 1228 2960 atque

108 2981 265 3050 nstituere
298 2979 440 3047 debeant
457 2987 490 3047 et
504 2981 662 3069 relaxare,
689 3001 762 3047 cum
778 2983 926 3050 omnibus
939 2981 1226 3066 jurisdiccionibus

108 3105 158 3156 seu
172 3090 295 3158 iuribus
312 3085 531 3174 pertinencijs,
548 3089 725 3156 secuudum
752 3089 838 3172 quod
869 3110 930 3158 nos
961 3109 1017 3158 eas
1049 3089 1171 3174 liquido
1189 3111 1229 3158 ac

108 3195 223 3278 publico
252 3196 470 3264 instrumento
501 3195 623 3283 scripto
639 3200 671 3262 et
687 3197 849 3282 completo
874 3217 972 3264 manu
988 3197 1114 3283 Notarij
1132 3197 1227 3266 intra·

107 3303 218 3394 scripti,
244 3303 473 3390 permittentes
506 3304 711 3371 declaramus
741 3303 809 3370 iure
839 3311 998 3390 perpetuo
1025 3325 1064 3371 ac
1095 3307 1231 3390 pacifice

107 3411 324 3498 possidendas,
340 3430 405 3477 non
424 3410 574 3478 obstante
584 3411 799 3478 instrumento
810 3411 921 3498 aliquo
931 3411 986 3480 vel
996 3413 1111 3496 Regali
1127 3413 1229 3500 priui-

105 3521 254 3604 legionen
270 3517 385 3604 aliqua
401 3517 624 3603 qualicunque
639 3517 750 3586 littera
766 3538 831 3586 uuo
847 3520 902 3586 rel
917 3540 983 3588 una
996 3540 1053 3587 seu
1069 3521 1230 3607 pluribus,

106 3645 160 3711 que
188 3629 240 3696 vel
258 3647 342 3711 quas
375 3625 551 3695 Commune
576 3647 636 3695 seu
652 3625 798 3694 homines
816 3625 857 3695 de
872 3627 1031 3711 Tragurio
1050 3629 1232 3696 obtinerent

104 3737 149 3801 rel
163 3736 287 3802 babent
302 3753 431 3821 quoquo
451 3736 548 3803 modo
564 3737 606 3803 de
636 3734 898 3822 possessionibus
931 3733 1136 3822 supradictis,
1167 3756 1232 3821 que

106 3844 318 3910 instrumenta
350 3839 413 3928 (et)
444 3842 630 3929 priuilegia,
663 3843 691 3910 si
730 3861 795 3925 qua
832 3842 886 3909 vel
925 3844 954 3910 si
996 3863 1059 3927 que
1093 3844 1232 3911 ulterius

104 3957 304 4040 apparerent,
337 3950 447 4016 omniu
474 3955 507 4018 et
522 3951 661 4036 singula,
688 3949 760 4017 siue
791 3969 903 4018 omnes
919 3956 951 4018 et
965 3949 1113 4034 singulas
1137 3972 1233 4020 cassa

101 4063 129 4125 et
164 4077 288 4146 cassas,
327 4057 422 4126 irrita
452 4063 485 4126 et
515 4059 635 4144 irritas,
671 4066 706 4126 et
736 4057 850 4124 inania
880 4079 921 4126 ao
951 4057 1066 4125 inanes
1095 4059 1233 4127 nullius·

100 4187 158 4250 que
172 4167 308 4252 vigoris,
331 4165 457 4232 roboris
473 4171 505 4232 et
534 4166 656 4234 valoris
690 4165 845 4252 deinceps
876 4163 909 4230 iu
941 4170 1129 4251 perpetuum
1160 4169 1232 4234 fore

101 4276 350 4358 pronunciamus
391 4280 490 4359 atque
530 4274 704 4342 diffinitiue
741 4274 992 4342 sentenciamus.
1023 4271 1169 4342 Dicimus
1201 4281 1233 4342 et

102 4383 241 4451 secundo
271 4381 449 4450 diffinitiue
468 4383 714 4468 sentenciando,
748 4380 834 4467 quod
865 4399 978 4449 omnes
1008 4380 1237 4468 possessiones

99 4489 287 4574 specialium
317 4489 486 4557 bominum
517 4491 653 4580 Spoleti,
686 4510 749 4576 que
765 4495 840 4558 suut
856 4510 877 4556 a
893 4489 1043 4556 columna
1067 4507 1125 4555 seu
1146 4494 1237 4557 meta

98 4595 248 4684 predicta
262 4594 351 4662 infre
367 4615 480 4666 versus
497 4599 691 4684 'lbagurium
708 4603 741 4666 et
756 4598 791 4664 in
808 4597 948 4664 Ciuitate
972 4596 1124 4684 Tragurij
1154 4597 1237 4665 date

211 4731 316 4770 norun.
333 4731 417 4772 nuuc.
433 4733 503 4773 sues.
520 4743 560 4754 -
579 4735 651 4772 nuru.
667 4733 735 4773 mr.
1084 4707 1125 4773 15
