3148 5146
851 843 904 910 49.

331 1045 363 1111 V.
389 1045 502 1112 Istcdu
518 989 588 1110 tobi
610 1040 849 1127 Gbmdrmepyci
864 1039 1018 1125 deiyctpet
1034 1039 1191 1124 tdrpyozd
1221 1037 1400 1104 itdleticocle
1433 1060 1456 1100 a

323 1152 395 1218 Zdb
419 1143 703 1235 aemuetedqbciiek‚
734 1147 896 1234 skopaaa
920 1145 1041 1210 Detriic
1072 1147 1105 1210 ds
1135 1142 1341 1210 erdskeersai
1372 1145 1460 1209 ledat.

832 1251 932 1320 1272.

429 1449 613 1535 Stephanus
645 1447 707 1512 Dei
738 1447 852 1532 gracia
882 1445 1060 1534 Hungarie,
1090 1446 1263 1514 Dalmaeie
1298 1445 1455 1532 Oroacie,

321 1561 431 1640 Rama,
462 1557 585 1642 Seruis,
618 1553 766 1640 Gallicis,
797 1553 999 1640 Lodomerie,
1026 1551 1186 1622 (iomanis
1227 1551 1455 1638 Bulgarieque

321 1647 392 1732 Rex
422 1663 571 1732 omnibns
602 1660 721 1732 Christi
751 1660 901 1730 fidelibus
925 1667 1094 1747 presentes
1109 1659 1238 1728 litteras
1253 1659 1455 1746 inspecturis

320 1775 456 1843 salutem
487 1773 521 1840 in
553 1793 599 1857 eo,
617 1771 671 1857 qui
703 1769 846 1854 Regibus
876 1769 934 1836 dat
964 1769 1113 1838 salutem.
1145 1766 1197 1834 Ad
1223 1765 1453 1836 uniuersorum

320 1881 474 1949 noticiam
505 1887 570 1947 tam
596 1878 797 1965 presencium
814 1897 911 1962 qnam
927 1875 1107 1944 futurorum
1122 1875 1239 1943 harum
1253 1875 1340 1944 serie
1356 1875 1451 1940 voln-

320 2007 391 2054 mus
406 1987 585 2073 peruenire,
601 1983 689 2070 quod
705 2004 776 2051 cum
792 1984 877 2051 iuter
891 1983 1111 2052 venerabilem
1132 1989 1258 2070 patrem
1289 1982 1351 2050 Job
1382 1981 1448 2048 Dei

321 2093 432 2180 gracia
462 2093 657 2179 Episcopum
673 2089 1064 2176 Quinqueecclesiensem‚
1082 2089 1241 2158 Comitem
1256 2089 1451 2156 ldnsuuien-

320 2221 400 2287 sem,
417 2199 567 2266 dilectum
583 2206 615 2265 et
641 2198 767 2264 fidelem
797 2197 958 2265 Batonem
987 2203 1144 2282 nostrum,
1162 2203 1195 2264 et
1225 2194 1342 2263 fratres
1375 2195 1450 2262 eins

319 2307 404 2374 filios
435 2305 504 2372 Zah
520 2305 655 2374 Comitis
670 2305 710 2371 de
727 2323 845 2390 genere
870 2304 941 2371 Zah
957 2325 998 2372 ex
1014 2325 1081 2374 una
1096 2310 1209 2391 parte,
1233 2303 1451 2370 etDetricum

321 2413 450 2480 caluom
466 2419 499 2481 et
514 2410 598 2480 filios
623 2411 779 2500 eiusdem,
797 2428 829 2480 et
859 2411 995 2479 Lukach
1026 2411 1129 2478 filium
1161 2410 1284 2498 Philipi
1299 2431 1339 2477 ac
1371 2431 1456 2478 suos

319 2523 438 2590 fratres
453 2541 494 2587 ex
509 2521 625 2605 altera,
643 2523 770 2606 questio
787 2521 858 2587 siue
873 2519 916 2588 lis
932 2525 1109 2588 verteretur
1120 2537 1218 2604 super
1235 2517 1453 2605 possessioni·

320 2630 380 2696 bus
395 2648 454 2695 seu
476 2629 570 2696 terris
600 2627 729 2712 Suethe‚
761 2629 885 2715 Prelaz,
917 2625 1089 2713 Lyponulr,
1121 2627 1270 2695 Rosusua
1285 2634 1318 2694 et
1348 2626 1448 2692 Sum·

319 2735 380 2804 kut
409 2735 533 2803 vocatis
549 2736 584 2801 in
600 2735 761 2803 Comitatu
787 2733 993 2804 Gumuriensi
1023 2732 1250 2821 existentibus,
1267 2733 1343 2800 licet
1358 2731 1451 2798 idem

319 2841 515 2912 uenerabilis
540 2847 635 2927 pater
650 2839 781 2908 diuersa
804 2839 981 2926 priuilegia
1010 2839 1177 2909 karissimi
1207 2839 1311 2926 patris
1341 2841 1447 2906 nostri

317 2950 440 3018 domini
470 2949 549 3017 Bele
564 2936 707 3016 illustris
737 2948 839 3031 Regis
855 2947 996 3033 gloriose
1027 2947 1267 3015 recordacionis
1284 2953 1317 3014 et
1332 2953 1452 3012 nostra

318 3077 415 3142 snper
430 3055 552 3124 eisdem
567 3053 826 3141 possessionibus
842 3060 873 3120 et
889 3055 985 3122 terris
1001 3071 1167 3141 concessa,
1184 3051 1346 3139 coniecta,
1361 3053 1446 3119 data

320 3169 352 3230 et
367 3161 496 3248 tradita,
523 3162 557 3226 in
572 3159 702 3228 iudicio
717 3160 809 3228 nobis
834 3180 891 3245 pro
907 3159 1064 3228 tribunali
1084 3158 1274 3228 sedentibus
1290 3158 1451 3229 exbibue-

319 3279 404 3356 runt,
421 3289 483 3354 que
498 3287 591 3336 suam
607 3269 705 3354 plene
715 3268 883 3354 justiciam
899 3266 1126 3353 declarabant,
1153 3273 1185 3334 et
1208 3265 1252 3333 ad
1275 3265 1450 3334 ferendam

320 3377 520 3444 sentenciam
551 3396 609 3462 pro
642 3373 753 3442 eodem
785 3374 913 3442 dominc
946 3375 1106 3460 Episcopo
1132 3379 1280 3441 nostrum
1297 3374 1448 3441 animum

319 3482 537 3551 informabant
567 3483 639 3550 siue
668 3481 885 3568 inducebant3
909 3483 987 3567 quia
1017 3488 1127 3552 tamen
1157 3481 1264 3548 dietus
1295 3481 1452 3548 Detricus

320 3589 444 3673 Comes,
476 3594 508 3656 et
523 3589 660 3656 Lokacb
689 3587 775 3656 filius
807 3587 929 3673 Philipi
962 3587 1066 3656 frater
1096 3588 1239 3656 ciusdem
1271 3607 1307 3654 se
1322 3585 1449 3655 habere

318 3696 523 3782 priuilegium
554 3697 614 3763 sub
645 3695 735 3764 bulla
765 3714 873 3780 aurea,
891 3702 925 3763 et
955 3696 1059 3763 eciam
1090 3695 1157 3764 alia
1188 3694 1364 3780 priuilegia
1384 3715 1450 3768 sen

317 3805 533 3872 instrumenta
564 3804 598 3868 in
613 3807 727 3870 nostra
742 3809 775 3869 et
790 3803 954 3870 Beronum
971 3809 1151 3870 nostrorum
1168 3803 1340 3889 presencia
1356 3803 1444 3873 fate·

317 3915 446 4000 bantur,
464 3931 505 3978 ex
524 3908 729 3978 habundanti
746 3907 901 3978 dictorum
926 3910 1052 3977 Detrici
1068 3915 1099 3977 et
1114 3908 1250 3976 Lukach
1273 3908 1448 3996 peticioni-

316 4023 378 4090 bus
395 4023 428 4084 et
442 4015 621 4102 instancijs,
637 4037 702 4084 non
718 4016 799 4083 iuris
816 4022 1019 4104 necessitate,
1036 4014 1095 4084 sed
1110 4015 1311 4099 benignitate
1335 4017 1451 4102 Regia

317 4125 489 4209 indulgere
505 4127 664 4210 curantes,
680 4122 723 4188 ad
740 4123 958 4208 superandam
974 4142 1099 4191 omnem
1118 4121 1295 4208 maliciam,
1321 4123 1452 4193 eisdem

317 4231 450 4299 Detrico
466 4237 498 4298 et
513 4227 649 4297 Lukach
665 4230 835 4296 terminum
853 4229 1039 4315 prediximus
1062 4229 1322 4318 peremptorium,
1355 4238 1453 4300 octa·

317 4359 393 4405 uam
410 4339 533 4408 scilicet
547 4337 755 4406 Ascensionis
779 4337 920 4422 Domini,
938 4339 972 4404 iu
988 4356 1052 4422 quo
1067 4335 1193 4422 precise
1209 4338 1280 4404 sine
1310 4337 1454 4425 diffugio

317 4433 460 4530 quolibet
490 4467 547 4516 seu
580 4447 759 4531 occasione,
778 4445 987 4532 priuilegium
1006 4465 1077 4514 cum
1094 4444 1309 4528 bullaaurea,
1327 4447 1455 4517 atalia
