3068 5150
776 159 937 258 3,-οῇ-

292 353 433 420 firmare.
474 352 668 439 Obligentes
684 373 721 420 se
737 351 885 432 inuicem,
902 351 986 437 qnod
1003 353 1031 420 si
1048 373 1113 438 qne
1131 353 1278 440 porcium
1293 354 1331 421 dc
1344 376 1403 442 pre·

172 523 179 530 .
291 464 364 531 sate
379 460 619 546 composicione
635 457 794 542 resilierit,
812 461 918 527 soluet
933 461 1172 546 quinquaginta
1189 481 1314 529 mareas
1329 466 1401 548 perti

291 567 386 634 citeri
402 575 479 635 ante
490 569 581 637 litem
599 567 631 634 in
644 567 880 654 composicione
895 567 1079 654 persistenti
1093 591 1102 654 ;
1118 575 1151 636 et
1160 579 1235 656 post
1244 569 1304 637 hec
1312 569 1402 637 tocius

290 676 369 744 fecti
386 677 503 744 seriem
520 676 552 744 in
571 676 688 744 litteris
706 675 842 762 predicti
859 677 1045 745 Gonnentns
1070 679 1164 745 nobis
1196 679 1404 764 reportabunt.

292 785 412 852 Datum
429 783 461 850 in
482 783 595 852 Insula
625 784 727 851 Bcete
757 783 902 868 Virginis
935 785 968 852 in
999 786 1082 854 festo
1114 785 1229 854 Sancti
1261 783 1406 854 Johennis

292 891 455 978 Baptiste,
476 913 563 961 anno
579 892 712 960 Domini
728 891 846 960 M⁰CO⁰
861 892 1082 978 octuagesimo
1097 893 1208 962 tercio.

294 1091 436 1152 (credetis
454 1089 638 1158 bornen-tysim,
657 1107 674 1142 s
692 1090 785 1156 peostt
804 1094 955 1157 elveszett;
974 1107 991 1144 s
1010 1093 1098 1144 budei
1115 1094 1168 1146 kin.
1187 1093 1314 1145 Romarm
1331 1069 1407 1148 lecti·

292 1181 404 1234 tenben.
423 1180 479 1233 Scin
498 1179 615 1234 hibtvel
635 1180 739 1234 kledve
757 1180 886 1246 FeJtrnel
905 1179 971 1232 Oc'd.
991 1181 1067 1248 Dip).
1087 1181 1121 1236 V.
1141 1184 1203 1234 neo.
1224 1188 1249 1234 3.
1268 1198 1290 1235 r.
1312 1188 1364 1235 1⁷5.
1381 1186 1407 1248 l.)

734 1460 990 1480 —b—-a-

294 2201 354 2268 IV.
380 2201 499 2266 Leiselo
529 2202 706 2286 kirdlynok
732 2199 872 2268 Sounion
888 2203 919 2268 eo
935 2201 1249 2288 Kockonepfiildeket
1265 2207 1412 2292 tdrpyaeo

398 2308 583 2392 odomdoya
603 2305 759 2394 Goiqoceo'
778 2307 898 2375 Miletos
913 2331 1016 2374 comes
1028 2314 1192 2378 memora.
1220 2313 1317 2380 1283.

292 2505 350 2571 (mj.
363 2506 489 2574 Knbinyi
507 2507 637 2572 nemum,
656 2509 776 2573 Mngysn
795 2505 970 2558 Tortenelmi
989 2507 1127 2560 Iimlekek
1146 2509 1168 2559 1.
1189 2509 1249 2560 ket.
1271 2514 1328 2561 125.
1347 2511 1408 2575 lep.)

723 2793 991 2806 ⁸¹¹*

820 3324 895 3394 323.

293 3523 440 3590 Erecthet
456 3523 698 3611 oopokirdlpoe
711 3525 896 3611 oisszaodja
911 3549 934 3590 a
950 3528 1088 3592 corconi
1104 3529 1137 3593 es
1152 3528 1258 3614 lipoos'
1272 3531 1417 3596 tizedeket

597 3654 618 3696 o
634 3631 773 3720 zdprdbi
790 3635 981 3720 epyhdznoit.
1006 3635 1104 3700 1283.

397 3827 565 3898 Elisabeth
598 3828 661 3895 Dei
676 3829 789 3912 grecie
814 3829 915 3897 moion
930 3830 1058 3916 Regina
1072 3829 1241 3917 Hnngerie
1259 3837 1418 3904 univorsis

289 3937 409 4021 quibus
424 3943 591 4023 presentes
607 3937 819 4004 ostenduntur
835 3937 971 4007 salntem
988 3938 1022 4004 in
1038 3937 1191 4007 Domino.
1224 3941 1277 4009 Ad
1309 3944 1417 4014 notici-

288 4063 341 4112 sm
359 4045 579 4113 universorum
610 4051 722 4112 tenore
753 4044 953 4133 presencium
972 4045 1122 4116 volumus
1138 4051 1319 4137 pervenire,
1336 4053 1418 4138 qnod

288 4152 367 4219 iicet
382 4170 442 4219 nos
457 4149 601 4218 decimes
617 4149 790 4220 liberarum
811 4153 963 4219 villorum
979 4151 1021 4221 de
1054 4153 1200 4226 Verence
1231 4167 1263 4226 et
1295 4162 1419 4248 Lypos,

288 4277 327 4324 oc
357 4257 460 4327 tocius
491 4255 670 4327 Comitatus
701 4259 742 4328 de
772 4261 926 4350 Vereoce,
949 4267 1016 4330 tem
1047 4262 1188 4355 frugum,
1220 4268 1299 4350 vini,
1322 4287 1419 4353 qoem

288 4366 548 4451 mortnrinernm‚
562 4366 754 4436 tributorum
773 4366 915 4438 sororum
930 4390 970 4438 ec
1001 4377 1152 4456 portuum
1184 4376 1305 4446 nostris
1338 4385 1417 4446 tem·

290 4470 421 4554 poribus
437 4471 639 4560 percepimus
655 4473 824 4546 credentes
838 4477 929 4565 ipsse
945 4477 1093 4550 decimos
1108 4483 1153 4553 ed
1168 4503 1227 4554 nos
1242 4485 1418 4572 pertinere,
