<?xml version="1.0" encoding="UTF-8"?>
<!DOCTYPE html PUBLIC "-//W3C//DTD XHTML 1.0 Transitional//EN"
    "http://www.w3.org/TR/xhtml1/DTD/xhtml1-transitional.dtd">
<html xmlns="http://www.w3.org/1999/xhtml" xml:lang="en" lang="en">
 <head>
  <title>
</title>
<meta http-equiv="Content-Type" content="text/html;charset=utf-8" />
  <meta name='ocr-system' content='tesseract 3.04.00' />
  <meta name='ocr-capabilities' content='ocr_page ocr_carea ocr_par ocr_line ocrx_word'/>
</head>
<body>
  <div class='ocr_page' id='page_1' title='image "./codexdiplomatic06wenzgoog_0438.png"; bbox 0 0 3068 5150; ppageno 0'>
   <div class='ocr_carea' id='block_1_1' title="bbox 580 225 740 327">
    <p class='ocr_par' dir='ltr' id='par_1_1' title="bbox 580 225 740 327">
     <span class='ocr_line' id='line_1_1' title="bbox 580 225 740 327; baseline -0.019 0"><span class='ocrx_word' id='word_1_1' title='bbox 580 225 740 327; x_wconf 53' lang='lat' dir='ltr'><strong>ee.-</strong></span> 
     </span>
    </p>
   </div>
   <div class='ocr_carea' id='block_1_2' title="bbox 90 417 1233 4078">
    <p class='ocr_par' dir='ltr' id='par_1_2' title="bbox 90 417 1233 4078">
     <span class='ocr_line' id='line_1_2' title="bbox 94 417 1233 508; baseline -0.005 -17"><span class='ocrx_word' id='word_1_2' title='bbox 94 463 135 474; x_wconf 91' lang='lat'>-</span> <span class='ocrx_word' id='word_1_3' title='bbox 155 465 198 478; x_wconf 90' lang='lat'>-</span> <span class='ocrx_word' id='word_1_4' title='bbox 215 424 341 492; x_wconf 76' lang='lat' dir='ltr'><strong>fortiter</strong></span> <span class='ocrx_word' id='word_1_5' title='bbox 370 422 640 508; x_wconf 77' lang='lat' dir='ltr'><strong>insurrexissent3</strong></span> <span class='ocrx_word' id='word_1_6' title='bbox 666 420 752 489; x_wconf 85' lang='lat' dir='ltr'><strong>idem</strong></span> <span class='ocrx_word' id='word_1_7' title='bbox 784 422 898 490; x_wconf 89' lang='lat' dir='ltr'><strong>Petrus</strong></span> <span class='ocrx_word' id='word_1_8' title='bbox 914 419 1027 489; x_wconf 90' lang='lat' dir='ltr'><strong>Banus</strong></span> <span class='ocrx_word' id='word_1_9' title='bbox 1045 439 1109 508; x_wconf 90' lang='lat' dir='ltr'><strong>pro</strong></span> <span class='ocrx_word' id='word_1_10' title='bbox 1125 417 1233 486; x_wconf 85' lang='lat' dir='ltr'><strong>tideli-</strong></span> 
     </span>
     <span class='ocr_line' id='line_1_3' title="bbox 91 527 1230 617; baseline -0.004 -17"><span class='ocrx_word' id='word_1_11' title='bbox 91 539 161 600; x_wconf 82' lang='lat' dir='ltr'><strong>tate</strong></span> <span class='ocrx_word' id='word_1_12' title='bbox 183 531 307 602; x_wconf 76' lang='lat' dir='ltr'><strong>Corone</strong></span> <span class='ocrx_word' id='word_1_13' title='bbox 326 532 430 617; x_wconf 85' lang='lat' dir='ltr'><strong>Regis</strong></span> <span class='ocrx_word' id='word_1_14' title='bbox 461 531 582 616; x_wconf 87' lang='lat' dir='ltr'><strong>debita,</strong></span> <span class='ocrx_word' id='word_1_15' title='bbox 616 537 651 598; x_wconf 93' lang='lat' dir='ltr'><strong>ut</strong></span> <span class='ocrx_word' id='word_1_16' title='bbox 682 531 775 598; x_wconf 91' lang='lat' dir='ltr'><strong>miles</strong></span> <span class='ocrx_word' id='word_1_17' title='bbox 806 538 957 599; x_wconf 85' lang='lat' dir='ltr'><strong>strenuus</strong></span> <span class='ocrx_word' id='word_1_18' title='bbox 988 529 1023 594; x_wconf 92' lang='lat' dir='ltr'><strong>in</strong></span> <span class='ocrx_word' id='word_1_19' title='bbox 1054 527 1230 596; x_wconf 85' lang='lat' dir='ltr'><strong>aduersam</strong></span> 
     </span>
     <span class='ocr_line' id='line_1_4' title="bbox 92 639 1230 708; baseline -0.001 -4"><span class='ocrx_word' id='word_1_20' title='bbox 92 641 218 708; x_wconf 86' lang='lat' dir='ltr'><strong>irruens</strong></span> <span class='ocrx_word' id='word_1_21' title='bbox 247 639 351 708; x_wconf 82' lang='lat' dir='ltr'><strong>seiam</strong></span> <span class='ocrx_word' id='word_1_22' title='bbox 384 639 457 708; x_wconf 85' lang='lat' dir='ltr'><strong>dira</strong></span> <span class='ocrx_word' id='word_1_23' title='bbox 472 645 507 706; x_wconf 88' lang='lat' dir='ltr'><strong>at</strong></span> <span class='ocrx_word' id='word_1_24' title='bbox 522 639 670 707; x_wconf 86' lang='lat' dir='ltr'><strong>inmania</strong></span> <span class='ocrx_word' id='word_1_25' title='bbox 694 675 977 690; x_wconf 79' lang='grc'>-----</span> <span class='ocrx_word' id='word_1_26' title='bbox 993 639 1079 706; x_wconf 87' lang='lat' dir='ltr'><strong>inter</strong></span> <span class='ocrx_word' id='word_1_27' title='bbox 1105 642 1230 704; x_wconf 85' lang='lat' dir='ltr'><strong>eeteros</strong></span> 
     </span>
     <span class='ocr_line' id='line_1_5' title="bbox 91 745 1229 834; baseline -0.005 -18"><span class='ocrx_word' id='word_1_28' title='bbox 91 747 210 833; x_wconf 88' lang='lat' dir='ltr'><strong>aliquis</strong></span> <span class='ocrx_word' id='word_1_29' title='bbox 224 748 333 834; x_wconf 80' lang='lat' dir='ltr'><strong>Fynts</strong></span> <span class='ocrx_word' id='word_1_30' title='bbox 348 746 437 816; x_wconf 85' lang='lat' dir='ltr'><strong>filius</strong></span> <span class='ocrx_word' id='word_1_31' title='bbox 451 746 563 816; x_wconf 86' lang='lat' dir='ltr'><strong>Dauid</strong></span> <span class='ocrx_word' id='word_1_32' title='bbox 585 747 707 816; x_wconf 89' lang='lat' dir='ltr'><strong>orimen</strong></span> <span class='ocrx_word' id='word_1_33' title='bbox 723 749 788 816; x_wconf 90' lang='lat' dir='ltr'><strong>lese</strong></span> <span class='ocrx_word' id='word_1_34' title='bbox 804 745 986 814; x_wconf 75' lang='lat' dir='ltr'><strong>Maiestatis</strong></span> <span class='ocrx_word' id='word_1_35' title='bbox 1002 745 1181 830; x_wconf 88' lang='lat' dir='ltr'><strong>inenrrens,</strong></span> <span class='ocrx_word' id='word_1_36' title='bbox 1197 750 1229 810; x_wconf 89' lang='lat' dir='ltr'><strong>et</strong></span> 
     </span>
     <span class='ocr_line' id='line_1_6' title="bbox 92 849 1227 942; baseline -0.006 -18"><span class='ocrx_word' id='word_1_37' title='bbox 92 861 205 925; x_wconf 88' lang='lat' dir='ltr'><strong>nostre</strong></span> <span class='ocrx_word' id='word_1_38' title='bbox 234 875 310 924; x_wconf 88' lang='lat' dir='ltr'><strong>oum</strong></span> <span class='ocrx_word' id='word_1_39' title='bbox 326 854 518 940; x_wconf 87' lang='lat' dir='ltr'><strong>quibusdam</strong></span> <span class='ocrx_word' id='word_1_40' title='bbox 546 857 615 924; x_wconf 90' lang='lat' dir='ltr'><strong>suis</strong></span> <span class='ocrx_word' id='word_1_41' title='bbox 630 854 845 942; x_wconf 88' lang='lat' dir='ltr'><strong>eomplieibus</strong></span> <span class='ocrx_word' id='word_1_42' title='bbox 861 874 901 922; x_wconf 90' lang='lat' dir='ltr'><strong>ao</strong></span> <span class='ocrx_word' id='word_1_43' title='bbox 915 852 1097 922; x_wconf 77' lang='lat' dir='ltr'><strong>fautoribus</strong></span> <span class='ocrx_word' id='word_1_44' title='bbox 1111 849 1227 920; x_wconf 86' lang='lat' dir='ltr'><strong>volun-</strong></span> 
     </span>
     <span class='ocr_line' id='line_1_7' title="bbox 90 963 1233 1050; baseline -0.005 -18"><span class='ocrx_word' id='word_1_45' title='bbox 90 965 151 1034; x_wconf 83' lang='lat' dir='ltr'><strong>tati</strong></span> <span class='ocrx_word' id='word_1_46' title='bbox 168 963 331 1032; x_wconf 88' lang='lat' dir='ltr'><strong>eontraire</strong></span> <span class='ocrx_word' id='word_1_47' title='bbox 346 983 412 1031; x_wconf 88' lang='lat' dir='ltr'><strong>non</strong></span> <span class='ocrx_word' id='word_1_48' title='bbox 426 981 611 1050; x_wconf 85' lang='lat' dir='ltr'><strong>pauesoous</strong></span> <span class='ocrx_word' id='word_1_49' title='bbox 622 993 1149 1014; x_wconf 78' lang='lat'><strong>---------</strong></span> <span class='ocrx_word' id='word_1_50' title='bbox 1163 964 1233 1028; x_wconf 89' lang='lat' dir='ltr'><strong>sset</strong></span> 
     </span>
     <span class='ocr_line' id='line_1_8' title="bbox 91 1065 1231 1159; baseline -0.004 -21"><span class='ocrx_word' id='word_1_51' title='bbox 91 1081 126 1146; x_wconf 86' lang='lat' dir='ltr'><strong>in</strong></span> <span class='ocrx_word' id='word_1_52' title='bbox 146 1071 251 1159; x_wconf 89' lang='lat' dir='ltr'><strong>ipsius</strong></span> <span class='ocrx_word' id='word_1_53' title='bbox 268 1073 370 1140; x_wconf 90' lang='lat' dir='ltr'><strong>eastri</strong></span> <span class='ocrx_word' id='word_1_54' title='bbox 386 1073 635 1158; x_wconf 70' lang='lat' dir='ltr'><strong>expugnatione</strong></span> <span class='ocrx_word' id='word_1_55' title='bbox 651 1069 734 1140; x_wconf 88' lang='lat' dir='ltr'><strong>adeo</strong></span> <span class='ocrx_word' id='word_1_56' title='bbox 750 1070 947 1139; x_wconf 88' lang='lat' dir='ltr'><strong>militaribus</strong></span> <span class='ocrx_word' id='word_1_57' title='bbox 962 1069 1090 1138; x_wconf 84' lang='lat' dir='ltr'><strong>autibus</strong></span> <span class='ocrx_word' id='word_1_58' title='bbox 1106 1075 1139 1136; x_wconf 90' lang='lat' dir='ltr'><strong>et</strong></span> <span class='ocrx_word' id='word_1_59' title='bbox 1157 1065 1231 1136; x_wconf 88' lang='lat' dir='ltr'><strong>diro</strong></span> 
     </span>
     <span class='ocr_line' id='line_1_9' title="bbox 90 1177 1233 1266; baseline -0.003 -20"><span class='ocrx_word' id='word_1_60' title='bbox 90 1179 265 1266; x_wconf 90' lang='lat' dir='ltr'><strong>preliorum</strong></span> <span class='ocrx_word' id='word_1_61' title='bbox 282 1179 430 1247; x_wconf 84' lang='lat' dir='ltr'><strong>examini</strong></span> <span class='ocrx_word' id='word_1_62' title='bbox 446 1198 483 1246; x_wconf 87' lang='lat' dir='ltr'><strong>se</strong></span> <span class='ocrx_word' id='word_1_63' title='bbox 503 1178 678 1248; x_wconf 89' lang='lat' dir='ltr'><strong>immisouit</strong></span> <span class='ocrx_word' id='word_1_64' title='bbox 698 1187 730 1248; x_wconf 87' lang='lat' dir='ltr'><strong>et</strong></span> <span class='ocrx_word' id='word_1_65' title='bbox 762 1179 933 1265; x_wconf 87' lang='lat' dir='ltr'><strong>ingressus</strong></span> <span class='ocrx_word' id='word_1_66' title='bbox 965 1185 1025 1265; x_wconf 83' lang='lat' dir='ltr'><strong>est,</strong></span> <span class='ocrx_word' id='word_1_67' title='bbox 1057 1177 1145 1262; x_wconf 84' lang='lat' dir='ltr'><strong>quod</strong></span> <span class='ocrx_word' id='word_1_68' title='bbox 1175 1195 1233 1264; x_wconf 87' lang='lat' dir='ltr'><strong>per</strong></span> 
     </span>
     <span class='ocr_line' id='line_1_10' title="bbox 91 1286 1231 1374; baseline 0.002 -22"><span class='ocrx_word' id='word_1_69' title='bbox 91 1287 328 1355; x_wconf 84' lang='lat' dir='ltr'><strong>multitudinem</strong></span> <span class='ocrx_word' id='word_1_70' title='bbox 358 1286 505 1374; x_wconf 86' lang='lat' dir='ltr'><strong>lapidum</strong></span> <span class='ocrx_word' id='word_1_71' title='bbox 537 1323 582 1336; x_wconf 93' lang='lat'><em>-</em></span> <span class='ocrx_word' id='word_1_72' title='bbox 600 1325 639 1336; x_wconf 94' lang='lat'>—</span> <span class='ocrx_word' id='word_1_73' title='bbox 660 1327 704 1339; x_wconf 89' lang='lat'>—</span> <span class='ocrx_word' id='word_1_74' title='bbox 720 1323 762 1338; x_wconf 92' lang='lat'>-</span> <span class='ocrx_word' id='word_1_75' title='bbox 779 1326 824 1338; x_wconf 94' lang='lat'>-</span> <span class='ocrx_word' id='word_1_76' title='bbox 841 1325 883 1338; x_wconf 91' lang='lat'><em>-</em></span> <span class='ocrx_word' id='word_1_77' title='bbox 902 1293 939 1336; x_wconf 69' lang='lat'><strong>—&#39;-</strong></span> <span class='ocrx_word' id='word_1_78' title='bbox 959 1287 1002 1355; x_wconf 84' lang='lat' dir='ltr'><strong>ab</strong></span> <span class='ocrx_word' id='word_1_79' title='bbox 1027 1305 1107 1355; x_wconf 82' lang='lat' dir='ltr'><strong>area</strong></span> <span class='ocrx_word' id='word_1_80' title='bbox 1123 1295 1231 1355; x_wconf 84' lang='lat' dir='ltr'><strong>eorta-</strong></span> 
     </span>
     <span class='ocr_line' id='line_1_11' title="bbox 92 1387 1227 1484; baseline 0 -22"><span class='ocrx_word' id='word_1_81' title='bbox 92 1395 191 1463; x_wconf 88' lang='lat' dir='ltr'><strong>minis</strong></span> <span class='ocrx_word' id='word_1_82' title='bbox 205 1396 312 1463; x_wconf 84' lang='lat' dir='ltr'><strong>extitit</strong></span> <span class='ocrx_word' id='word_1_83' title='bbox 336 1401 531 1482; x_wconf 81' lang='lat' dir='ltr'><strong>exportatus.</strong></span> <span class='ocrx_word' id='word_1_84' title='bbox 547 1397 616 1462; x_wconf 86' lang='lat' dir='ltr'><strong>Nee</strong></span> <span class='ocrx_word' id='word_1_85' title='bbox 631 1397 691 1463; x_wconf 90' lang='lat' dir='ltr'><strong>boo</strong></span> <span class='ocrx_word' id='word_1_86' title='bbox 707 1387 983 1484; x_wconf 83' lang='lat' dir='ltr'><strong>pretermittimus,</strong></span> <span class='ocrx_word' id='word_1_87' title='bbox 1000 1394 1088 1480; x_wconf 87' lang='lat' dir='ltr'><strong>quod</strong></span> <span class='ocrx_word' id='word_1_88' title='bbox 1103 1415 1176 1464; x_wconf 87' lang='lat' dir='ltr'><strong>eum</strong></span> <span class='ocrx_word' id='word_1_89' title='bbox 1193 1394 1227 1462; x_wconf 94' lang='lat' dir='ltr'><strong>in</strong></span> 
     </span>
     <span class='ocr_line' id='line_1_12' title="bbox 93 1505 1230 1593; baseline 0.002 -23"><span class='ocrx_word' id='word_1_90' title='bbox 93 1511 235 1570; x_wconf 79' lang='lat' dir='ltr'><strong>oestrum</strong></span> <span class='ocrx_word' id='word_1_91' title='bbox 271 1509 416 1572; x_wconf 90' lang='lat' dir='ltr'><strong>nostrum</strong></span> <span class='ocrx_word' id='word_1_92' title='bbox 467 1505 671 1574; x_wconf 82' lang='lat' dir='ltr'><strong>lauriensem</strong></span> <span class='ocrx_word' id='word_1_93' title='bbox 703 1525 761 1593; x_wconf 90' lang='lat' dir='ltr'><strong>per</strong></span> <span class='ocrx_word' id='word_1_94' title='bbox 800 1505 994 1574; x_wconf 80' lang='lat' dir='ltr'><strong>Teutonious</strong></span> <span class='ocrx_word' id='word_1_95' title='bbox 1034 1509 1230 1592; x_wconf 86' lang='lat' dir='ltr'><strong>oeenpatum</strong></span> 
     </span>
     <span class='ocr_line' id='line_1_13' title="bbox 94 1611 1232 1698; baseline 0 -20"><span class='ocrx_word' id='word_1_96' title='bbox 94 1611 277 1698; x_wconf 86' lang='lat' dir='ltr'><strong>expugnari</strong></span> <span class='ocrx_word' id='word_1_97' title='bbox 293 1613 407 1698; x_wconf 83' lang='lat' dir='ltr'><strong>Regali</strong></span> <span class='ocrx_word' id='word_1_98' title='bbox 425 1613 474 1682; x_wconf 84' lang='lat' dir='ltr'><strong>ior</strong></span> <span class='ocrx_word' id='word_1_99' title='bbox 489 1651 773 1668; x_wconf 82' lang='lat'>-----</span> <span class='ocrx_word' id='word_1_100' title='bbox 788 1613 867 1684; x_wconf 83' lang='lat' dir='ltr'><strong>dieti</strong></span> <span class='ocrx_word' id='word_1_101' title='bbox 878 1613 967 1684; x_wconf 88' lang='lat' dir='ltr'><strong>Petri</strong></span> <span class='ocrx_word' id='word_1_102' title='bbox 983 1615 1067 1682; x_wconf 90' lang='lat' dir='ltr'><strong>Bani</strong></span> <span class='ocrx_word' id='word_1_103' title='bbox 1084 1611 1232 1682; x_wconf 77' lang='lat' dir='ltr'><strong>hostibus</strong></span> 
     </span>
     <span class='ocr_line' id='line_1_14' title="bbox 94 1715 1231 1810; baseline 0 -24"><span class='ocrx_word' id='word_1_104' title='bbox 94 1740 133 1788; x_wconf 85' lang='lat' dir='ltr'><strong>ex</strong></span> <span class='ocrx_word' id='word_1_105' title='bbox 155 1720 294 1790; x_wconf 85' lang='lat' dir='ltr'><strong>aduerso</strong></span> <span class='ocrx_word' id='word_1_106' title='bbox 325 1721 439 1808; x_wconf 90' lang='lat' dir='ltr'><strong>positis</strong></span> <span class='ocrx_word' id='word_1_107' title='bbox 472 1715 604 1792; x_wconf 85' lang='lat' dir='ltr'><strong>strenue</strong></span> <span class='ocrx_word' id='word_1_108' title='bbox 635 1743 671 1791; x_wconf 91' lang='lat' dir='ltr'><strong>se</strong></span> <span class='ocrx_word' id='word_1_109' title='bbox 701 1742 868 1810; x_wconf 89' lang='lat' dir='ltr'><strong>opponens</strong></span> <span class='ocrx_word' id='word_1_110' title='bbox 885 1721 957 1790; x_wconf 87' lang='lat' dir='ltr'><strong>dira</strong></span> <span class='ocrx_word' id='word_1_111' title='bbox 972 1729 1004 1791; x_wconf 90' lang='lat' dir='ltr'><strong>et</strong></span> <span class='ocrx_word' id='word_1_112' title='bbox 1019 1721 1136 1808; x_wconf 87' lang='lat' dir='ltr'><strong>grauia</strong></span> <span class='ocrx_word' id='word_1_113' title='bbox 1150 1721 1231 1790; x_wconf 90' lang='lat' dir='ltr'><strong>reoi-</strong></span> 
     </span>
     <span class='ocr_line' id='line_1_15' title="bbox 93 1827 1231 1916; baseline 0.002 -22"><span class='ocrx_word' id='word_1_114' title='bbox 93 1828 187 1912; x_wconf 91' lang='lat' dir='ltr'><strong>piens</strong></span> <span class='ocrx_word' id='word_1_115' title='bbox 201 1827 328 1908; x_wconf 78' lang='lat' dir='ltr'><strong>ulnera</strong></span> <span class='ocrx_word' id='word_1_116' title='bbox 337 1849 354 1896; x_wconf 92' lang='lat' dir='ltr'><strong>s</strong></span> <span class='ocrx_word' id='word_1_117' title='bbox 363 1863 408 1878; x_wconf 90' lang='lat'>-</span> <span class='ocrx_word' id='word_1_118' title='bbox 417 1865 460 1877; x_wconf 92' lang='grc'>-</span> <span class='ocrx_word' id='word_1_119' title='bbox 471 1849 565 1898; x_wconf 87' lang='lat' dir='ltr'><strong>onem</strong></span> <span class='ocrx_word' id='word_1_120' title='bbox 578 1835 685 1898; x_wconf 85' lang='lat' dir='ltr'><strong>mente</strong></span> <span class='ocrx_word' id='word_1_121' title='bbox 701 1830 963 1916; x_wconf 74' lang='lat' dir='ltr'><strong>conceptam-sub</strong></span> <span class='ocrx_word' id='word_1_122' title='bbox 976 1865 1231 1878; x_wconf 86' lang='lat'><em>-----</em></span> 
     </span>
     <span class='ocr_line' id='line_1_16' title="bbox 96 1937 1230 2025; baseline 0 -19"><span class='ocrx_word' id='word_1_123' title='bbox 96 1971 389 1992; x_wconf 87' lang='lat'><em>-----</em></span> <span class='ocrx_word' id='word_1_124' title='bbox 423 1940 541 2006; x_wconf 84' lang='lat' dir='ltr'><strong>strauit</strong></span> <span class='ocrx_word' id='word_1_125' title='bbox 571 1941 703 2025; x_wconf 91' lang='lat' dir='ltr'><strong>proprio</strong></span> <span class='ocrx_word' id='word_1_126' title='bbox 743 1938 904 2023; x_wconf 80' lang='lat' dir='ltr'><strong>sangnine</strong></span> <span class='ocrx_word' id='word_1_127' title='bbox 943 1937 1131 2008; x_wconf 77' lang='lat' dir='ltr'><strong>lubricatus.</strong></span> <span class='ocrx_word' id='word_1_128' title='bbox 1161 1937 1230 2006; x_wconf 81' lang='lat' dir='ltr'><strong>Nos</strong></span> 
     </span>
     <span class='ocr_line' id='line_1_17' title="bbox 96 2044 1229 2132; baseline 0.002 -22"><span class='ocrx_word' id='word_1_129' title='bbox 96 2045 220 2131; x_wconf 79' lang='lat' dir='ltr'><strong>itaque,</strong></span> <span class='ocrx_word' id='word_1_130' title='bbox 236 2044 327 2112; x_wconf 88' lang='lat' dir='ltr'><strong>euius</strong></span> <span class='ocrx_word' id='word_1_131' title='bbox 342 2047 429 2114; x_wconf 88' lang='lat' dir='ltr'><strong>inest</strong></span> <span class='ocrx_word' id='word_1_132' title='bbox 443 2047 621 2132; x_wconf 89' lang='lat' dir='ltr'><strong>proprium,</strong></span> <span class='ocrx_word' id='word_1_133' title='bbox 638 2046 755 2114; x_wconf 85' lang='lat' dir='ltr'><strong>merita</strong></span> <span class='ocrx_word' id='word_1_134' title='bbox 776 2045 919 2114; x_wconf 81' lang='lat' dir='ltr'><strong>fidelium</strong></span> <span class='ocrx_word' id='word_1_135' title='bbox 937 2065 978 2114; x_wconf 85' lang='lat' dir='ltr'><strong>ex</strong></span> <span class='ocrx_word' id='word_1_136' title='bbox 1002 2044 1110 2114; x_wconf 90' lang='lat' dir='ltr'><strong>ollieio</strong></span> <span class='ocrx_word' id='word_1_137' title='bbox 1126 2079 1170 2094; x_wconf 90' lang='lat'>-</span> <span class='ocrx_word' id='word_1_138' title='bbox 1184 2079 1229 2094; x_wconf 91' lang='lat'><em>-</em></span> 
     </span>
     <span class='ocr_line' id='line_1_18' title="bbox 98 2153 1226 2240; baseline 0.001 -19"><span class='ocrx_word' id='word_1_139' title='bbox 98 2188 378 2206; x_wconf 86' lang='lat'>-----</span> <span class='ocrx_word' id='word_1_140' title='bbox 394 2153 532 2222; x_wconf 77' lang='lat' dir='ltr'><strong>emanere</strong></span> <span class='ocrx_word' id='word_1_141' title='bbox 548 2191 592 2204; x_wconf 92' lang='lat'>—</span> <span class='ocrx_word' id='word_1_142' title='bbox 609 2193 653 2207; x_wconf 94' lang='lat'><em>-</em></span> <span class='ocrx_word' id='word_1_143' title='bbox 668 2191 712 2204; x_wconf 92' lang='lat'>—</span> <span class='ocrx_word' id='word_1_144' title='bbox 730 2161 761 2222; x_wconf 90' lang='lat' dir='ltr'><strong>et</strong></span> <span class='ocrx_word' id='word_1_145' title='bbox 773 2173 834 2238; x_wconf 89' lang='lat' dir='ltr'><strong>que</strong></span> <span class='ocrx_word' id='word_1_146' title='bbox 845 2153 888 2222; x_wconf 83' lang='lat' dir='ltr'><strong>ad</strong></span> <span class='ocrx_word' id='word_1_147' title='bbox 899 2174 1040 2240; x_wconf 87' lang='lat' dir='ltr'><strong>presens</strong></span> <span class='ocrx_word' id='word_1_148' title='bbox 1056 2153 1226 2238; x_wconf 77' lang='lat' dir='ltr'><strong>regiminio</strong></span> 
     </span>
     <span class='ocr_line' id='line_1_19' title="bbox 96 2262 1231 2349; baseline -0.002 -20"><span class='ocrx_word' id='word_1_149' title='bbox 96 2293 559 2312; x_wconf 78' lang='lat'>————————</span> <span class='ocrx_word' id='word_1_150' title='bbox 576 2267 726 2347; x_wconf 89' lang='lat' dir='ltr'><strong>respeetu</strong></span> <span class='ocrx_word' id='word_1_151' title='bbox 743 2281 865 2349; x_wconf 88' lang='lat' dir='ltr'><strong>eorum,</strong></span> <span class='ocrx_word' id='word_1_152' title='bbox 893 2281 957 2346; x_wconf 88' lang='lat' dir='ltr'><strong>que</strong></span> <span class='ocrx_word' id='word_1_153' title='bbox 987 2262 1097 2332; x_wconf 85' lang='lat' dir='ltr'><strong>faeere</strong></span> <span class='ocrx_word' id='word_1_154' title='bbox 1127 2263 1231 2330; x_wconf 88' lang='lat' dir='ltr'><strong>inten-</strong></span> 
     </span>
     <span class='ocr_line' id='line_1_20' title="bbox 95 2367 1229 2462; baseline 0.003 -29"><span class='ocrx_word' id='word_1_155' title='bbox 95 2367 213 2449; x_wconf 86' lang='lat' dir='ltr'><strong>dimus,</strong></span> <span class='ocrx_word' id='word_1_156' title='bbox 246 2373 446 2453; x_wconf 73' lang='lat' dir='ltr'><strong>emeretur,</strong></span> <span class='ocrx_word' id='word_1_157' title='bbox 479 2368 718 2454; x_wconf 86' lang='lat' dir='ltr'><strong>possessionem</strong></span> <span class='ocrx_word' id='word_1_158' title='bbox 751 2369 864 2457; x_wconf 77' lang='lat' dir='ltr'><strong>(iaryg</strong></span> <span class='ocrx_word' id='word_1_159' title='bbox 879 2375 1030 2436; x_wconf 80' lang='lat' dir='ltr'><strong>vocatam</strong></span> <span class='ocrx_word' id='word_1_160' title='bbox 1047 2367 1126 2456; x_wconf 89' lang='lat' dir='ltr'><strong>(vna</strong></span> <span class='ocrx_word' id='word_1_161' title='bbox 1141 2371 1229 2462; x_wconf 88' lang='lat' dir='ltr'><strong>eum)</strong></span> 
     </span>
     <span class='ocr_line' id='line_1_21' title="bbox 96 2473 1229 2564; baseline 0.004 -24"><span class='ocrx_word' id='word_1_162' title='bbox 96 2473 221 2558; x_wconf 77' lang='lat' dir='ltr'><strong>Castro,</strong></span> <span class='ocrx_word' id='word_1_163' title='bbox 238 2494 279 2542; x_wconf 88' lang='lat' dir='ltr'><strong>ae</strong></span> <span class='ocrx_word' id='word_1_164' title='bbox 294 2475 373 2561; x_wconf 86' lang='lat' dir='ltr'><strong>alijs</strong></span> <span class='ocrx_word' id='word_1_165' title='bbox 389 2475 586 2546; x_wconf 74' lang='lat' dir='ltr'><strong>utilitatibus</strong></span> <span class='ocrx_word' id='word_1_166' title='bbox 602 2484 634 2545; x_wconf 91' lang='lat' dir='ltr'><strong>et</strong></span> <span class='ocrx_word' id='word_1_167' title='bbox 663 2475 875 2564; x_wconf 90' lang='lat' dir='ltr'><strong>pertinenoijs</strong></span> <span class='ocrx_word' id='word_1_168' title='bbox 907 2478 974 2544; x_wconf 89' lang='lat' dir='ltr'><strong>suis</strong></span> <span class='ocrx_word' id='word_1_169' title='bbox 1007 2477 1169 2546; x_wconf 82' lang='lat' dir='ltr'><strong>uninomia</strong></span> <span class='ocrx_word' id='word_1_170' title='bbox 1185 2513 1229 2526; x_wconf 88' lang='lat'>-</span> 
     </span>
     <span class='ocr_line' id='line_1_22' title="bbox 97 2585 1230 2671; baseline 0 -19"><span class='ocrx_word' id='word_1_171' title='bbox 97 2619 381 2638; x_wconf 84' lang='lat'>-----</span> <span class='ocrx_word' id='word_1_172' title='bbox 414 2593 509 2671; x_wconf 90' lang='lat' dir='ltr'><strong>prout</strong></span> <span class='ocrx_word' id='word_1_173' title='bbox 542 2605 583 2652; x_wconf 85' lang='lat' dir='ltr'><strong>ex</strong></span> <span class='ocrx_word' id='word_1_174' title='bbox 614 2585 776 2654; x_wconf 79' lang='lat' dir='ltr'><strong>relacione</strong></span> <span class='ocrx_word' id='word_1_175' title='bbox 806 2586 969 2654; x_wconf 80' lang='lat' dir='ltr'><strong>Beronum</strong></span> <span class='ocrx_word' id='word_1_176' title='bbox 999 2593 1182 2656; x_wconf 90' lang='lat' dir='ltr'><strong>nostrorum</strong></span> <span class='ocrx_word' id='word_1_177' title='bbox 1196 2591 1230 2652; x_wconf 90' lang='lat' dir='ltr'><strong>et</strong></span> 
     </span>
     <span class='ocr_line' id='line_1_23' title="bbox 96 2689 1229 2780; baseline 0.004 -23"><span class='ocrx_word' id='word_1_178' title='bbox 96 2691 199 2775; x_wconf 86' lang='lat' dir='ltr'><strong>Regni</strong></span> <span class='ocrx_word' id='word_1_179' title='bbox 215 2689 373 2760; x_wconf 88' lang='lat' dir='ltr'><strong>nobilium</strong></span> <span class='ocrx_word' id='word_1_180' title='bbox 389 2693 483 2762; x_wconf 90' lang='lat' dir='ltr'><strong>uobis</strong></span> <span class='ocrx_word' id='word_1_181' title='bbox 498 2693 651 2780; x_wconf 83' lang='lat' dir='ltr'><strong>constitit,</strong></span> <span class='ocrx_word' id='word_1_182' title='bbox 681 2695 771 2762; x_wconf 87' lang='lat' dir='ltr'><strong>stab</strong></span> <span class='ocrx_word' id='word_1_183' title='bbox 786 2713 824 2762; x_wconf 91' lang='lat' dir='ltr'><strong>eo</strong></span> <span class='ocrx_word' id='word_1_184' title='bbox 850 2694 995 2762; x_wconf 87' lang='lat' dir='ltr'><strong>alienata</strong></span> <span class='ocrx_word' id='word_1_185' title='bbox 1025 2693 1170 2762; x_wconf 81' lang='lat' dir='ltr'><strong>indebite</strong></span> <span class='ocrx_word' id='word_1_186' title='bbox 1184 2727 1229 2742; x_wconf 88' lang='lat'>—</span> 
     </span>
     <span class='ocr_line' id='line_1_24' title="bbox 97 2797 1228 2888; baseline 0.002 -22"><span class='ocrx_word' id='word_1_187' title='bbox 97 2839 138 2850; x_wconf 94' lang='lat'>-</span> <span class='ocrx_word' id='word_1_188' title='bbox 155 2835 201 2850; x_wconf 90' lang='lat'><strong>·-</strong></span> <span class='ocrx_word' id='word_1_189' title='bbox 219 2836 257 2850; x_wconf 87' lang='lat'><strong>—·</strong></span> <span class='ocrx_word' id='word_1_190' title='bbox 278 2806 312 2866; x_wconf 90' lang='lat' dir='ltr'><strong>et</strong></span> <span class='ocrx_word' id='word_1_191' title='bbox 325 2797 455 2884; x_wconf 89' lang='lat' dir='ltr'><strong>iniuste,</strong></span> <span class='ocrx_word' id='word_1_192' title='bbox 487 2801 552 2888; x_wconf 90' lang='lat' dir='ltr'><strong>ipsi</strong></span> <span class='ocrx_word' id='word_1_193' title='bbox 567 2803 661 2870; x_wconf 86' lang='lat' dir='ltr'><strong>Petro</strong></span> <span class='ocrx_word' id='word_1_194' title='bbox 676 2801 768 2870; x_wconf 86' lang='lat' dir='ltr'><strong>Bsno</strong></span> <span class='ocrx_word' id='word_1_195' title='bbox 785 2808 818 2870; x_wconf 89' lang='lat' dir='ltr'><strong>et</strong></span> <span class='ocrx_word' id='word_1_196' title='bbox 834 2838 1120 2856; x_wconf 58' lang='lat'>-----</span> <span class='ocrx_word' id='word_1_197' title='bbox 1135 2800 1228 2870; x_wconf 86' lang='lat' dir='ltr'><strong>here-</strong></span> 
     </span>
     <span class='ocr_line' id='line_1_25' title="bbox 97 2905 1229 3006; baseline 0.004 -34"><span class='ocrx_word' id='word_1_198' title='bbox 97 2905 191 2976; x_wconf 83' lang='lat' dir='ltr'><strong>dibus</strong></span> <span class='ocrx_word' id='word_1_199' title='bbox 208 2905 414 2974; x_wconf 83' lang='lat' dir='ltr'><strong>etheredum</strong></span> <span class='ocrx_word' id='word_1_200' title='bbox 430 2929 562 3006; x_wconf 75' lang='lat' dir='ltr'><strong>sporum</strong></span> <span class='ocrx_word' id='word_1_201' title='bbox 578 2910 822 2980; x_wconf 76' lang='lat' dir='ltr'><strong>suecessoribus</strong></span> <span class='ocrx_word' id='word_1_202' title='bbox 831 2910 1030 2980; x_wconf 86' lang='lat' dir='ltr'><strong>reddidimus</strong></span> <span class='ocrx_word' id='word_1_203' title='bbox 1047 2917 1078 2978; x_wconf 86' lang='lat' dir='ltr'><strong>et</strong></span> <span class='ocrx_word' id='word_1_204' title='bbox 1089 2911 1229 2978; x_wconf 88' lang='lat' dir='ltr'><strong>restitni-</strong></span> 
     </span>
     <span class='ocr_line' id='line_1_26' title="bbox 98 3011 1229 3104; baseline 0.003 -24"><span class='ocrx_word' id='word_1_205' title='bbox 98 3033 169 3082; x_wconf 91' lang='lat' dir='ltr'><strong>mus</strong></span> <span class='ocrx_word' id='word_1_206' title='bbox 202 3021 301 3099; x_wconf 87' lang='lat' dir='ltr'><strong>atque</strong></span> <span class='ocrx_word' id='word_1_207' title='bbox 332 3011 536 3104; x_wconf 83' lang='lat' dir='ltr'><strong>donauinns,</strong></span> <span class='ocrx_word' id='word_1_208' title='bbox 568 3037 629 3088; x_wconf 89' lang='lat' dir='ltr'><strong>neo</strong></span> <span class='ocrx_word' id='word_1_209' title='bbox 659 3039 724 3086; x_wconf 92' lang='lat' dir='ltr'><strong>non</strong></span> <span class='ocrx_word' id='word_1_210' title='bbox 755 3017 952 3086; x_wconf 87' lang='lat' dir='ltr'><strong>eontulimus</strong></span> <span class='ocrx_word' id='word_1_211' title='bbox 983 3017 1053 3083; x_wconf 88' lang='lat' dir='ltr'><strong>iure</strong></span> <span class='ocrx_word' id='word_1_212' title='bbox 1071 3023 1229 3104; x_wconf 87' lang='lat' dir='ltr'><strong>perpetuo</strong></span> 
     </span>
     <span class='ocr_line' id='line_1_27' title="bbox 98 3122 1229 3212; baseline -0.001 -22"><span class='ocrx_word' id='word_1_213' title='bbox 98 3122 231 3206; x_wconf 83' lang='lat' dir='ltr'><strong>paoifiee</strong></span> <span class='ocrx_word' id='word_1_214' title='bbox 248 3129 281 3190; x_wconf 88' lang='lat' dir='ltr'><strong>et</strong></span> <span class='ocrx_word' id='word_1_215' title='bbox 297 3123 403 3206; x_wconf 90' lang='lat' dir='ltr'><strong>quiete</strong></span> <span class='ocrx_word' id='word_1_216' title='bbox 432 3124 491 3194; x_wconf 91' lang='lat' dir='ltr'><strong>sub</strong></span> <span class='ocrx_word' id='word_1_217' title='bbox 523 3125 640 3193; x_wconf 90' lang='lat' dir='ltr'><strong>iisdem</strong></span> <span class='ocrx_word' id='word_1_218' title='bbox 670 3126 764 3195; x_wconf 89' lang='lat' dir='ltr'><strong>metis</strong></span> <span class='ocrx_word' id='word_1_219' title='bbox 796 3133 829 3195; x_wconf 89' lang='lat' dir='ltr'><strong>at</strong></span> <span class='ocrx_word' id='word_1_220' title='bbox 859 3124 1017 3212; x_wconf 88' lang='lat' dir='ltr'><strong>terminis,</strong></span> <span class='ocrx_word' id='word_1_221' title='bbox 1048 3123 1166 3210; x_wconf 89' lang='lat' dir='ltr'><strong>quibus</strong></span> <span class='ocrx_word' id='word_1_222' title='bbox 1196 3124 1229 3189; x_wconf 90' lang='lat' dir='ltr'><strong>in</strong></span> 
     </span>
     <span class='ocr_line' id='line_1_28' title="bbox 99 3229 1230 3325; baseline 0.001 -28"><span class='ocrx_word' id='word_1_223' title='bbox 99 3238 198 3298; x_wconf 85' lang='lat' dir='ltr'><strong>antea</strong></span> <span class='ocrx_word' id='word_1_224' title='bbox 213 3229 354 3300; x_wconf 85' lang='lat' dir='ltr'><strong>limitata</strong></span> <span class='ocrx_word' id='word_1_225' title='bbox 368 3229 476 3300; x_wconf 87' lang='lat' dir='ltr'><strong>luerat</strong></span> <span class='ocrx_word' id='word_1_226' title='bbox 493 3239 526 3300; x_wconf 86' lang='lat' dir='ltr'><strong>et</strong></span> <span class='ocrx_word' id='word_1_227' title='bbox 540 3253 703 3322; x_wconf 87' lang='lat' dir='ltr'><strong>possessa,</strong></span> <span class='ocrx_word' id='word_1_228' title='bbox 719 3256 740 3302; x_wconf 90' lang='lat' dir='ltr'><strong>a</strong></span> <span class='ocrx_word' id='word_1_229' title='bbox 746 3233 977 3325; x_wconf 83' lang='lat' dir='ltr'><strong>jurisdieoione</strong></span> <span class='ocrx_word' id='word_1_230' title='bbox 992 3252 1050 3302; x_wconf 88' lang='lat' dir='ltr'><strong>seu</strong></span> <span class='ocrx_word' id='word_1_231' title='bbox 1066 3239 1230 3320; x_wconf 75' lang='lat' dir='ltr'><strong>potestate</strong></span> 
     </span>
     <span class='ocr_line' id='line_1_29' title="bbox 98 3335 1228 3428; baseline 0 -22"><span class='ocrx_word' id='word_1_232' title='bbox 98 3335 247 3406; x_wconf 85' lang='lat' dir='ltr'><strong>Banatus</strong></span> <span class='ocrx_word' id='word_1_233' title='bbox 262 3359 322 3425; x_wconf 91' lang='lat' dir='ltr'><strong>pro</strong></span> <span class='ocrx_word' id='word_1_234' title='bbox 338 3343 483 3428; x_wconf 89' lang='lat' dir='ltr'><strong>tempore</strong></span> <span class='ocrx_word' id='word_1_235' title='bbox 499 3343 666 3410; x_wconf 74' lang='lat' dir='ltr'><strong>constituti</strong></span> <span class='ocrx_word' id='word_1_236' title='bbox 685 3343 815 3410; x_wconf 92' lang='lat' dir='ltr'><strong>omnino</strong></span> <span class='ocrx_word' id='word_1_237' title='bbox 846 3341 1032 3410; x_wconf 83' lang='lat' dir='ltr'><strong>eximentes.</strong></span> <span class='ocrx_word' id='word_1_238' title='bbox 1064 3339 1103 3407; x_wconf 92' lang='lat' dir='ltr'><strong>In</strong></span> <span class='ocrx_word' id='word_1_239' title='bbox 1135 3340 1228 3408; x_wconf 88' lang='lat' dir='ltr'><strong>euius</strong></span> 
     </span>
     <span class='ocr_line' id='line_1_30' title="bbox 98 3447 1229 3538; baseline 0.002 -26"><span class='ocrx_word' id='word_1_240' title='bbox 98 3447 143 3512; x_wconf 86' lang='lat' dir='ltr'><strong>rei</strong></span> <span class='ocrx_word' id='word_1_241' title='bbox 159 3447 350 3516; x_wconf 88' lang='lat' dir='ltr'><strong>memoriam</strong></span> <span class='ocrx_word' id='word_1_242' title='bbox 382 3457 636 3536; x_wconf 85' lang='lat' dir='ltr'><strong>perpetuamque</strong></span> <span class='ocrx_word' id='word_1_243' title='bbox 666 3453 852 3520; x_wconf 82' lang='lat' dir='ltr'><strong>firmitatem</strong></span> <span class='ocrx_word' id='word_1_244' title='bbox 882 3456 1052 3538; x_wconf 86' lang='lat' dir='ltr'><strong>presentes</strong></span> <span class='ocrx_word' id='word_1_245' title='bbox 1070 3447 1229 3518; x_wconf 81' lang='lat' dir='ltr'><strong>eoncessi-</strong></span> 
     </span>
     <span class='ocr_line' id='line_1_31' title="bbox 98 3553 1228 3645; baseline 0.004 -25"><span class='ocrx_word' id='word_1_246' title='bbox 98 3573 169 3622; x_wconf 89' lang='lat' dir='ltr'><strong>mus</strong></span> <span class='ocrx_word' id='word_1_247' title='bbox 186 3553 312 3624; x_wconf 81' lang='lat' dir='ltr'><strong>litteras</strong></span> <span class='ocrx_word' id='word_1_248' title='bbox 327 3556 467 3644; x_wconf 86' lang='lat' dir='ltr'><strong>duplieis</strong></span> <span class='ocrx_word' id='word_1_249' title='bbox 484 3558 585 3645; x_wconf 80' lang='lat' dir='ltr'><strong>sigilli</strong></span> <span class='ocrx_word' id='word_1_250' title='bbox 600 3559 700 3628; x_wconf 89' lang='lat' dir='ltr'><strong>nostrl</strong></span> <span class='ocrx_word' id='word_1_251' title='bbox 720 3560 897 3630; x_wconf 89' lang='lat' dir='ltr'><strong>munimine</strong></span> <span class='ocrx_word' id='word_1_252' title='bbox 915 3556 1093 3630; x_wconf 79' lang='lat' dir='ltr'><strong>roboratas.</strong></span> <span class='ocrx_word' id='word_1_253' title='bbox 1109 3556 1228 3626; x_wconf 87' lang='lat' dir='ltr'><strong>Datum</strong></span> 
     </span>
     <span class='ocr_line' id='line_1_32' title="bbox 98 3662 1230 3755; baseline 0.004 -26"><span class='ocrx_word' id='word_1_254' title='bbox 98 3683 153 3748; x_wconf 88' lang='lat' dir='ltr'><strong>per</strong></span> <span class='ocrx_word' id='word_1_255' title='bbox 168 3683 286 3732; x_wconf 89' lang='lat' dir='ltr'><strong>manus</strong></span> <span class='ocrx_word' id='word_1_256' title='bbox 302 3662 436 3734; x_wconf 85' lang='lat' dir='ltr'><strong>disereti</strong></span> <span class='ocrx_word' id='word_1_257' title='bbox 453 3666 516 3732; x_wconf 85' lang='lat' dir='ltr'><strong>uiri</strong></span> <span class='ocrx_word' id='word_1_258' title='bbox 530 3667 680 3752; x_wconf 80' lang='lat' dir='ltr'><strong>Magistri</strong></span> <span class='ocrx_word' id='word_1_259' title='bbox 705 3669 922 3738; x_wconf 90' lang='lat' dir='ltr'><strong>Bartholomei</strong></span> <span class='ocrx_word' id='word_1_260' title='bbox 938 3667 1096 3755; x_wconf 86' lang='lat' dir='ltr'><strong>Propositi</strong></span> <span class='ocrx_word' id='word_1_261' title='bbox 1112 3666 1230 3751; x_wconf 86' lang='lat' dir='ltr'><strong>Soepu-</strong></span> 
     </span>
     <span class='ocr_line' id='line_1_33' title="bbox 98 3771 1229 3862; baseline 0.001 -25"><span class='ocrx_word' id='word_1_262' title='bbox 98 3771 215 3840; x_wconf 91' lang='lat' dir='ltr'><strong>siensis</strong></span> <span class='ocrx_word' id='word_1_263' title='bbox 232 3771 317 3838; x_wconf 81' lang='lat' dir='ltr'><strong>Aule</strong></span> <span class='ocrx_word' id='word_1_264' title='bbox 337 3779 446 3842; x_wconf 86' lang='lat' dir='ltr'><strong>nostro</strong></span> <span class='ocrx_word' id='word_1_265' title='bbox 473 3773 748 3862; x_wconf 78' lang='lat' dir='ltr'><strong>VieeCanoellarij</strong></span> <span class='ocrx_word' id='word_1_266' title='bbox 781 3775 893 3844; x_wconf 90' lang='lat' dir='ltr'><strong>dileeti</strong></span> <span class='ocrx_word' id='word_1_267' title='bbox 925 3783 958 3845; x_wconf 92' lang='lat' dir='ltr'><strong>et</strong></span> <span class='ocrx_word' id='word_1_268' title='bbox 987 3774 1096 3843; x_wconf 86' lang='lat' dir='ltr'><strong>fidelis</strong></span> <span class='ocrx_word' id='word_1_269' title='bbox 1127 3773 1229 3840; x_wconf 90' lang='lat' dir='ltr'><strong>nostri</strong></span> 
     </span>
     <span class='ocr_line' id='line_1_34' title="bbox 99 3877 1230 3970; baseline 0.002 -24"><span class='ocrx_word' id='word_1_270' title='bbox 99 3899 184 3947; x_wconf 85' lang='lat' dir='ltr'><strong>anno</strong></span> <span class='ocrx_word' id='word_1_271' title='bbox 217 3877 349 3947; x_wconf 91' lang='lat' dir='ltr'><strong>Domini</strong></span> <span class='ocrx_word' id='word_1_272' title='bbox 381 3879 647 3950; x_wconf 81' lang='lat' dir='ltr'>M⁰OG⁰LXXX⁰</span> <span class='ocrx_word' id='word_1_273' title='bbox 678 3884 788 3966; x_wconf 81' lang='lat' dir='ltr'><strong>tercio,</strong></span> <span class='ocrx_word' id='word_1_274' title='bbox 820 3889 935 3954; x_wconf 86' lang='lat' dir='ltr'><strong>oetouo</strong></span> <span class='ocrx_word' id='word_1_275' title='bbox 948 3882 1111 3953; x_wconf 83' lang='lat' dir='ltr'><strong>kalendas</strong></span> <span class='ocrx_word' id='word_1_276' title='bbox 1128 3881 1230 3970; x_wconf 88' lang='lat' dir='ltr'><strong>Junij,</strong></span> 
     </span>
     <span class='ocr_line' id='line_1_35' title="bbox 99 3985 1139 4078; baseline 0.011 -28"><span class='ocrx_word' id='word_1_277' title='bbox 99 3985 280 4057; x_wconf 86' lang='lat' dir='ltr'><strong>indioeione</strong></span> <span class='ocrx_word' id='word_1_278' title='bbox 296 3988 475 4078; x_wconf 84' lang='lat' dir='ltr'><strong>undeeima,</strong></span> <span class='ocrx_word' id='word_1_279' title='bbox 490 3991 596 4076; x_wconf 88' lang='lat' dir='ltr'><strong>Regni</strong></span> <span class='ocrx_word' id='word_1_280' title='bbox 612 3998 722 4064; x_wconf 88' lang='lat' dir='ltr'><strong>autem</strong></span> <span class='ocrx_word' id='word_1_281' title='bbox 739 3991 841 4061; x_wconf 90' lang='lat' dir='ltr'><strong>nostri</strong></span> <span class='ocrx_word' id='word_1_282' title='bbox 856 4013 941 4062; x_wconf 88' lang='lat' dir='ltr'><strong>anno</strong></span> <span class='ocrx_word' id='word_1_283' title='bbox 958 3991 1139 4061; x_wconf 75' lang='lat' dir='ltr'><strong>unrleoimo.</strong></span> 
     </span>
    </p>
   </div>
   <div class='ocr_carea' id='block_1_3' title="bbox 5 4175 1230 4259">
    <p class='ocr_par' dir='ltr' id='par_1_3' title="bbox 5 4175 1230 4259">
     <span class='ocr_line' id='line_1_36' title="bbox 5 4175 1230 4259; baseline 0.005 -24"><span class='ocrx_word' id='word_1_284' title='bbox 5 4175 6 4178; x_wconf 58' lang='grc'>’</span> <span class='ocrx_word' id='word_1_285' title='bbox 99 4185 239 4248; x_wconf 75' lang='lat' dir='ltr'><strong>(Eredetie</strong></span> <span class='ocrx_word' id='word_1_286' title='bbox 270 4187 457 4254; x_wconf 73' lang='lat' dir='ltr'><strong>bttrhtrtytm</strong></span> <span class='ocrx_word' id='word_1_287' title='bbox 478 4191 659 4256; x_wconf 59' lang='lat' dir='ltr'><strong>sarge-ubres</strong></span> <span class='ocrx_word' id='word_1_288' title='bbox 679 4192 919 4258; x_wconf 83' lang='lat' dir='ltr'><strong>selyemasinbron</strong></span> <span class='ocrx_word' id='word_1_289' title='bbox 937 4192 1024 4259; x_wconf 80' lang='lat' dir='ltr'><strong>fuiggb</strong></span> <span class='ocrx_word' id='word_1_290' title='bbox 1043 4191 1149 4258; x_wconf 73' lang='lat' dir='ltr'><strong>kirtlyi</strong></span> <span class='ocrx_word' id='word_1_291' title='bbox 1170 4191 1230 4242; x_wconf 82' lang='lat' dir='ltr'><strong>ket·</strong></span> 
     </span>
    </p>
   </div>
   <div class='ocr_carea' id='block_1_4' title="bbox 101 4277 1230 4437">
    <p class='ocr_par' dir='ltr' id='par_1_4' title="bbox 101 4277 1230 4437">
     <span class='ocr_line' id='line_1_37' title="bbox 101 4277 1230 4350; baseline 0.004 -22"><span class='ocrx_word' id='word_1_292' title='bbox 101 4280 141 4328; x_wconf 81' lang='lat' dir='ltr'><strong>tta</strong></span> <span class='ocrx_word' id='word_1_293' title='bbox 172 4277 268 4342; x_wconf 81' lang='lat' dir='ltr'><strong>pseset</strong></span> <span class='ocrx_word' id='word_1_294' title='bbox 302 4279 392 4344; x_wconf 77' lang='lat' dir='ltr'><strong>alatt5</strong></span> <span class='ocrx_word' id='word_1_295' title='bbox 422 4295 440 4330; x_wconf 90' lang='lat' dir='ltr'><strong>a</strong></span> <span class='ocrx_word' id='word_1_296' title='bbox 471 4281 659 4348; x_wconf 78' lang='lat' dir='ltr'><strong>tbmtltbsrtgir</strong></span> <span class='ocrx_word' id='word_1_297' title='bbox 686 4283 805 4350; x_wconf 86' lang='lat' dir='ltr'><strong>hereueg</strong></span> <span class='ocrx_word' id='word_1_298' title='bbox 823 4281 981 4348; x_wconf 77' lang='lat' dir='ltr'><strong>Bstthytni</strong></span> <span class='ocrx_word' id='word_1_299' title='bbox 1000 4281 1094 4333; x_wconf 78' lang='lat' dir='ltr'><strong>osoltd</strong></span> <span class='ocrx_word' id='word_1_300' title='bbox 1113 4281 1230 4333; x_wconf 71' lang='lat' dir='ltr'><strong>leveltt·</strong></span> 
     </span>
     <span class='ocr_line' id='line_1_38' title="bbox 611 4371 721 4437; baseline 0.009 -13"><span class='ocrx_word' id='word_1_301' title='bbox 611 4371 721 4437; x_wconf 79' lang='lat' dir='ltr'><strong>rabban.)</strong></span> 
     </span>
    </p>
   </div>
   <div class='ocr_carea' id='block_1_5' title="bbox 0 0 1543 5150">
    <p class='ocr_par' dir='ltr' id='par_1_5' title="bbox 0 0 1543 5150">
     <span class='ocr_line' id='line_1_39' title="bbox 0 0 1543 5150; baseline 0 0"><span class='ocrx_word' id='word_1_302' title='bbox 0 0 1543 5150; x_wconf 95' lang='lat' dir='ltr'><strong> </strong></span> 
     </span>
    </p>
   </div>
  </div>
 </body>
</html>
