3096 5160
815 284 976 388 „pea-

331 495 362 553 et
377 481 516 552 hiiehaet
544 481 681 570 predicti
711 490 777 551 tres
793 490 902 569 partes
922 483 956 552 in
971 490 1061 554 terra
1076 485 1225 571 prediota
1240 521 1284 534 -
1298 525 1339 538 -
1353 523 1391 535 -
1404 519 1438 534 -

331 625 1217 648 ---------------
1249 596 1371 681 empoio
1391 615 1437 662 seu

329 702 477 772 uendieio
493 703 592 770 robor
608 701 753 788 optineat
767 707 924 788 perpetue
939 701 1113 788 firmitatis,
1130 705 1164 769 in
1196 703 1375 772 memoriam
1400 703 1437 769 rei

328 819 421 899 geste
451 807 495 878 ad
525 807 718 898 peticionem
734 811 879 897 paroium
896 817 1066 896 presentes
1082 811 1197 878 damna
1214 812 1336 880 litteras
1350 810 1434 896 sigilli

330 920 435 988 nostri
452 918 628 986 munimine
644 919 823 987 roboratas.
840 917 961 987 Datum
978 939 1064 986 anno
1079 919 1336 989 Dominihi⁰OO⁰
1346 925 1436 987 notua·

329 1027 453 1114 gesimo
479 1027 627 1113 septimo.
669 1027 827 1114 Dyouisio
848 1025 998 1114 Custode,
1015 1028 1165 1096 Jaoinoto
1182 1027 1324 1114 Deaano,
1338 1026 1437 1111 Magis

329 1144 381 1204 tro
396 1133 557 1222 Johanne,
574 1141 606 1202 et
622 1135 739 1204 ceteris
755 1136 788 1202 iu
804 1133 954 1204 Eoolesia
969 1135 1032 1202 Dei
1052 1135 1295 1204 famulantibus.

332 1333 474 1398 (ltredetis
492 1333 678 1400 berhartyam
709 1335 841 1400 melynetr
860 1335 948 1402 itiggtt
967 1335 1087 1402 peosetja
1118 1338 1271 1402 eiveszett;
1302 1350 1318 1385 a
1346 1333 1436 1384 idmdlt.

560 1425 680 1490 heroaes
699 1423 869 1491 Esaterhdzy
888 1423 982 1476 enaldd
1000 1425 1215 1488 levtltdrdban.)

855 2135 931 2206 386.

323 2340 505 2428 Ampreti
530 2341 758 2429 kdptnlanaok
788 2339 1064 2427 hiannpadpleoele,
1094 2341 1180 2425 hopy
1211 2363 1232 2403 a
1263 2337 1434 2404 Brochirroi

324 2450 463 2515 aestaset
491 2447 647 2515 Gradach
672 2450 704 2516 da
735 2444 932 2532 Germaetpy
962 2445 1152 2532 helyadpricet
1184 2446 1311 2512 elatrat
1341 2445 1437 2512 tneor

752 2553 893 2620 tornat.
928 2553 1026 2618 1287.

432 2751 619 2838 Capitulum
658 2749 888 2835 Zagrahiensis
927 2747 1071 2818 Eeolesie
1121 2749 1271 2817 omnihus
1313 2767 1433 2835 presens

322 2861 475 2946 seriptum
496 2857 690 2945 inspecturis
721 2857 861 2924 salutern
892 2857 925 2922 in
957 2856 1096 2924 Domino
1126 2857 1366 2941 sempiternam.
1395 2857 1435 2923 hd

324 2968 546 3034 uniuersorum
578 2965 729 3033 noticiam
745 2972 858 3033 tenore
884 2963 1085 3052 presencium
1104 2964 1251 3032 volumus
1270 2965 1437 3052 peruenire,

322 3076 409 3159 qood
425 3075 587 3142 eastitatis
603 3073 636 3141 in
652 3071 755 3142 nostri
771 3072 942 3160 presentie
957 3073 1000 3139 ah
1016 3093 1082 3140 nna
1098 3081 1190 3158 parte
1210 3072 1336 3143 (inmite
1366 3073 1437 3160 Eiya
1519 3075 1520 3082 ’

324 3191 356 3251 et
370 3182 526 3266 Magistro
559 3181 656 3250 Petro
672 3181 889 3250 seruientibus
905 3179 1023 3248 nobilis
1041 3179 1102 3246 uiri
1119 3180 1280 3266 Stephani
1295 3183 1376 3250 Bani
1391 3180 1436 3263 iiij

322 3287 456 3357 Oomitis
472 3290 628 3375 Stephani
656 3290 726 3358 viee
757 3295 790 3356 et
820 3288 951 3356 nomine
981 3287 1126 3356 eiusdem
1158 3288 1283 3356 domini
1315 3291 1384 3374 sni;
1404 3289 1438 3352 ah

321 3397 425 3465 attera
455 3417 531 3464 nero
563 3399 721 3482 Dragnan
751 3397 818 3464 filio
857 3395 976 3481 Eerne,
1005 3394 1140 3463 Herenk
1170 3395 1238 3463 filio
1272 3397 1391 3480 Ohrad,
1411 3402 1437 3460 et
1518 3437 1519 3464 1

320 3502 418 3572 Wottr
433 3504 499 3573 iiiio
515 3504 602 3572 Jaho
619 3505 660 3572 de
676 3503 839 3590 Graduoh,
857 3505 932 3572 item
950 3503 1053 3570 Bratk
1079 3503 1145 3571 tilio
1175 3504 1270 3584 Petis,
1298 3503 1439 3572 Gordona

323 3612 391 3680 tilio
421 3611 602 3700 Wydouiov
632 3620 665 3680 et
695 3611 836 3698 Wolkoy
866 3612 934 3680 filio
966 3611 1135 3680 Guduzlav
1167 3611 1208 3679 de
1234 3611 1439 3697 Germaniehy

319 3721 445 3789 nobiles
464 3722 506 3789 de
520 3719 680 3804 Brohiua;
706 3720 869 3808 prediatus
886 3723 1046 3808 Dragoan
1063 3725 1096 3787 et
1110 3721 1210 3789 ueteri
1227 3721 1269 3788 de
1285 3727 1440 3808 partesue

319 3829 536 3914 prenominati
559 3835 679 3898 terram
695 3851 789 3898 suam
810 3827 1042 3898 hereditariam
1058 3827 1215 3897 Graduoh
1231 3836 1440 3916 nunenpattm

318 3939 413 4006 metis
429 3939 613 4007 distinotam
629 3937 867 4026 inirnseriptis3
891 3939 969 4006 item
986 3939 1090 4006 Bratk
1106 3943 1139 4006 et
1154 3937 1212 4024 aiij
1233 3937 1381 4005 similiter
1406 3934 1439 4000 de

318 4053 413 4132 parte
438 4067 499 4115 sna
515 4046 731 4132 prenominati
746 4053 866 4114 terram
891 4045 1230 4114 suam-hereditariam
1246 4044 1437 4128 Germanipy

318 4161 537 4242 nuneupatam
554 4155 655 4224 eeiam
671 4155 768 4224 metis
784 4153 998 4242 infrascriptis
1013 4154 1200 4222 distinctam
1217 4153 1356 4221 ooniessi
1373 4157 1438 4219 sunt

320 4281 358 4328 ss
374 4264 567 4334 uendidisse
598 4273 632 4334 et
661 4263 837 4333 tradidisse
868 4263 998 4351 prefato
1028 4263 1196 4348 Stephano
1222 4263 1325 4348 Bano,
1343 4270 1375 4329 et
1390 4277 1437 4347 per

319 4373 476 4440 eumenis
493 4372 667 4442 heredibus
684 4372 905 4459 heredumque
921 4371 1161 4442 suceessorihus
1193 4371 1264 4438 iure
1295 4375 1436 4457 perpetuo

316 4479 530 4564 possidendas
560 4489 594 4548 et
623 4479 792 4550 habendas
830 4501 889 4568 pro
920 4481 1093 4565 sexaginta
1123 4479 1263 4563 marois;
1287 4479 1432 4561 Dragoau

316 4587 444 4655 seilieat
460 4607 533 4656 oum
564 4588 719 4674 proximis
750 4589 817 4658 suis
848 4589 1029 4676 prenotatis
1061 4607 1120 4674 pro
1149 4585 1286 4672 triginta
1311 4585 1433 4664 mereim
1515 4571 1516 4604 ³
