3148 5164
794 298 954 396 „Q

306 490 457 557 Ladizlai
476 497 507 556 et
524 489 746 556 Vioeiudioum
773 492 918 559 eiusdem
934 491 1048 558 ordine
1059 491 1234 576 judiciario
1251 494 1446 576 requisitam

308 602 341 663 et
356 595 495 682 sopitam
521 595 743 664 suscitassent
776 597 817 662 Et
833 598 911 680 quia
941 597 1026 664 idem
1060 597 1203 667 Thomas
1234 598 1338 667 irater
1369 621 1450 669 snus

309 711 474 786 tamquam
508 703 656 770 conscius
687 702 735 767 sui
753 702 896 770 criminis
913 703 1047 787 aRegia
1063 703 1235 772 Preseucia
1251 708 1442 774 recessisset

309 810 459 894 fugitiue,
478 809 649 895 ipsumque
665 808 820 875 Comitem
840 809 980 894 Petrum,
1011 818 1107 895 prout
1137 813 1207 898 ipse
1236 813 1323 878 idem
1358 814 1445 878 altir-

308 918 430 1000 mabat,
463 937 520 1001 pro
555 915 737 983 huiusmodi
762 917 885 983 notorio
903 917 1089 1002 calumpnie
1108 919 1189 986 vicio
1207 917 1361 986 dominns
1377 923 1446 988 Rex

310 1025 414 1092 eidem
432 1022 548 1090 Comiti
575 1023 713 1090 Martino
746 1031 909 1106 tamquam
942 1025 1051 1091 Judici
1085 1025 1128 1092 ad
1160 1023 1339 1092 assandum
1373 1047 1445 1093 curu

309 1131 395 1198 ferro
428 1118 582 1196 candenti
614 1130 647 1196 iu
679 1151 739 1196 sua
770 1131 865 1218 sacis,
898 1131 1170 1214 quemadmodum
1200 1135 1234 1200 in
1260 1133 1444 1200 huiusmodi

307 1237 492 1322 calumpnia
509 1237 593 1304 nicio
610 1238 748 1304 conuicti
773 1239 865 1304 iuxta
891 1240 994 1322 Regni
1026 1239 1294 1308 consuetudinem
1325 1262 1446 1326 oppro-

309 1347 421 1412 batam
452 1345 576 1429 signari
607 1343 738 1430 debent,
755 1351 884 1430 captum
916 1346 1124 1426 tradidisset;
1149 1366 1207 1430 pro
1224 1365 1290 1428 qua
1311 1347 1444 1432 quidem

308 1452 688 1520 assacionisnotaidem
714 1451 830 1520 Orsines
862 1455 987 1537 Petrus,
1018 1474 1059 1521 ne
1092 1453 1276 1520 huiusmodi
1310 1453 1446 1540 turpitu-

307 1560 414 1625 dinem
447 1561 480 1625 iu
514 1559 599 1624 lucie
630 1559 699 1625 eius
730 1560 763 1624 in
779 1579 872 1627 suum
890 1560 1099 1645 opprobrium
1118 1561 1353 1645 sempiternum
1370 1581 1445 1646 sup-

307 1675 462 1754 portaret,
494 1667 657 1751 quaudam
698 1686 935 1750 possessiouem
976 1689 1068 1736 suam
1109 1689 1173 1734 non
1205 1677 1349 1750 coactus,
1385 1687 1443 1732 nec

307 1775 500 1862 compulsus,
518 1773 598 1839 Vdol
615 1779 773 1861 vocatem,
789 1774 822 1840 iu
840 1773 1003 1842 Comitatu
1019 1776 1184 1842 Borsiensi
1200 1775 1294 1841 iuxta
1309 1775 1443 1841 fluuium

309 1883 427 1968 Geron,
444 1902 516 1948 curu
535 1881 643 1948 insula
673 1901 735 1965 qne
764 1889 813 1950 est
844 1881 877 1947 in
907 1881 989 1966 ipsis
1020 1883 1114 1966 aquis
1146 1883 1266 1967 Goron,
1299 1889 1333 1948 et
1365 1881 1443 1963 alijs

307 1987 502 2056 vtilttaribns
533 2009 572 2056 ao
602 1988 817 2074 pertinencijs
849 1988 993 2056 eiusdem
1027 1989 1196 2074 uniuersis,
1226 1989 1286 2055 sub
1319 1987 1446 2055 eisdem

308 2097 403 2163 metis
422 2101 453 2162 et
468 2095 623 2174 terminis,
640 2095 701 2162 sub
716 2095 834 2179 quibus
861 2117 921 2182 per
951 2096 1088 2162 eundem
1122 2096 1278 2163 Comitem
1310 2096 1441 2161 Petrum

306 2203 417 2268 habita
449 2203 550 2269 luisse
566 2201 741 2268 dinoscitur
757 2210 790 2268 et
804 2222 967 2288 possesso,
985 2223 1043 2286 pro
1060 2201 1207 2270 ducentis
1233 2211 1264 2268 et
1281 2204 1442 2287 quinqua-

307 2312 399 2395 ginta
415 2308 861 2394 ruarcisargeutiBudeusis,
879 2309 1044 2392 inquibus
1063 2309 1151 2374 idem
1184 2310 1301 2376 (lomes
1334 2309 1441 2376 Marti·

307 2437 367 2483 nus
385 2419 489 2500 ipsum
508 2412 663 2480 Comitem
680 2417 809 2482 Petrum
826 2417 861 2480 in
888 2418 1040 2500 porcione
1056 2435 1118 2481 sua
1133 2421 1228 2500 prout
1238 2415 1365 2499 judicis
1382 2433 1442 2498 pro

307 2524 395 2596 sacto
412 2542 472 2590 suo
504 2521 663 2608 premisso
695 2522 946 2590 misericorditer
977 2523 1144 2588 relaxauit
1175 2542 1275 2607 vsqne
1308 2529 1442 2615 octenas
1558 2531 1559 2538 ’

307 2631 399 2700 Beati
433 2629 566 2715 Georgij
600 2629 743 2696 martiris
768 2631 914 2715 proxime
929 2637 1082 2698 venturas
1100 2629 1204 2698 eidem
1221 2628 1339 2696 Oorniti
1356 2630 1438 2694 blar-

307 2740 377 2806 tino
393 2736 522 2824 pignori
538 2735 698 2821 obligauit
728 2736 787 2802 tali
818 2736 937 2802 modo:
957 2737 1043 2820 quod
1075 2739 1103 2804 si
1135 2737 1169 2803 in
1200 2736 1282 2822 ipsis
1314 2735 1439 2802 octenis

309 2846 415 2915 dictos
451 2844 606 2913 ducentas
623 2853 655 2910 et
671 2844 910 2928 quiuquadinta
928 2865 1056 2912 marcas
1071 2865 1130 2931 pro
1146 2847 1373 2931 redempcione
1389 2844 1442 2910 de·
1554 2927 1555 2947 Χ

308 2953 376 3020 bite
394 2951 606 3036 possessionis
622 2951 716 3034 Vdol,
734 2971 829 3036 quam
861 2953 906 3018 ad
937 2973 973 3020 se
1004 2954 1110 3038 ipsum
1143 2956 1259 3036 solum,
1291 2951 1440 3036 exceptis

308 3061 384 3144 alijs
400 3057 686 3146 propinquioribus
702 3066 734 3126 et
748 3061 1018 3143 generacionibus
1035 3061 1103 3128 suis
1121 3057 1251 3128 dicebat
1266 3059 1445 3144 pertinere,

306 3171 340 3234 iu
358 3175 495 3250 argento
520 3165 754 3232 mercimoniali
771 3165 815 3232 ad
834 3166 997 3234 racionem
1028 3168 1210 3236 Budensem
1243 3166 1349 3233 eidem
1382 3165 1444 3230 Go-
1551 3173 1552 3176 ’

307 3274 378 3342 miti
410 3273 549 3342 Murtino
564 3274 691 3341 soluere
707 3293 772 3340 uon
789 3281 899 3358 posset
924 3293 1032 3341 coram
1048 3275 1164 3358 uobis;
1188 3281 1306 3341 extunc
1322 3271 1443 3340 eadem

308 3381 470 3468 possessio
495 3379 582 3449 Vdol
614 3399 686 3446 oum
718 3380 868 3448 omnibns
899 3381 1096 3449 utilitatibus
1125 3381 1193 3448 suis
1224 3381 1290 3466 ipsi
1321 3378 1442 3446 Oomiti

306 3489 445 3556 Marsico
477 3487 704 3554 deuolueretur
734 3487 953 3573 perempniter
983 3489 1192 3574 possidenda.
1208 3487 1319 3554 Voluit
1335 3485 1441 3553 eciam

308 3597 395 3665 idem
413 3597 529 3663 Comes
543 3595 669 3680 Petms,
686 3595 771 3682 quod
788 3595 815 3664 si
832 3595 864 3660 in
876 3597 957 3682 ipsis
976 3595 1102 3664 octauis
1118 3596 1223 3680 ipsam
1239 3593 1441 3664 solucionem

308 3705 519 3770 ducentarum
536 3709 569 3768 et
583 3701 885 3787 quinquagintarum
912 3723 1094 3770 marcorum
1110 3703 1220 3771 facere
1235 3721 1300 3768 non
1316 3705 1443 3786 posset,

306 3831 406 3899 super
421 3810 670 3898 perpetuucioue
686 3809 773 3877 dicte
788 3810 1004 3896 possessionis
1023 3811 1109 3878 Vdol
1125 3810 1294 3895 sepedicto
1321 3807 1440 3874 Comiti

305 3917 454 4004 Martino,
471 3917 732 3986 contradiccione
748 3917 963 4002 quorumlibet
973 3938 1038 3984 nou
1048 3919 1210 4006 obstante,
1227 3914 1440 4001 priuilegium

305 4031 461 4112 nostrum,
478 4024 566 4090 nullo
581 4023 647 4091 alio
663 4043 824 4091 consensu
840 4042 939 4110 snper
955 4023 1016 4090 hoc
1046 4025 1212 4110 requisito,
1244 4021 1317 4090 dari
1351 4019 1441 4086 face·

305 4149 422 4202 remus.
453 4132 544 4199 Dixit
575 4131 678 4197 eciam
711 4131 797 4199 idem
813 4132 929 4199 (lomes
949 4133 1078 4217 Petrus,
1095 4141 1130 4198 vt
1145 4133 1317 4200 terminum
1334 4126 1442 4214 ipsius

306 4238 483 4306 solucionis
499 4258 557 4323 pro
574 4259 621 4326 eo,
647 4239 725 4324 quia
755 4238 841 4308 idem
875 4239 991 4308 Comes
1021 4240 1181 4308 Martinus
1212 4245 1280 4306 tem
1311 4231 1440 4320 grande

304 4345 424 4416 factum
455 4347 520 4415 sibi
544 4347 577 4414 in
594 4355 661 4414 tarn
676 4346 802 4416 modico
817 4346 1070 4415 misericorditer
1085 4345 1247 4416 relaxabit
1260 4367 1270 4430 3
1285 4363 1349 4411 nec
1364 4361 1439 4410 oum

302 4455 422 4522 litteris
439 4453 560 4522 domiui
575 4456 685 4542 Regis,
702 4475 762 4524 nec
777 4455 907 4523 domine
921 4456 1056 4542 Regino,
1088 4477 1149 4524 neo
1179 4453 1310 4524 racione
1343 4469 1438 4518 exer-

306 4560 400 4648 citus,
427 4581 485 4629 seu
500 4559 578 4647 ulijs
592 4563 778 4630 nacionibus
795 4562 960 4646 aliquibus
975 4564 1099 4632 faceret
1115 4561 1294 4649 prorogari.
1313 4561 1443 4628 Datum
