3096 5160
73 1171 93 1232 I
97 1169 130 1234 V.
159 1170 273 1236 Ldnald
296 1169 475 1257 lra'rdlyoale
498 1169 617 1237 Modor
647 1171 801 1258 lrelyedqet
831 1177 993 1262 ta‘ryyazd
1011 1177 1193 1265 adomdapo

245 1277 350 1345 ιῙάηοε
366 1288 489 1364 mester,
505 1281 660 1346 Peuma
669 1278 718 1365 fia
734 1285 894 1346 eadmero.
912 1283 1013 1349 1287.

173 1473 347 1542 Lndizlaus
386 1475 448 1541 Dei
481 1479 594 1560 gracia
625 1476 803 1564 Hungarie,
835 1480 1014 1564 Dalmacie,
1048 1482 1192 1572 Oroaeie,

73 1584 176 1668 Reme,
193 1583 316 1667 Seruie,
336 1583 481 1668 Galilaia,
500 1584 700 1669 Lodomem'e‚
718 1587 876 1655 Cumanis
892 1589 1110 1674 Bulgarieque
1124 1593 1194 1658 Rex

72 1693 208 1760 omnibus
241 1693 364 1760 Christi
395 1691 547 1762 fidelibus
564 1701 632 1761 tam
648 1697 854 1780 presentibus
872 1718 969 1783 quam
986 1698 1104 1768 futuris
1122 1720 1192 1785 pre·

71 1807 184 1869 sentem
217 1802 357 1868 litteram
389 1802 586 1888 inspecturis
617 1806 754 1872 salntem
787 1805 820 1871 in
846 1809 986 1874 omnium
1019 1809 1192 1876 saluatore.

71 1905 222 1984 Quoniam
238 1910 363 1994 Regum
381 1911 541 1980 elmundi
559 1913 757 1997 Principium
776 1916 963 1982 reuereoeie
980 1917 1129 2001 congruit
1161 1923 1192 1984 et

70 2017 185 2104 bonori,
217 2024 253 2084 vt
271 2037 347 2084 suos
363 2019 528 2086 subiectos
544 2040 669 2086 summo
686 2041 785 2106 opere
800 2022 842 2088 de
858 2023 950 2089 bonis
976 2023 1102 2090 efficere
1129 2031 1191 2092 stn-

70 2124 160 2192 deant
176 2125 338 2209 meliores,
355 2149 417 2193 uon
435 2128 537 2194 solum
555 2135 640 2195 metu
657 2149 824 2215 penarum,
841 2151 961 2219 verum,
980 2134 1082 2200 ceiam
1098 2136 1192 2201 vber-

70 2231 143 2300 rimn
159 2233 368 2300 exortaeione
386 2235 590 2318 premittens.
615 2237 758 2302 Proinde
784 2238 825 2304 ad
856 2239 1079 2309 uniuersorum
1111 2243 1191 2308 noti-

68 2342 144 2408 ciam
159 2351 227 2408 tam
244 2343 447 2429 presencium
466 2363 562 2426 quam
580 2343 758 2412 futurorum
784 2345 897 2412 barum
930 2348 1014 2414 serie
1045 2349 1192 2416 volumus

70 2451 247 2537 peruenire,
256 2451 343 2536 quod
361 2469 432 2518 eum
450 2450 567 2518 Comes
582 2452 749 2521 lohannes
767 2453 850 2520 silius
866 2455 955 2521 Petri
972 2455 1013 2523 de
1030 2457 1193 2524 Comitatu

69 2557 253 2625 Posonienei
285 2565 411 2640 gratnm
446 2559 539 2626 nobis
571 2579 699 2644 semper
730 2568 762 2626 et
792 2561 911 2646 ubique
942 2568 974 2628 et
992 2561 1192 2631 laudabilem

69 2661 256 2750 impenderit
287 2665 492 2747 famulatum,
522 2674 606 2734 sect
638 2688 699 2734 sua
730 2668 870 2735 diuersis
901 2669 1028 2737 fortune
1062 2675 1192 2740 casibus

69 2794 224 2860 exponere
255 2793 321 2840 nen
353 2775 545 2857 formidans,
577 2783 608 2841 et
639 2773 772 2844 sudores
805 2777 942 2844 bellicos
959 2797 1017 2863 pro
1034 2777 1192 2846 fidelitate

66 2887 155 2952 nobis
171 2893 203 2951 et
220 2884 346 2952 Corone
362 2884 482 2968 debita,
499 2883 661 2952 sustinere
678 2906 742 2951 non
760 2905 950 2970 paueseens,
984 2907 1041 2971 pro
1074 2887 1190 2970 quibus

65 2993 97 3058 in
112 3001 284 3080 conspeetu
310 2993 425 3059 Nostra
458 2992 636 3060 Maiestatis
668 2998 780 3078 gratum
812 3015 876 3060 non
893 2994 1050 3061 immerito
1076 2994 1191 3061 haberi

64 3101 172 3169 debuit
188 3109 220 3168 et
235 3108 400 3188 aceeptus.
419 3101 460 3167 llt
492 3121 687 3186 quamquam
721 3101 823 3186 ipsius
853 3103 992 3170 seruicia
1023 3103 1191 3170 meritoria
1281 3187 1285 3192 Ι

62 3217 192 3294 propter
208 3211 258 3276 sni
277 3209 549 3294 multiplicitatem
566 3210 772 3295 presentibus
791 3211 888 3277 inseri
907 3217 1071 3294 nequeant
1089 3210 1189 3277 seria·

62 3315 150 3386 tim:
182 3316 325 3399 quedam
357 3325 464 3382 tamen
496 3315 815 3384 recommendatione
858 3317 1008 3398 digniora
1039 3318 1188 3384 volumus

62 3423 232 3507 explicaro.
264 3425 333 3490 Hae
349 3425 498 3492 scilieet:
523 3427 608 3508 quod
641 3445 711 3491 eum
744 3424 842 3510 Oprvr
868 3425 1039 3509 Woyuoda
1055 3427 1192 3494 diuersis

60 3531 287 3600 infidelitatum
305 3533 487 3618 generibus,
504 3534 601 3600 immo
622 3537 725 3601 eciam
747 3533 880 3599 crimine
914 3534 979 3600 lese
1010 3533 1191 3601 Maiestatis

59 3641 211 3727 repletus,
242 3642 389 3724 Regnum
422 3645 578 3728 nostrum,
612 3647 645 3707 et
662 3640 848 3725 specialiter
870 3640 1070 3724 prouinciam
1087 3642 1191 3708 Conri-

58 3753 146 3814 tatus
161 3747 369 3816 Posoniensis
386 3749 614 3817 miserabiliter
642 3751 851 3832 deuastat-em
874 3747 960 3814 idem
992 3750 1106 3816 Comes
1137 3749 1192 3818 Jo-

58 3855 197 3942 banues,
228 3855 374 3923 collectis
407 3857 526 3926 uiribus
558 3856 870 3938 consanguineorum
886 3862 917 3922 et
942 3877 1070 3924 suorum
1087 3859 1193 3942 proxi-

62 3985 198 4054 morum,
231 3985 360 4033 suornm
376 3973 488 4032 contra
515 3965 652 4034 eundem
671 3965 843 4048 insurgens
875 3967 992 4049 leuato,
1020 3972 1054 4031 vt
1078 3968 1191 4050 premi·

56 4073 171 4156 simus,
202 4073 237 4140 in
253 4070 424 4140 orrendam
457 4073 695 4140 desolacionem
722 4071 827 4157 Regni
849 4072 951 4138 nostri
966 4071 1191 4158 procedentem

57 4184 214 4268 exercitu,
230 4181 397 4250 victoriam
418 4181 570 4268 nobilem,
597 4181 674 4248 lieet
697 4201 764 4248 non
795 4181 923 4248 modica
953 4180 1033 4248 cede
1063 4199 1193 4248 suorum

54 4289 234 4378 mediante,
265 4289 306 4356 de
338 4289 450 4357 eodem
483 4290 680 4376 reportarit3
706 4295 849 4356 castrum
876 4291 977 4356 eniam
994 4287 1192 4356 Posoniense

54 4420 112 4483 per
147 4398 285 4466 eundem
318 4397 419 4486 Opm,
451 4399 574 4467 auxilio
605 4408 637 4464 et
668 4397 848 4465 execrabili
881 4397 1016 4464 consilio
1047 4396 1188 4462 liliorum

56 4507 193 4576 Henriei
226 4506 404 4574 infidelium
436 4509 541 4593 Regni
572 4505 672 4575 nostri
689 4505 890 4591 specialium,
918 4501 1089 4571 obsidione
1107 4501 1194 4570 saeta

50 4639 117 4684 non
135 4615 268 4682 modica
284 4623 416 4702 captum
434 4624 467 4685 et
482 4617 657 4701 detentum,
680 4612 766 4680 idem
798 4613 914 4679 Comes
947 4614 1113 4679 doirannes
1129 4633 1192 4678 non

1022 4719 1085 4788 29¹⁵
