3096 5160
806 271 967 370 -aa—c-

318 467 449 536 eosdem
465 467 614 536 infideles
630 473 758 536 nostros
774 467 952 536 extiterunt
977 467 1147 553 captiuati,
1164 473 1196 536 ct
1211 466 1298 534 idem
1329 465 1432 548 Grego-

318 578 386 644 rius
418 577 458 643 de
474 576 590 645 eadem
620 577 808 658 captiuitate
834 595 907 642 cum
925 577 1074 644 ducentis
1090 576 1210 644 marcis
1226 612 1270 623 -
1290 613 1332 624 -
1347 612 1385 624 ν
1399 611 1434 622 -

319 685 463 769 exceptis
481 685 725 770 possessionum
742 703 872 751 suarum
889 681 1003 769 spolijs
1020 693 1052 750 et
1083 683 1362 770 dissipacicnibus.
1391 683 1433 749 Sic

320 793 418 878 igitur
449 793 551 880 ipsius
583 791 730 878 seruicijs
761 792 939 876 recensitis,
973 797 1007 858 ut
1023 792 1079 878 alij
1102 792 1288 861 huiusmodi
1303 791 1433 875 exemplo

321 900 365 968 ad
381 899 547 994 fidelitatis
564 919 665 986 opera
681 898 809 966 facilius
826 898 1067 984 accendantur3
1092 899 1147 984 qui
1163 899 1250 967 idem
1278 897 1435 985 Gregorius

322 1007 437 1075 maiori
468 1010 735 1076 remuneracione
767 1015 800 1072 ct
832 1007 964 1074 laudum
996 1009 1158 1094 preconijs
1190 1029 1248 1095 per
1279 1029 1337 1076 uos
1361 1013 1435 1076 esset

323 1115 532 1201 attollendus,
548 1116 625 1182 licet
640 1136 697 1200 pro
709 1115 840 1182 minimo
860 1116 1064 1183 habeantur:
1081 1121 1188 1184 tamon
1205 1119 1240 1184 iu
1272 1137 1436 1202 recompen-

323 1224 487 1290 sacionem
519 1224 622 1308 ipsius
654 1223 796 1308 seruicij,
829 1231 860 1288 et
890 1223 1104 1309 dampnorum
1120 1223 1261 1311 {suorum
1287 1245 1341 1310 pro
1357 1222 1435 1290 uobis

326 1351 567 1419 perpessorum,
609 1331 746 1399 eandem
791 1338 910 1396 terram
952 1331 1046 1415 Byka
1092 1340 1323 1420 nuncupatam,
1362 1332 1438 1398 iuxta

326 1441 522 1507 Mezeuraba
537 1439 752 1524 adiacentem,
769 1460 790 1506 a
807 1445 899 1524 parte
915 1440 1120 1507 meridionali
1152 1440 1347 1528 Moruchyda
1375 1437 1438 1504 uici-

329 1554 438 1635 natur,
455 1555 486 1614 ct
503 1569 523 1613 a
540 1552 634 1632 parte
650 1547 907 1631 septemtrionali
938 1547 1088 1614 similiter
1117 1548 1302 1616 uicinantur
1331 1547 1439 1613 nobiles

331 1657 370 1726 dc
387 1658 526 1724 Bobwsd
543 1665 575 1723 et
591 1657 828 1736 Musuuienscs,
844 1677 918 1724 cum
934 1658 1085 1725 omnibus
1102 1658 1295 1724 utilitatibus
1312 1663 1342 1723 et
1355 1655 1438 1741 perti·

330 1765 456 1854 nenoijs
472 1765 643 1848 uniuersis,
674 1765 715 1831 dc
731 1785 890 1832 consensu
907 1772 940 1832 et
956 1765 1159 1850 beneplacito
1176 1756 1316 1832 omnium
1348 1763 1438 1828 Prola-

330 1879 446 1958 torum‚
463 1872 796 1960 Archicpiscoporum,
814 1871 1049 1957 Episcoporum
1066 1881 1097 1938 ct
1122 1873 1303 1938 Barronum
1333 1877 1438 1936 nostro·

332 2001 411 2068 rum,
430 1980 587 2066 dedimus,
613 1979 804 2048 donauimus
820 1987 851 2046 et
867 1979 1059 2048 contulimus
1074 1983 1139 2066 ipsi
1156 1981 1323 2066 Gregorio,
1351 1985 1381 2044 et
1394 1995 1441 2061 per

332 2099 404 2155 eum
423 2089 491 2156 suis
506 2087 689 2173 heredibus,
722 2088 941 2173 heredumque
957 2107 1087 2156 suorum
1117 2088 1357 2156 successoribus
1385 2085 1442 2150 iure

334 2202 489 2282 perpetuo
506 2205 538 2262 ct
554 2195 817 2264 inrcuocabilitcr
834 2196 1008 2264 tenendam
1019 2197 1154 2282 pacifico
1165 2195 1288 2282 pariter
1300 2195 1441 2262 ethabeu·

335 2304 411 2369 dam
429 2304 460 2372 iu
480 2305 601 2372 eisdem
618 2305 711 2372 metis
728 2305 871 2388 antiquis
888 2311 920 2371 et
936 2305 1089 2384 terminis,
1122 2305 1240 2389 quibus
1258 2305 1344 2372 dicta
1367 2311 1441 2368 terra

335 2433 392 2498 per
408 2413 529 2496 priores
544 2433 749 2500 possessores
768 2415 874 2481 extitit
889 2414 1029 2480 limitata
1043 2421 1075 2480 et
1090 2433 1254 2498 possessa.
1294 2415 1340 2479 Vt
1362 2410 1445 2494 igitur

336 2521 430 2587 husius
447 2528 554 2588 nostre
571 2521 760 2590 donacionis
776 2542 833 2590 seu
850 2521 1039 2590 collacionis
1055 2521 1157 2588 series
1190 2522 1287 2587 robur
1318 2519 1443 2586 obtineat

336 2635 493 2713 perpetue
508 2629 682 2717 firmitatis,
709 2649 768 2697 ncc
785 2651 936 2714 processu
954 2637 1132 2714 temporum
1149 2631 1262 2696 ualeat
1279 2649 1334 2714 per
1358 2643 1445 2711 quom·

337 2735 424 2820 piam
442 2737 474 2802 in
491 2737 617 2805 irritum
637 2740 795 2823 reuocari,
827 2759 885 2807 scu
902 2737 1108 2823 aliquatenus
1124 2738 1312 2820 retraetari,
1337 2750 1446 2821 presen-

338 2851 388 2910 tes
405 2845 620 2911 concessimus
638 2845 762 2912 litteras
772 2843 935 2931 dupplicis
952 2844 1050 2929 sigilli
1066 2845 1167 2910 nostri
1185 2843 1359 2909 munimine
1372 2839 1447 2906 rolo-

339 2955 435 3020 ratas.
447 2951 566 3019 Datum
577 2973 758 3039 permanes
776 2953 907 3020 discreti
923 2954 985 3019 viri
1001 2952 1148 3036 Magistri
1164 2951 1328 3017 Theodori
1345 2948 1445 3014 Alben-

341 3059 387 3126 sis
403 3059 549 3127 Ecclesia
565 3062 727 3145 Propositi
744 3061 819 3128 aule
845 3065 954 3130 nostre
984 3059 1259 3143 ViuoOancellartj
1292 3055 1394 3125 dilecti
1420 3057 1445 3118 et

342 3167 448 3234 tidelis
466 3170 577 3255 nostri,
595 3191 681 3238 anno
698 3171 828 3238 Domini
853 3169 1025 3237 millesimo
1058 3168 1278 3237 ducentesimo
1313 3173 1446 3246 octuage-

342 3275 422 3343 simo
439 3277 584 3362 septimo.

343 3475 484 3537 (Ereoletie
502 3477 685 3540 bdrlusirtyan,
716 3479 835 3541 melyrdl
854 3493 871 3527 a
889 3475 1052 3526 rozsasaintl
1083 3471 1322 3538 selyemzsindron
1352 3469 1449 3537 siggdll

485 3567 580 3630 pacstt
599 3567 750 3632 elvcszstt;
776 3583 793 3618 a
812 3567 897 3618 budai
923 3567 975 3617 kir.
995 3566 1123 3618 lamanai
1146 3563 1339 3627 leveltuirban.)
