<?xml version="1.0" encoding="UTF-8"?>
<!DOCTYPE html PUBLIC "-//W3C//DTD XHTML 1.0 Transitional//EN"
    "http://www.w3.org/TR/xhtml1/DTD/xhtml1-transitional.dtd">
<html xmlns="http://www.w3.org/1999/xhtml" xml:lang="en" lang="en">
 <head>
  <title>
</title>
<meta http-equiv="Content-Type" content="text/html;charset=utf-8" />
  <meta name='ocr-system' content='tesseract 3.04.00' />
  <meta name='ocr-capabilities' content='ocr_page ocr_carea ocr_par ocr_line ocrx_word'/>
</head>
<body>
  <div class='ocr_page' id='page_1' title='image "./codexdiplomatic06wenzgoog_0598.png"; bbox 0 0 3148 5164; ppageno 0'>
   <div class='ocr_carea' id='block_1_1' title="bbox 644 347 806 450">
    <p class='ocr_par' dir='ltr' id='par_1_1' title="bbox 644 347 806 450">
     <span class='ocr_line' id='line_1_1' title="bbox 644 347 806 450; baseline 0 -38"><span class='ocrx_word' id='word_1_1' title='bbox 644 347 806 450; x_wconf 36' lang='lat' dir='ltr'>’aar‘</span> 
     </span>
    </p>
   </div>
   <div class='ocr_carea' id='block_1_2' title="bbox 158 535 1300 706">
    <p class='ocr_par' dir='ltr' id='par_1_2' title="bbox 158 535 1300 706">
     <span class='ocr_line' id='line_1_2' title="bbox 158 535 1300 628; baseline 0.011 -30"><span class='ocrx_word' id='word_1_2' title='bbox 158 535 276 598; x_wconf 90' lang='lat' dir='ltr'>Datum</span> <span class='ocrx_word' id='word_1_3' title='bbox 317 553 376 618; x_wconf 87' lang='lat' dir='ltr'>per</span> <span class='ocrx_word' id='word_1_4' title='bbox 414 553 530 600; x_wconf 89' lang='lat' dir='ltr'>manus</span> <span class='ocrx_word' id='word_1_5' title='bbox 569 537 718 621; x_wconf 80' lang='lat' dir='ltr'>Magistri</span> <span class='ocrx_word' id='word_1_6' title='bbox 749 536 909 626; x_wconf 78' lang='lat' dir='ltr'>Stephani</span> <span class='ocrx_word' id='word_1_7' title='bbox 940 541 1088 611; x_wconf 87' lang='lat' dir='ltr'>Lectoris</span> <span class='ocrx_word' id='word_1_8' title='bbox 1127 544 1300 628; x_wconf 58' lang='lat' dir='ltr'>Quinque*</span> 
     </span>
     <span class='ocr_line' id='line_1_3' title="bbox 160 638 376 706; baseline 0.009 -2"><span class='ocrx_word' id='word_1_9' title='bbox 160 638 376 706; x_wconf 88' lang='lat' dir='ltr'>ecclesiensis.</span> 
     </span>
    </p>
   </div>
   <div class='ocr_carea' id='block_1_3' title="bbox 160 835 1299 1088">
    <p class='ocr_par' dir='ltr' id='par_1_3' title="bbox 160 835 1299 1088">
     <span class='ocr_line' id='line_1_4' title="bbox 160 835 1299 912; baseline 0.01 -24"><span class='ocrx_word' id='word_1_10' title='bbox 160 835 242 899; x_wconf 78' lang='lat' dir='ltr'>(Grdf</span> <span class='ocrx_word' id='word_1_11' title='bbox 258 837 385 903; x_wconf 75' lang='lat' dir='ltr'>Bathory</span> <span class='ocrx_word' id='word_1_12' title='bbox 404 837 499 889; x_wconf 81' lang='lat' dir='ltr'>Endre</span> <span class='ocrx_word' id='word_1_13' title='bbox 518 839 738 906; x_wconf 71' lang='lat' dir='ltr'>utezagbirdnak</span> <span class='ocrx_word' id='word_1_14' title='bbox 760 845 836 892; x_wconf 80' lang='lat'>1564.</span> <span class='ocrx_word' id='word_1_15' title='bbox 858 845 986 909; x_wconf 82' lang='lat' dir='ltr'>»Posonij</span> <span class='ocrx_word' id='word_1_16' title='bbox 1006 847 1145 897; x_wconf 88' lang='lat' dir='ltr'>sabbatho</span> <span class='ocrx_word' id='word_1_17' title='bbox 1158 849 1299 912; x_wconf 86' lang='lat' dir='ltr'>proximo</span> 
     </span>
     <span class='ocr_line' id='line_1_5' title="bbox 160 927 1298 997; baseline 0.009 -21"><span class='ocrx_word' id='word_1_18' title='bbox 160 929 223 988; x_wconf 87' lang='lat' dir='ltr'>post</span> <span class='ocrx_word' id='word_1_19' title='bbox 242 927 345 977; x_wconf 80' lang='lat' dir='ltr'>festum</span> <span class='ocrx_word' id='word_1_20' title='bbox 364 927 575 980; x_wconf 86' lang='lat' dir='ltr'>Purificacionis</span> <span class='ocrx_word' id='word_1_21' title='bbox 587 929 675 979; x_wconf 83' lang='lat' dir='ltr'>Beate</span> <span class='ocrx_word' id='word_1_22' title='bbox 688 929 778 982; x_wconf 80' lang='lat' dir='ltr'>Mario</span> <span class='ocrx_word' id='word_1_23' title='bbox 792 932 934 997; x_wconf 76' lang='lat' dir='ltr'>Virginis«</span> <span class='ocrx_word' id='word_1_24' title='bbox 948 933 1062 984; x_wconf 84' lang='lat' dir='ltr'>kiadott</span> <span class='ocrx_word' id='word_1_25' title='bbox 1074 934 1192 986; x_wconf 72' lang='lat' dir='ltr'>oktavds</span> <span class='ocrx_word' id='word_1_26' title='bbox 1208 937 1298 986; x_wconf 75' lang='lat' dir='ltr'>atina-</span> 
     </span>
     <span class='ocr_line' id='line_1_6' title="bbox 248 1013 1193 1088; baseline 0.013 -25"><span class='ocrx_word' id='word_1_27' title='bbox 248 1013 346 1076; x_wconf 58' lang='lat' dir='ltr'>tebth</span> <span class='ocrx_word' id='word_1_28' title='bbox 375 1031 392 1066; x_wconf 88' lang='lat' dir='ltr'>a</span> <span class='ocrx_word' id='word_1_29' title='bbox 411 1015 519 1068; x_wconf 77' lang='lat' dir='ltr'>tomen.</span> <span class='ocrx_word' id='word_1_30' title='bbox 537 1017 655 1083; x_wconf 76' lang='lat' dir='ltr'>herczeg</span> <span class='ocrx_word' id='word_1_31' title='bbox 673 1017 848 1084; x_wconf 73' lang='lat' dir='ltr'>Eszterhazy</span> <span class='ocrx_word' id='word_1_32' title='bbox 867 1021 960 1072; x_wconf 78' lang='lat' dir='ltr'>csaldd</span> <span class='ocrx_word' id='word_1_33' title='bbox 979 1021 1193 1088; x_wconf 78' lang='lat' dir='ltr'>levtlttrtban.)</span> 
     </span>
    </p>
   </div>
   <div class='ocr_carea' id='block_1_4' title="bbox 590 1303 856 1314">
    <p class='ocr_par' dir='ltr' id='par_1_4' title="bbox 590 1303 856 1314">
     <span class='ocr_line' id='line_1_7' title="bbox 590 1303 856 1314; baseline 0.011 -3"><span class='ocrx_word' id='word_1_34' title='bbox 590 1303 856 1314; x_wconf 76' lang='lat'><em>---·-—.—..-—-..-..</em></span> 
     </span>
    </p>
   </div>
   <div class='ocr_carea' id='block_1_5' title="bbox 688 1849 763 1917">
    <p class='ocr_par' dir='ltr' id='par_1_5' title="bbox 688 1849 763 1917">
     <span class='ocr_line' id='line_1_8' title="bbox 688 1849 763 1917; baseline 0.027 -2"><span class='ocrx_word' id='word_1_35' title='bbox 688 1849 763 1917; x_wconf 80' lang='lat'>445.</span> 
     </span>
    </p>
   </div>
   <div class='ocr_carea' id='block_1_6' title="bbox 159 2043 1290 2342">
    <p class='ocr_par' dir='ltr' id='par_1_6' title="bbox 159 2043 1290 2342">
     <span class='ocr_line' id='line_1_9' title="bbox 159 2043 1290 2134; baseline 0.006 -25"><span class='ocrx_word' id='word_1_36' title='bbox 159 2043 190 2109; x_wconf 79' lang='lat' dir='ltr'><em>A</em></span> <span class='ocrx_word' id='word_1_37' title='bbox 203 2048 355 2132; x_wconf 75' lang='lat' dir='ltr'>pozadpai</span> <span class='ocrx_word' id='word_1_38' title='bbox 370 2047 597 2133; x_wconf 78' lang='lat' dir='ltr'>kdptadannah</span> <span class='ocrx_word' id='word_1_39' title='bbox 621 2047 896 2134; x_wconf 75' lang='lat' dir='ltr'>hizoaysdpleucde,</span> <span class='ocrx_word' id='word_1_40' title='bbox 928 2051 1013 2134; x_wconf 68' lang='lat' dir='ltr'>hopy</span> <span class='ocrx_word' id='word_1_41' title='bbox 1044 2049 1160 2132; x_wconf 78' lang='lat' dir='ltr'>Ja&#39;oos,</span> <span class='ocrx_word' id='word_1_42' title='bbox 1190 2050 1290 2116; x_wconf 71' lang='lat' dir='ltr'>Ptar</span> 
     </span>
     <span class='ocr_line' id='line_1_10' title="bbox 162 2151 1287 2241; baseline 0.002 -23"><span class='ocrx_word' id='word_1_43' title='bbox 162 2154 318 2218; x_wconf 75' lang='lat' dir='ltr'>corneanelc</span> <span class='ocrx_word' id='word_1_44' title='bbox 328 2153 382 2235; x_wconf 79' lang='lat' dir='ltr'>fio</span> <span class='ocrx_word' id='word_1_45' title='bbox 408 2151 645 2219; x_wconf 77' lang='lat' dir='ltr'>Gramachnt&#39;ch</span> <span class='ocrx_word' id='word_1_46' title='bbox 675 2163 755 2218; x_wconf 80' lang='lat' dir='ltr'>acuti</span> <span class='ocrx_word' id='word_1_47' title='bbox 779 2154 890 2241; x_wconf 79' lang='lat' dir='ltr'>fdddet</span> <span class='ocrx_word' id='word_1_48' title='bbox 920 2155 1027 2220; x_wconf 79' lang='lat' dir='ltr'>elodta</span> <span class='ocrx_word' id='word_1_49' title='bbox 1059 2157 1194 2221; x_wconf 78' lang='lat' dir='ltr'>Loroad</span> <span class='ocrx_word' id='word_1_50' title='bbox 1225 2157 1287 2220; x_wconf 77' lang='lat' dir='ltr'>tcta</span> 
     </span>
     <span class='ocr_line' id='line_1_11' title="bbox 580 2261 913 2342; baseline -0.006 -16"><span class='ocrx_word' id='word_1_51' title='bbox 580 2261 724 2342; x_wconf 75' lang='lat' dir='ltr'>ficiculo.</span> <span class='ocrx_word' id='word_1_52' title='bbox 758 2261 857 2326; x_wconf 86' lang='lat'><em>1293.</em></span> <span class='ocrx_word' id='word_1_53' title='bbox 908 2327 913 2341; x_wconf 23' lang='lat' dir='ltr'>p</span> 
     </span>
    </p>
   </div>
   <div class='ocr_carea' id='block_1_7' title="bbox 154 2443 1344 4569">
    <p class='ocr_par' dir='ltr' id='par_1_7' title="bbox 154 2443 1344 4569">
     <span class='ocr_line' id='line_1_12' title="bbox 268 2443 1291 2542; baseline 0.005 -21"><span class='ocrx_word' id='word_1_54' title='bbox 268 2457 337 2521; x_wconf 88' lang='lat' dir='ltr'>Nos</span> <span class='ocrx_word' id='word_1_55' title='bbox 355 2453 536 2542; x_wconf 78' lang='lat' dir='ltr'>Capitulum</span> <span class='ocrx_word' id='word_1_56' title='bbox 553 2443 697 2522; x_wconf 77' lang='lat' dir='ltr'>Ecclesia</span> <span class='ocrx_word' id='word_1_57' title='bbox 713 2455 827 2522; x_wconf 82' lang='lat' dir='ltr'><strong>Sancti</strong></span> <span class='ocrx_word' id='word_1_58' title='bbox 843 2457 931 2523; x_wconf 89' lang='lat' dir='ltr'>Petri</span> <span class='ocrx_word' id='word_1_59' title='bbox 946 2457 988 2523; x_wconf 89' lang='lat' dir='ltr'>dc</span> <span class='ocrx_word' id='word_1_60' title='bbox 1014 2458 1139 2541; x_wconf 82' lang='lat' dir='ltr'>Posoga</span> <span class='ocrx_word' id='word_1_61' title='bbox 1170 2479 1291 2526; x_wconf 87' lang='lat' dir='ltr'>memo-</span> 
     </span>
     <span class='ocr_line' id='line_1_13' title="bbox 162 2559 1287 2651; baseline 0.004 -25"><span class='ocrx_word' id='word_1_62' title='bbox 162 2559 210 2626; x_wconf 91' lang='lat' dir='ltr'>ric</span> <span class='ocrx_word' id='word_1_63' title='bbox 227 2559 491 2627; x_wconf 79' lang='lat' dir='ltr'>commendantes</span> <span class='ocrx_word' id='word_1_64' title='bbox 507 2560 730 2644; x_wconf 84' lang='lat' dir='ltr'>significamus</span> <span class='ocrx_word' id='word_1_65' title='bbox 746 2563 915 2651; x_wconf 80' lang='lat' dir='ltr'>uniuersis,</span> <span class='ocrx_word' id='word_1_66' title='bbox 933 2561 1019 2648; x_wconf 89' lang='lat' dir='ltr'>quod</span> <span class='ocrx_word' id='word_1_67' title='bbox 1045 2561 1194 2631; x_wconf 89' lang='lat' dir='ltr'>Johanne</span> <span class='ocrx_word' id='word_1_68' title='bbox 1219 2565 1287 2631; x_wconf 89' lang='lat' dir='ltr'>filio</span> 
     </span>
     <span class='ocr_line' id='line_1_14' title="bbox 161 2645 1288 2754; baseline 0.004 -22"><span class='ocrx_word' id='word_1_69' title='bbox 161 2667 294 2733; x_wconf 85' lang='lat' dir='ltr'>Comitis</span> <span class='ocrx_word' id='word_1_70' title='bbox 310 2665 394 2731; x_wconf 92' lang='lat' dir='ltr'>Petri</span> <span class='ocrx_word' id='word_1_71' title='bbox 412 2687 470 2752; x_wconf 90' lang='lat' dir='ltr'>pro</span> <span class='ocrx_word' id='word_1_72' title='bbox 487 2688 532 2752; x_wconf 87' lang='lat' dir='ltr'>se,</span> <span class='ocrx_word' id='word_1_73' title='bbox 549 2675 580 2734; x_wconf 90' lang='lat' dir='ltr'>et</span> <span class='ocrx_word' id='word_1_74' title='bbox 596 2689 653 2754; x_wconf 92' lang='lat' dir='ltr'>pro</span> <span class='ocrx_word' id='word_1_75' title='bbox 670 2668 822 2735; x_wconf 88' lang='lat' dir='ltr'>Borichio</span> <span class='ocrx_word' id='word_1_76' title='bbox 839 2688 878 2736; x_wconf 90' lang='lat' dir='ltr'>ao</span> <span class='ocrx_word' id='word_1_77' title='bbox 893 2645 1004 2735; x_wconf 76' lang='lat' dir='ltr'>Belud</span> <span class='ocrx_word' id='word_1_78' title='bbox 1031 2669 1187 2754; x_wconf 76' lang='lat' dir='ltr'>iratribus</span> <span class='ocrx_word' id='word_1_79' title='bbox 1219 2671 1288 2739; x_wconf 86' lang='lat' dir='ltr'>suis</span> 
     </span>
     <span class='ocr_line' id='line_1_15' title="bbox 159 2772 1289 2860; baseline 0.002 -22"><span class='ocrx_word' id='word_1_80' title='bbox 159 2775 200 2839; x_wconf 92' lang='lat' dir='ltr'>ah</span> <span class='ocrx_word' id='word_1_81' title='bbox 218 2791 285 2839; x_wconf 90' lang='lat' dir='ltr'>vna</span> <span class='ocrx_word' id='word_1_82' title='bbox 301 2778 402 2857; x_wconf 86' lang='lat' dir='ltr'>parte,</span> <span class='ocrx_word' id='word_1_83' title='bbox 419 2772 556 2839; x_wconf 88' lang='lat' dir='ltr'>Nicolao</span> <span class='ocrx_word' id='word_1_84' title='bbox 572 2773 638 2840; x_wconf 91' lang='lat' dir='ltr'>filio</span> <span class='ocrx_word' id='word_1_85' title='bbox 654 2773 777 2841; x_wconf 91' lang='lat' dir='ltr'>Inocha</span> <span class='ocrx_word' id='word_1_86' title='bbox 792 2775 836 2840; x_wconf 91' lang='lat' dir='ltr'>ab</span> <span class='ocrx_word' id='word_1_87' title='bbox 851 2775 956 2846; x_wconf 89' lang='lat' dir='ltr'>altera</span> <span class='ocrx_word' id='word_1_88' title='bbox 972 2793 1082 2840; x_wconf 88' lang='lat' dir='ltr'>coram</span> <span class='ocrx_word' id='word_1_89' title='bbox 1099 2775 1193 2840; x_wconf 91' lang='lat' dir='ltr'>nohis</span> <span class='ocrx_word' id='word_1_90' title='bbox 1217 2796 1289 2860; x_wconf 91' lang='lat' dir='ltr'>per-</span> 
     </span>
     <span class='ocr_line' id='line_1_16' title="bbox 160 2877 1289 2966; baseline 0.002 -20"><span class='ocrx_word' id='word_1_91' title='bbox 160 2878 318 2946; x_wconf 88' lang='lat' dir='ltr'>sonaliter</span> <span class='ocrx_word' id='word_1_92' title='bbox 334 2877 532 2965; x_wconf 86' lang='lat' dir='ltr'>constitutis,</span> <span class='ocrx_word' id='word_1_93' title='bbox 554 2878 720 2966; x_wconf 87' lang='lat' dir='ltr'>predictus</span> <span class='ocrx_word' id='word_1_94' title='bbox 746 2879 914 2948; x_wconf 82' lang='lat' dir='ltr'>dohannes</span> <span class='ocrx_word' id='word_1_95' title='bbox 932 2881 1100 2946; x_wconf 81' lang='lat' dir='ltr'>confessus</span> <span class='ocrx_word' id='word_1_96' title='bbox 1131 2887 1180 2945; x_wconf 90' lang='lat' dir='ltr'>est</span> <span class='ocrx_word' id='word_1_97' title='bbox 1210 2881 1289 2948; x_wconf 87' lang='lat' dir='ltr'>vina</span> 
     </span>
     <span class='ocr_line' id='line_1_17' title="bbox 159 2985 1285 3071; baseline 0.002 -18"><span class='ocrx_word' id='word_1_98' title='bbox 159 3007 249 3071; x_wconf 88' lang='lat' dir='ltr'>uoce,</span> <span class='ocrx_word' id='word_1_99' title='bbox 265 2985 350 3070; x_wconf 89' lang='lat' dir='ltr'>qnod</span> <span class='ocrx_word' id='word_1_100' title='bbox 368 2985 531 3070; x_wconf 88' lang='lat' dir='ltr'>quandam</span> <span class='ocrx_word' id='word_1_101' title='bbox 549 2993 668 3053; x_wconf 85' lang='lat' dir='ltr'>terram</span> <span class='ocrx_word' id='word_1_102' title='bbox 685 3005 777 3052; x_wconf 88' lang='lat' dir='ltr'>suam</span> <span class='ocrx_word' id='word_1_103' title='bbox 794 2985 1015 3052; x_wconf 79' lang='lat' dir='ltr'>Gramachnih</span> <span class='ocrx_word' id='word_1_104' title='bbox 1033 2991 1285 3054; x_wconf 87' lang='lat' dir='ltr'>uocatameuam</span> 
     </span>
     <span class='ocr_line' id='line_1_18' title="bbox 159 3091 1285 3180; baseline -0.001 -19"><span class='ocrx_word' id='word_1_105' title='bbox 159 3094 347 3180; x_wconf 86' lang='lat' dir='ltr'>porcionem</span> <span class='ocrx_word' id='word_1_106' title='bbox 364 3091 612 3180; x_wconf 77' lang='lat' dir='ltr'>contingentem,</span> <span class='ocrx_word' id='word_1_107' title='bbox 643 3111 742 3176; x_wconf 89' lang='lat' dir='ltr'>quam</span> <span class='ocrx_word' id='word_1_108' title='bbox 758 3099 946 3178; x_wconf 83' lang='lat' dir='ltr'>paterenus</span> <span class='ocrx_word' id='word_1_109' title='bbox 963 3111 984 3156; x_wconf 88' lang='lat' dir='ltr'>a</span> <span class='ocrx_word' id='word_1_110' title='bbox 999 3091 1154 3158; x_wconf 85' lang='lat' dir='ltr'>Baitoldo</span> <span class='ocrx_word' id='word_1_111' title='bbox 1170 3097 1202 3157; x_wconf 90' lang='lat' dir='ltr'>et</span> <span class='ocrx_word' id='word_1_112' title='bbox 1218 3095 1285 3160; x_wconf 85' lang='lat' dir='ltr'>Ma·</span> 
     </span>
     <span class='ocr_line' id='line_1_19' title="bbox 160 3197 1291 3285; baseline 0.002 -19"><span class='ocrx_word' id='word_1_113' title='bbox 160 3200 230 3267; x_wconf 90' lang='lat' dir='ltr'>thia</span> <span class='ocrx_word' id='word_1_114' title='bbox 245 3198 324 3284; x_wconf 88' lang='lat' dir='ltr'>filijs</span> <span class='ocrx_word' id='word_1_115' title='bbox 338 3197 481 3266; x_wconf 84' lang='lat' dir='ltr'>Lorandi</span> <span class='ocrx_word' id='word_1_116' title='bbox 497 3199 580 3266; x_wconf 88' lang='lat' dir='ltr'>Bani</span> <span class='ocrx_word' id='word_1_117' title='bbox 597 3219 655 3285; x_wconf 88' lang='lat' dir='ltr'>pro</span> <span class='ocrx_word' id='word_1_118' title='bbox 672 3197 808 3282; x_wconf 81' lang='lat' dir='ltr'>triginta</span> <span class='ocrx_word' id='word_1_119' title='bbox 825 3197 950 3265; x_wconf 90' lang='lat' dir='ltr'>duabus</span> <span class='ocrx_word' id='word_1_120' title='bbox 975 3202 1094 3264; x_wconf 88' lang='lat' dir='ltr'>marcis</span> <span class='ocrx_word' id='word_1_121' title='bbox 1120 3218 1291 3284; x_wconf 75' lang='lat' dir='ltr'>compara·</span> 
     </span>
     <span class='ocr_line' id='line_1_20' title="bbox 160 3305 1289 3392; baseline 0.003 -20"><span class='ocrx_word' id='word_1_122' title='bbox 160 3314 265 3391; x_wconf 85' lang='lat' dir='ltr'>uerat,</span> <span class='ocrx_word' id='word_1_123' title='bbox 283 3305 472 3392; x_wconf 87' lang='lat' dir='ltr'>supradicto</span> <span class='ocrx_word' id='word_1_124' title='bbox 488 3305 623 3374; x_wconf 85' lang='lat' dir='ltr'>Nicolao</span> <span class='ocrx_word' id='word_1_125' title='bbox 641 3312 672 3374; x_wconf 89' lang='lat' dir='ltr'>et</span> <span class='ocrx_word' id='word_1_126' title='bbox 689 3307 758 3374; x_wconf 85' lang='lat' dir='ltr'>suis</span> <span class='ocrx_word' id='word_1_127' title='bbox 782 3305 957 3374; x_wconf 86' lang='lat' dir='ltr'>heredibus</span> <span class='ocrx_word' id='word_1_128' title='bbox 989 3323 1047 3390; x_wconf 94' lang='lat' dir='ltr'>pro</span> <span class='ocrx_word' id='word_1_129' title='bbox 1077 3305 1199 3374; x_wconf 87' lang='lat' dir='ltr'>eisdem</span> <span class='ocrx_word' id='word_1_130' title='bbox 1231 3309 1289 3375; x_wconf 92' lang='lat' dir='ltr'>tri·</span> 
     </span>
     <span class='ocr_line' id='line_1_21' title="bbox 159 3411 1285 3499; baseline 0.003 -20"><span class='ocrx_word' id='word_1_131' title='bbox 159 3414 255 3498; x_wconf 80' lang='lat' dir='ltr'>ginta</span> <span class='ocrx_word' id='word_1_132' title='bbox 271 3411 397 3480; x_wconf 90' lang='lat' dir='ltr'>duabus</span> <span class='ocrx_word' id='word_1_133' title='bbox 412 3413 529 3478; x_wconf 87' lang='lat' dir='ltr'>marcis</span> <span class='ocrx_word' id='word_1_134' title='bbox 545 3413 641 3498; x_wconf 86' lang='lat' dir='ltr'>plene</span> <span class='ocrx_word' id='word_1_135' title='bbox 656 3414 797 3499; x_wconf 85' lang='lat' dir='ltr'>receptis</span> <span class='ocrx_word' id='word_1_136' title='bbox 815 3434 855 3481; x_wconf 82' lang='lat' dir='ltr'>ex</span> <span class='ocrx_word' id='word_1_137' title='bbox 871 3411 1042 3480; x_wconf 89' lang='lat' dir='ltr'>uoluntate</span> <span class='ocrx_word' id='word_1_138' title='bbox 1066 3413 1285 3496; x_wconf 88' lang='lat' dir='ltr'>predictorum</span> 
     </span>
     <span class='ocr_line' id='line_1_22' title="bbox 158 3517 1290 3606; baseline 0 -18"><span class='ocrx_word' id='word_1_139' title='bbox 158 3519 301 3604; x_wconf 84' lang='lat' dir='ltr'>Borichij</span> <span class='ocrx_word' id='word_1_140' title='bbox 319 3527 353 3586; x_wconf 90' lang='lat' dir='ltr'>et</span> <span class='ocrx_word' id='word_1_141' title='bbox 367 3519 471 3586; x_wconf 90' lang='lat' dir='ltr'>Belud</span> <span class='ocrx_word' id='word_1_142' title='bbox 487 3519 621 3586; x_wconf 86' lang='lat' dir='ltr'>fratrum</span> <span class='ocrx_word' id='word_1_143' title='bbox 638 3540 767 3589; x_wconf 89' lang='lat' dir='ltr'>suorum</span> <span class='ocrx_word' id='word_1_144' title='bbox 783 3517 987 3588; x_wconf 85' lang='lat' dir='ltr'>uendidisset</span> <span class='ocrx_word' id='word_1_145' title='bbox 1003 3525 1161 3605; x_wconf 89' lang='lat' dir='ltr'>perpetuo</span> <span class='ocrx_word' id='word_1_146' title='bbox 1184 3524 1290 3606; x_wconf 85' lang='lat' dir='ltr'>possi-</span> 
     </span>
     <span class='ocr_line' id='line_1_23' title="bbox 160 3624 1289 3712; baseline 0.005 -20"><span class='ocrx_word' id='word_1_147' title='bbox 160 3626 319 3706; x_wconf 89' lang='lat' dir='ltr'>dendam;</span> <span class='ocrx_word' id='word_1_148' title='bbox 344 3624 554 3710; x_wconf 80' lang='lat' dir='ltr'>expediturus</span> <span class='ocrx_word' id='word_1_149' title='bbox 571 3645 606 3694; x_wconf 86' lang='lat' dir='ltr'>ee</span> <span class='ocrx_word' id='word_1_150' title='bbox 622 3627 873 3712; x_wconf 87' lang='lat' dir='ltr'>assumpmcndo</span> <span class='ocrx_word' id='word_1_151' title='bbox 903 3625 945 3694; x_wconf 91' lang='lat' dir='ltr'>ab</span> <span class='ocrx_word' id='word_1_152' title='bbox 980 3625 1100 3692; x_wconf 65' lang='lat' dir='ltr'>medem</span> <span class='ocrx_word' id='word_1_153' title='bbox 1133 3624 1289 3698; x_wconf 84' lang='lat' dir='ltr'>fratribus</span> 
     </span>
     <span class='ocr_line' id='line_1_24' title="bbox 158 3731 1287 3820; baseline 0.001 -18"><span class='ocrx_word' id='word_1_154' title='bbox 158 3733 237 3820; x_wconf 86' lang='lat' dir='ltr'>suis,</span> <span class='ocrx_word' id='word_1_155' title='bbox 253 3733 281 3800; x_wconf 86' lang='lat' dir='ltr'>si</span> <span class='ocrx_word' id='word_1_156' title='bbox 298 3751 450 3817; x_wconf 88' lang='lat' dir='ltr'>processu</span> <span class='ocrx_word' id='word_1_157' title='bbox 467 3737 648 3818; x_wconf 88' lang='lat' dir='ltr'>temporum</span> <span class='ocrx_word' id='word_1_158' title='bbox 680 3753 780 3819; x_wconf 87' lang='lat' dir='ltr'>super</span> <span class='ocrx_word' id='word_1_159' title='bbox 810 3733 871 3799; x_wconf 92' lang='lat' dir='ltr'>hoc</span> <span class='ocrx_word' id='word_1_160' title='bbox 902 3731 989 3799; x_wconf 84' lang='lat' dir='ltr'>iacto</span> <span class='ocrx_word' id='word_1_161' title='bbox 1021 3731 1287 3803; x_wconf 84' lang='lat' dir='ltr'>contradixerint.</span> 
     </span>
     <span class='ocr_line' id='line_1_25' title="bbox 159 3837 1288 3929; baseline 0.003 -22"><span class='ocrx_word' id='word_1_162' title='bbox 159 3841 260 3908; x_wconf 80' lang='lat' dir='ltr'>Cuius</span> <span class='ocrx_word' id='word_1_163' title='bbox 275 3845 361 3906; x_wconf 85' lang='lat' dir='ltr'>terre</span> <span class='ocrx_word' id='word_1_164' title='bbox 376 3837 482 3925; x_wconf 87' lang='lat' dir='ltr'>prima</span> <span class='ocrx_word' id='word_1_165' title='bbox 497 3847 585 3907; x_wconf 87' lang='lat' dir='ltr'>meta</span> <span class='ocrx_word' id='word_1_166' title='bbox 600 3839 716 3929; x_wconf 83' lang='lat' dir='ltr'>incipit</span> <span class='ocrx_word' id='word_1_167' title='bbox 735 3861 757 3907; x_wconf 90' lang='lat' dir='ltr'>a</span> <span class='ocrx_word' id='word_1_168' title='bbox 772 3844 866 3927; x_wconf 90' lang='lat' dir='ltr'>parte</span> <span class='ocrx_word' id='word_1_169' title='bbox 892 3837 1084 3907; x_wconf 86' lang='lat' dir='ltr'>occidentali</span> <span class='ocrx_word' id='word_1_170' title='bbox 1115 3840 1149 3906; x_wconf 92' lang='lat' dir='ltr'>in</span> <span class='ocrx_word' id='word_1_171' title='bbox 1180 3843 1288 3927; x_wconf 88' lang='lat' dir='ltr'>capite</span> 
     </span>
     <span class='ocr_line' id='line_1_26' title="bbox 158 3944 1344 4035; baseline 0.001 -20"><span class='ocrx_word' id='word_1_172' title='bbox 158 3947 259 4016; x_wconf 91' lang='lat' dir='ltr'>riuuli</span> <span class='ocrx_word' id='word_1_173' title='bbox 275 3944 418 4012; x_wconf 87' lang='lat' dir='ltr'>Doikoki</span> <span class='ocrx_word' id='word_1_174' title='bbox 434 3945 552 4035; x_wconf 88' lang='lat' dir='ltr'>uocati,</span> <span class='ocrx_word' id='word_1_175' title='bbox 583 3954 617 4014; x_wconf 89' lang='lat' dir='ltr'>et</span> <span class='ocrx_word' id='word_1_176' title='bbox 631 3947 676 4014; x_wconf 93' lang='lat' dir='ltr'>ihi</span> <span class='ocrx_word' id='word_1_177' title='bbox 693 3949 753 4015; x_wconf 84' lang='lat' dir='ltr'>sub</span> <span class='ocrx_word' id='word_1_178' title='bbox 770 3948 886 4015; x_wconf 87' lang='lat' dir='ltr'>arbore</span> <span class='ocrx_word' id='word_1_179' title='bbox 902 3947 964 4033; x_wconf 92' lang='lat' dir='ltr'>piri</span> <span class='ocrx_word' id='word_1_180' title='bbox 983 3955 1032 4013; x_wconf 89' lang='lat' dir='ltr'>est</span> <span class='ocrx_word' id='word_1_181' title='bbox 1048 3952 1136 4013; x_wconf 90' lang='lat' dir='ltr'>meta</span> <span class='ocrx_word' id='word_1_182' title='bbox 1161 3954 1289 4032; x_wconf 86' lang='lat' dir='ltr'>terrea;</span> <span class='ocrx_word' id='word_1_183' title='bbox 1339 3985 1344 3990; x_wconf 95' lang='lat'>·</span> 
     </span>
     <span class='ocr_line' id='line_1_27' title="bbox 155 4049 1284 4139; baseline 0.002 -17"><span class='ocrx_word' id='word_1_184' title='bbox 155 4054 235 4123; x_wconf 89' lang='lat' dir='ltr'>inde</span> <span class='ocrx_word' id='word_1_185' title='bbox 251 4049 397 4120; x_wconf 84' lang='lat' dir='ltr'>ascendit</span> <span class='ocrx_word' id='word_1_186' title='bbox 412 4053 456 4119; x_wconf 93' lang='lat' dir='ltr'>ad</span> <span class='ocrx_word' id='word_1_187' title='bbox 472 4054 567 4120; x_wconf 87' lang='lat' dir='ltr'>berch</span> <span class='ocrx_word' id='word_1_188' title='bbox 584 4073 696 4123; x_wconf 88' lang='lat' dir='ltr'>versus</span> <span class='ocrx_word' id='word_1_189' title='bbox 712 4055 909 4138; x_wconf 85' lang='lat' dir='ltr'>aquilonem,</span> <span class='ocrx_word' id='word_1_190' title='bbox 927 4059 959 4120; x_wconf 89' lang='lat' dir='ltr'>et</span> <span class='ocrx_word' id='word_1_191' title='bbox 975 4051 1124 4139; x_wconf 89' lang='lat' dir='ltr'>pemenit</span> <span class='ocrx_word' id='word_1_192' title='bbox 1139 4053 1182 4120; x_wconf 92' lang='lat' dir='ltr'>ad</span> <span class='ocrx_word' id='word_1_193' title='bbox 1199 4057 1284 4124; x_wconf 81' lang='lat' dir='ltr'>viam</span> 
     </span>
     <span class='ocr_line' id='line_1_28' title="bbox 155 4160 1288 4247; baseline 0.001 -17"><span class='ocrx_word' id='word_1_194' title='bbox 155 4160 339 4244; x_wconf 86' lang='lat' dir='ltr'>antiquam,</span> <span class='ocrx_word' id='word_1_195' title='bbox 355 4166 388 4226; x_wconf 93' lang='lat' dir='ltr'>et</span> <span class='ocrx_word' id='word_1_196' title='bbox 404 4160 449 4227; x_wconf 91' lang='lat' dir='ltr'>ihi</span> <span class='ocrx_word' id='word_1_197' title='bbox 464 4165 514 4228; x_wconf 87' lang='lat' dir='ltr'>est</span> <span class='ocrx_word' id='word_1_198' title='bbox 529 4165 616 4230; x_wconf 85' lang='lat' dir='ltr'>meta</span> <span class='ocrx_word' id='word_1_199' title='bbox 632 4168 757 4244; x_wconf 83' lang='lat' dir='ltr'>terrca3</span> <span class='ocrx_word' id='word_1_200' title='bbox 780 4161 857 4228; x_wconf 92' lang='lat' dir='ltr'>inde</span> <span class='ocrx_word' id='word_1_201' title='bbox 873 4180 930 4247; x_wconf 88' lang='lat' dir='ltr'>per</span> <span class='ocrx_word' id='word_1_202' title='bbox 947 4160 1034 4228; x_wconf 90' lang='lat' dir='ltr'>idem</span> <span class='ocrx_word' id='word_1_203' title='bbox 1059 4160 1157 4227; x_wconf 91' lang='lat' dir='ltr'>berch</span> <span class='ocrx_word' id='word_1_204' title='bbox 1181 4164 1288 4231; x_wconf 88' lang='lat' dir='ltr'>tendit</span> 
     </span>
     <span class='ocr_line' id='line_1_29' title="bbox 154 4265 1289 4355; baseline 0 -15"><span class='ocrx_word' id='word_1_205' title='bbox 154 4289 272 4340; x_wconf 82' lang='lat' dir='ltr'>versus</span> <span class='ocrx_word' id='word_1_206' title='bbox 288 4270 457 4355; x_wconf 83' lang='lat' dir='ltr'>orientem,</span> <span class='ocrx_word' id='word_1_207' title='bbox 490 4275 521 4336; x_wconf 91' lang='lat' dir='ltr'>et</span> <span class='ocrx_word' id='word_1_208' title='bbox 538 4270 690 4354; x_wconf 91' lang='lat' dir='ltr'>peruenit</span> <span class='ocrx_word' id='word_1_209' title='bbox 706 4269 749 4336; x_wconf 92' lang='lat' dir='ltr'>ad</span> <span class='ocrx_word' id='word_1_210' title='bbox 765 4268 927 4355; x_wconf 85' lang='lat' dir='ltr'>quoddam</span> <span class='ocrx_word' id='word_1_211' title='bbox 943 4265 1075 4350; x_wconf 84' lang='lat' dir='ltr'>kalisto,</span> <span class='ocrx_word' id='word_1_212' title='bbox 1109 4275 1141 4334; x_wconf 87' lang='lat' dir='ltr'>ct</span> <span class='ocrx_word' id='word_1_213' title='bbox 1155 4268 1200 4335; x_wconf 93' lang='lat' dir='ltr'>ibi</span> <span class='ocrx_word' id='word_1_214' title='bbox 1225 4273 1289 4339; x_wconf 88' lang='lat' dir='ltr'>suh</span> 
     </span>
     <span class='ocr_line' id='line_1_30' title="bbox 156 4375 1289 4462; baseline 0.002 -16"><span class='ocrx_word' id='word_1_215' title='bbox 156 4378 274 4446; x_wconf 85' lang='lat' dir='ltr'>arbore</span> <span class='ocrx_word' id='word_1_216' title='bbox 290 4377 425 4446; x_wconf 81' lang='lat' dir='ltr'>hamath</span> <span class='ocrx_word' id='word_1_217' title='bbox 442 4382 492 4444; x_wconf 88' lang='lat' dir='ltr'>est</span> <span class='ocrx_word' id='word_1_218' title='bbox 506 4383 594 4444; x_wconf 87' lang='lat' dir='ltr'>meta</span> <span class='ocrx_word' id='word_1_219' title='bbox 609 4381 736 4461; x_wconf 82' lang='lat' dir='ltr'>terrea3</span> <span class='ocrx_word' id='word_1_220' title='bbox 762 4384 794 4444; x_wconf 91' lang='lat' dir='ltr'>et</span> <span class='ocrx_word' id='word_1_221' title='bbox 808 4377 960 4462; x_wconf 89' lang='lat' dir='ltr'>peruenit</span> <span class='ocrx_word' id='word_1_222' title='bbox 976 4375 1019 4443; x_wconf 92' lang='lat' dir='ltr'>ad</span> <span class='ocrx_word' id='word_1_223' title='bbox 1036 4377 1139 4442; x_wconf 87' lang='lat' dir='ltr'>locum</span> <span class='ocrx_word' id='word_1_224' title='bbox 1155 4377 1289 4448; x_wconf 85' lang='lat' dir='ltr'>vadista</span> 
     </span>
     <span class='ocr_line' id='line_1_31' title="bbox 155 4482 1287 4569; baseline 0.004 -18"><span class='ocrx_word' id='word_1_225' title='bbox 155 4491 330 4568; x_wconf 78' lang='lat' dir='ltr'>uocatum3</span> <span class='ocrx_word' id='word_1_226' title='bbox 355 4484 432 4552; x_wconf 90' lang='lat' dir='ltr'>inde</span> <span class='ocrx_word' id='word_1_227' title='bbox 448 4503 508 4569; x_wconf 88' lang='lat' dir='ltr'>per</span> <span class='ocrx_word' id='word_1_228' title='bbox 522 4484 609 4550; x_wconf 84' lang='lat' dir='ltr'>idem</span> <span class='ocrx_word' id='word_1_229' title='bbox 625 4482 726 4552; x_wconf 84' lang='lat' dir='ltr'>berch</span> <span class='ocrx_word' id='word_1_230' title='bbox 742 4492 775 4552; x_wconf 90' lang='lat' dir='ltr'>et</span> <span class='ocrx_word' id='word_1_231' title='bbox 791 4483 989 4551; x_wconf 81' lang='lat' dir='ltr'>antedictam</span> <span class='ocrx_word' id='word_1_232' title='bbox 1019 4483 1106 4550; x_wconf 88' lang='lat' dir='ltr'>viam</span> <span class='ocrx_word' id='word_1_233' title='bbox 1137 4488 1287 4566; x_wconf 86' lang='lat' dir='ltr'>peruenit</span> 
     </span>
    </p>
   </div>
   <div class='ocr_carea' id='block_1_8' title="bbox 155 4587 1291 4763">
    <p class='ocr_par' dir='ltr' id='par_1_8' title="bbox 155 4587 1291 4763">
     <span class='ocr_line' id='line_1_32' title="bbox 155 4587 1291 4734; baseline 0.002 -76"><span class='ocrx_word' id='word_1_234' title='bbox 155 4591 203 4658; x_wconf 85' lang='lat' dir='ltr'>ud</span> <span class='ocrx_word' id='word_1_235' title='bbox 219 4591 319 4679; x_wconf 72' lang='lat' dir='ltr'>mam,</span> <span class='ocrx_word' id='word_1_236' title='bbox 337 4610 399 4678; x_wconf 87' lang='lat' dir='ltr'>que</span> <span class='ocrx_word' id='word_1_237' title='bbox 414 4591 505 4660; x_wconf 80' lang='lat' dir='ltr'>venit</span> <span class='ocrx_word' id='word_1_238' title='bbox 521 4611 542 4659; x_wconf 88' lang='lat' dir='ltr'>a</span> <span class='ocrx_word' id='word_1_239' title='bbox 558 4597 651 4678; x_wconf 88' lang='lat' dir='ltr'>parte</span> <span class='ocrx_word' id='word_1_240' title='bbox 667 4590 885 4674; x_wconf 85' lang='lat' dir='ltr'>meridionali,</span> <span class='ocrx_word' id='word_1_241' title='bbox 900 4597 932 4657; x_wconf 89' lang='lat' dir='ltr'>ct</span> <span class='ocrx_word' id='word_1_242' title='bbox 948 4588 993 4658; x_wconf 92' lang='lat' dir='ltr'>ibi</span> <span class='ocrx_word' id='word_1_243' title='bbox 1010 4587 1196 4734; x_wconf 57' lang='lat' dir='ltr'>suharbom</span> <span class='ocrx_word' id='word_1_244' title='bbox 1205 4593 1291 4678; x_wconf 81' lang='lat' dir='ltr'>yhor</span> 
     </span>
     <span class='ocr_line' id='line_1_33' title="bbox 1116 4698 1160 4763; baseline 0 0"><span class='ocrx_word' id='word_1_245' title='bbox 1116 4698 1160 4763; x_wconf 80' lang='lat'>35</span> 
     </span>
    </p>
   </div>
   <div class='ocr_carea' id='block_1_9' title="bbox 0 0 1578 5164">
    <p class='ocr_par' dir='ltr' id='par_1_9' title="bbox 0 0 1578 5164">
     <span class='ocr_line' id='line_1_34' title="bbox 0 0 1578 5164; baseline 0 0"><span class='ocrx_word' id='word_1_246' title='bbox 0 0 1578 5164; x_wconf 95' lang='lat' dir='ltr'> </span> 
     </span>
    </p>
   </div>
  </div>
 </body>
</html>
