3170 5166
798 263 959 374 geg

277 501 280 508 ·
423 461 490 534 Nou
505 461 618 551 igitur,
634 462 751 548 unibus
766 483 806 532 er
822 463 928 534 oldoio
943 448 1087 551 umoep'ti
1104 460 1273 552 regiminio
1288 461 1447 536 inoumlrit

316 571 420 640 metiri
436 579 468 641 et
483 589 623 659 pensare
639 571 755 640 merite
769 571 982 658 singulorum,
1015 579 1048 640 et
1062 571 1237 658 uniruique
1253 571 1347 641 iuxtu
1378 575 1445 656 erl»

318 680 465 764 geuoiem
482 700 614 748 suornm
631 679 816 748 meritorum
832 677 940 764 dignis
956 679 1277 750 remuneruoionibuu
1309 701 1446 768 respon·

317 791 404 876 dere,
422 788 708 857 commendabilem
724 786 914 860 fidelitatem
932 795 965 856 et
979 793 1077 874 grute
1092 787 1234 856 ueruioiu
1261 808 1320 856 reu
1351 789 1447 858 obre·

317 895 394 984 quin
409 895 489 965 dieti
520 896 688 984 Johennis,
720 917 784 982 qne
814 894 909 965 nobie
939 893 972 966 in
1004 892 1144 963 diuersis
1175 895 1443 982 expedicionilruu

319 1004 424 1090 Regni
440 1005 543 1072 nostri
558 1011 624 1071 tum
642 1003 851 1088 generalibus
867 1021 963 1086 quum
980 1001 1232 1089 purtioulmibue
1248 1001 1396 1072 exhibuit
1409 1009 1444 1070 et

319 1110 479 1197 inpendit,
494 1111 708 1188 attendentes,
724 1109 935 1196 volentesque
951 1109 1054 1178 eidem
1070 1130 1130 1196 pro
1147 1115 1195 1176 tot
1209 1115 1242 1177 et
1257 1108 1358 1177 nuti·
1378 1129 1443 1180 eer-

318 1217 425 1304 uioiju,
439 1217 552 1303 Regiis
567 1235 736 1287 ooourrere
752 1215 925 1306 donatiuiu,
940 1235 1139 1302 quemquem
1154 1215 1253 1302 pluro
1267 1221 1302 1285 et
1310 1216 1444 1304 poedore

318 1331 501 1410 mereretur,
519 1325 553 1392 in
569 1323 743 1410 aliqualem
760 1323 1220 1410 unonreoonpenouoionom
1228 1323 1442 1392 oeruieiorom

316 1453 456 1521 enorum,
489 1440 522 1500 et
537 1433 679 1502 maxime
694 1451 753 1517 pro
769 1439 871 1500 morte
885 1431 1002 1500 Juoobi
1018 1431 1129 1500 fratris
1145 1431 1207 1516 eui,
1239 1431 1362 1498 dietum
1378 1439 1442 1500 ter·

316 1560 385 1607 rum
403 1539 492 1608 Zeelr
508 1559 581 1606 oum
597 1537 747 1608 omnibns
761 1537 955 1606 utilitatibus
970 1537 1049 1626 rulo,
1065 1537 1190 1624 prelato
1204 1535 1351 1606 dohunni
1377 1537 1444 1608 fillo

315 1646 466 1734 Nyooloy
481 1645 638 1728 dedimus,
669 1644 865 1712 dononimnu
882 1650 915 1712 et
930 1643 1125 1714 eontulimuo
1140 1641 1204 1712 eibi
1219 1649 1252 1710 et
1283 1663 1342 1730 per
1368 1661 1441 1714 eum

314 1757 384 1824 uuio
399 1753 574 1824 heredibus
590 1749 809 1836 heredumque
825 1771 957 1819 suorum
973 1749 1217 1820 onooeseorituo
1233 1750 1303 1818 iure
1328 1771 1443 1839 perpe-

315 1870 368 1930 tuo
384 1867 417 1931 et
431 1857 688 1930 irremeabiliter
697 1857 832 1946 poeldee
844 1858 1085 1944 possidendum.
1102 1857 1314 1927 Insinuumue
1323 1866 1445 1946 tumen

315 1969 403 2056 quod
419 1968 564 2056 prelutne
578 1967 746 2036 lohannes
761 1965 806 2034 ud
821 1968 998 2034 exereitum
1030 1969 1176 2033 noetrum
1208 1964 1340 2033 melone
1370 1987 1443 2053 pre·

313 2077 381 2145 inte
396 2083 480 2144 terre
496 2076 606 2146 venire
621 2081 780 2161 teneatur,
797 2076 882 2142 siout
892 2075 991 2142 ueteri
1001 2074 1129 2142 nobiles
1139 2073 1173 2141 in
1183 2073 1295 2158 Regno
1306 2073 1441 2163 Hungu-

314 2184 362 2252 rie
379 2187 566 2254 existentes.
589 2183 756 2252 Wolnmue
769 2182 884 2268 eoium,
898 2183 985 2267 quod
1002 2187 1193 2270 prenotatur
1208 2179 1380 2249 Johunnee
1406 2182 1441 2252 in

313 2293 486 2378 prerenoiu
501 2291 721 2361 Purroohielio
736 2289 869 2358 comitio
886 2289 928 2357 de
943 2290 1069 2376 Soepue
1085 2309 1144 2378 pro
1161 2295 1306 2376 tempore
1321 2289 1442 2359 eonsti-

312 2399 391 2466 tntr'u
407 2397 493 2486 (lgy)
510 2399 544 2466 in
561 2399 681 2467 iudidio
695 2404 804 2468 uetere
819 2397 952 2466 minime
968 2404 1127 2486 teneatur,
1143 2397 1206 2466 uiri
1222 2398 1256 2464 in
1267 2397 1445 2468 Proeuoi·

312 2506 430 2574 Noetre
445 2506 636 2576 lluieututir.
660 2507 700 2575 In
716 2505 807 2576 ouius
823 2506 871 2576 rei
897 2505 1085 2574 memorium
1099 2504 1356 2590 firmitatemque
1370 2525 1443 2595 per·

310 2615 442 2700 potuum
458 2619 623 2700 presentes
639 2613 857 2682 oonoeerimun
873 2615 1001 2686 litteroe
1017 2613 1185 2700 dupplieio
1209 2611 1312 2700 sigilli
1338 2613 1441 2701 nostri

311 2721 488 2790 munimine
502 2723 681 2791 roboretur.
705 2723 824 2792 Dolum
839 2741 898 2810 per
913 2741 1029 2790 muuur
1045 2721 1242 2792 venerabilis
1258 2721 1363 2808 putris
1379 2720 1442 2788 tru-

167 2877 170 2882 -
312 2830 373 2898 trie
388 2829 541 2918 Anthonij
561 2831 603 2899 de
618 2828 741 2900 Ordine
755 2830 915 2898 Minorem
929 2829 993 2898 Dei
1008 2829 1122 2917 gronio
1136 2829 1294 2917 Epieoopi
1311 2827 1442 2916 Chunu-

311 2937 445 3024 dienuin,
476 2937 561 3006 Aule
574 2944 683 3008 noutre
706 2934 996 3026 Viuellunoellnrij,
1029 2935 1142 3006 dileoti
1157 2943 1190 3006 et
1204 2935 1312 3005 fidelis
1328 2937 1442 3023 nostri,

308 3065 395 3114 enno
410 3045 541 3114 Domini
566 3043 687 3112 Μ’(ἶθο
711 3045 923 3132 nonogesimo
939 3063 1034 3113 nono.

310 3245 451 3306 OEredetie
470 3243 655 3309 norbertum.
680 3245 801 3310 melyrdl
819 3260 836 3296 e
853 3243 1005 3310 peoremek
1024 3243 1157 3296 tdredeke
1175 3243 1259 3296 vdrdr
1278 3215 1442 3309 uelyemxui·

479 3335 570 3387 ndron
591 3335 679 3402 suigg5
712 3333 832 3388 ebudei
850 3333 904 3386 kir.
922 3333 1052 3386 kemurei
1070 3331 1268 3396 leutlttrben.)
1424 3329 1428 3339 '
