3170 5166
746 901 821 994 580.

214 1100 323 1176 Jdrroa
339 1103 461 1175 maeror·
475 1097 538 1174 baa
554 1100 678 1194 Goapci
691 1100 864 1192 Domokost
878 1108 911 1176 c'a
925 1107 1037 1175 Pom
1059 1107 1193 1195 ajaclja
1216 1072 1346 1198 Kopaci

415 1199 420 1206 ¹
521 1215 834 1282 Tauromenitanae.
858 1191 909 1281 liv
924 1213 1047 1284 attint.
1099 1291 1101 1296 ,

321 1411 487 1483 Johanoes
517 1408 629 1478 Barrus
661 1408 702 1478 do
735 1409 884 1498 Machou,
920 1411 1037 1480 Comes
1066 1408 1273 1502 Syrmieusie,
1302 1413 1345 1486 dc

213 1520 364 1607 Wolkou,
381 1519 423 1588 do
439 1517 573 1603 Budrug
589 1524 622 1585 ct
638 1515 678 1585 dc
703 1518 858 1606 Baranya
887 1518 1063 1588 karissimo
1094 1524 1250 1608 compatri
1281 1543 1342 1592 suo

212 1627 372 1714 Magistro
402 1625 527 1695 'Phorna
543 1625 610 1694 tilio
642 1625 769 1715 Kupsa,
800 1634 833 1693 et
848 1625 1013 1696 Demetrio
1029 1625 1121 1694 sratri
1136 1647 1195 1697 suo
1210 1627 1343 1697 inclina·

213 1739 339 1804 cionem
369 1753 443 1802 curn
474 1733 698 1802 indissolubile
739 1733 904 1802 vinculum
935 1731 1023 1822 (igy)
1054 1735 1270 1821 proximitatis
1300 1757 1342 1806 ex

213 1843 333 1912 afectu.
365 1840 516 1910 Vestram
547 1841 847 1926 compaternitatem
879 1840 1072 1926 requirimus
1088 1849 1271 1911 reuerentcr
1284 1863 1344 1928 per

215 1955 398 2038 presentes,
432 1947 519 2032 quod
535 1948 740 2016 Dominicum
755 1955 788 2016 ct
805 1950 935 2016 Petrum
959 1948 1045 2016 filios
1075 1947 1235 2036 Stephani
1264 1951 1344 2020 dicti

213 2057 329 2142 Oonpa
360 2055 404 2123 ad
419 2061 561 2124 vestram
588 2055 782 2142 peticionem
798 2057 974 2142 specialem
990 2055 1169 2142 recipiatis,
1186 2065 1220 2125 ut
1236 2059 1342 2127 eciam

211 2163 386 2234 aDomino
400 2170 511 2234 nostro
536 2164 644 2232 extitit
676 2173 874 2254 preceptum,
889 2173 925 2234 ut
955 2170 1208 2252 protegeromus.
1238 2165 1339 2235 Aliud

212 2273 314 2342 nostri
329 2273 443 2359 gracia
457 2292 522 2339 nou
547 2271 675 2342 factori.

319 2383 455 2451 Kivtl
471 2407 479 2449 ε
495 2381 677 2453 Karissimo
694 2382 852 2470 compatri
868 2403 928 2452 suo
954 2383 1086 2470 Thomu,
1101 2389 1134 2450 et
1162 2383 1340 2472 Demetrio,

211 2490 290 2578 tilijs
299 2487 422 2577 Kapsa

213 2687 357 2756 OEredotie
387 2686 574 2758 borhtrtytn,
605 2688 788 2755 apecsttnek
820 2687 953 2743 comneno
971 2691 1037 2757 meg
1054 2699 1192 2764 magram
1219 2691 1340 2748 abudai

570 2780 624 2832 lrir.
643 2781 771 2834 kamarai
789 2781 986 2847 levtltstrban.)

642 3084 910 3104 munta—nrm

738 3617 813 3698 531.

205 3827 408 3895 Miucooa‘c
425 3821 741 3913 e‘aoolkoifr'iiapain
758 3829 918 3894 okiiztca
946 3827 1081 3894 Kotmcir
1112 3831 1144 3894 cu
1175 3825 1336 3896 Bertolan
1387 3831 1393 3846 '

205 3934 468 4024 ktiatfcaosorpo
480 3959 574 4024 perca
590 3935 874 4110 τίρμοιὲΐίίαέειῗὲξι
890 3933 984 4000 biron
1008 3935 1207 4003 elioteaeaerc
1239 3937 1336 4002 Μετὰ.

314 4240 382 4309 Nos
420 4239 577 4308 Nicotaus
607 4239 719 4307 Bauus
735 4237 852 4308 Comes
870 4239 910 4307 de
925 4237 1045 4307 Wolko
1062 4239 1177 4307 damus
1194 4259 1253 4326 pro
1270 4260 1336 4308 me·

206 4348 319 4436 moria,
334 4349 422 4431 qood
438 4368 512 4417 cum
528 4367 636 4432 causa,
652 4367 749 4432 quam
763 4347 800 4414 in
817 4347 941 4414 octauis
966 4347 1060 4415 Beati
1090 4347 1221 4416 Andree
1250 4352 1335 4433 Apo-

204 4457 280 4527 stoli
296 4457 474 4525 absbamas
503 4474 575 4521 com
598 4454 764 4522 Kalmerio
791 4461 825 4521 et
840 4453 1065 4523 Bartholomeo
1080 4475 1188 4522 coram
1204 4453 1336 4524 domino

204 4567 305 4657 Rege,
336 4565 410 4656 pari
441 4563 608 4633 uoluntate
639 4565 882 4652 prorogauimus
912 4561 956 4631 art
986 4570 1119 4634 octonas
1152 4560 1336 4656 Epiphania
