3170 5166
220 1158 287 1223 III.
305 1156 415 1220 ΜΝ
429 1153 540 1238 kirtly
557 1154 738 1237 meyerb'aa'tr'
755 1153 816 1218 IV.
840 1154 955 1217 ,Lasaia
984 1153 1161 1238 kirdlynak
1193 1153 1352 1240 bizonyor,

220 1291 242 1330 cr
261 1263 411 1346 Somoyyt
427 1261 547 1327 erirhoa
563 1261 687 1324 tartozd
695 1259 915 1344 stlattas-itiner
930 1262 1086 1345 ta'rqyazd
1101 1261 1304 1346 adomdnydt,
1330 1285 1351 1325 a

413 1367 601 1452 nyailsza'qati
625 1366 854 1453 apciezaza'r·da
871 1371 1032 1432 sadmdra.
1058 1368 1154 1432 1299.

329 1565 396 1628 Nos
426 1560 577 1628 Andreas
608 1560 671 1626 Dei
703 1562 816 1643 gracia
845 1561 915 1626 Rex
940 1561 1109 1644 Hungarie
1125 1562 1349 1646 significamus

218 1671 336 1756 quibus
352 1667 486 1754 expedit
499 1668 673 1750 vniuersis,
706 1667 793 1750 quod
824 1667 924 1734 frater
954 1667 1121 1736 Johannes
1153 1669 1195 1736 de
1226 1668 1349 1734 Ordine

217 1779 355 1844 fratrum
379 1777 622 1843 Predieatorum
641 1774 787 1842 exhibuit
802 1777 897 1842 nobis
923 1781 1070 1860 patentes
1085 1777 1210 1845 litteras
1226 1775 1349 1844 damini

220 1883 371 1951 Ladiziai
386 1883 523 1950 illustris
538 1885 635 1967 Regis
656 1881 824 1967 Hnngarie
853 1882 942 1950 clare
972 1883 1211 1952 reeordaeionis
1242 1885 1347 1952 karis-
1406 1905 1410 1915 ·

221 1991 294 2060 simi
325 1989 436 2057 fratris
466 1990 567 2056 nostri
598 1989 768 2077 patruelis,
799 1995 915 2076 patens
933 2011 953 2054 a
969 1989 1062 2057 nobis
1087 2011 1159 2057 eum
1175 1990 1348 2074 instancia,

220 2107 256 2166 vt
271 2100 361 2186 ipsas
378 2105 467 2164 ratas
483 2098 612 2182 habere,
623 2105 655 2162 et
665 2084 785 2164 nostris
801 2097 1013 2181 dignaremur
1029 2099 1215 2183 patentibus
1230 2099 1348 2166 litteris

218 2207 417 2273 confirmare.
435 2203 577 2298 ¹(irratam
593 2205 723 2288 quidem
741 2205 923 2271 litterarum
942 2210 1035 2270 tenor
1050 2207 1128 2272 talis
1145 2211 1202 2273 est.

326 2313 394 2379 Nos
410 2309 583 2380 Ladiziaus
599 2311 640 2380 D.
650 2333 697 2396 gr.
715 2312 786 2379 Rex
802 2312 969 2396 Hungarie
985 2314 1045 2378 stb.
1064 2312 1277 2397 (kevetkezik
1291 2314 1346 2379 IV.

219 2419 333 2486 Laszlt
350 2418 527 2506 kirtlynak
544 2420 809 2506 adomanylevele
826 2419 907 2485 mint
922 2419 1032 2486 fenteb
1058 2423 1134 2488 557.
1150 2441 1195 2489 sa.
1212 2419 1257 2505 a.)

326 2528 395 2593 Nos
412 2527 511 2617 igitur
530 2529 825 2614 supplieaeionibns
857 2529 960 2614 ipsius
993 2528 1104 2596 fratris
1136 2527 1298 2596 Johannis
1316 2534 1349 2594 et

216 2652 365 2700 sororum
382 2635 486 2718 Regio
502 2642 708 2703 occurrentes
723 2657 793 2702 eum
822 2635 943 2718 fanore,
959 2633 1090 2702 easdem
1105 2635 1232 2702 litteras
1247 2634 1347 2718 Regis

217 2738 366 2807 Ladizlai
385 2749 474 2808 ratas
506 2741 667 2812 habentes
684 2749 715 2808 et
746 2747 908 2827 acceptas,
940 2741 981 2806 de
1011 2741 1108 2809 verbo
1140 2742 1183 2808 ad
1213 2744 1347 2808 verbum

216 2849 420 2932 presentibus
452 2849 604 2937 insertas,
632 2850 828 2916 auctoritate
844 2847 1048 2933 presentium
1065 2846 1217 2916 duximus
1234 2849 1346 2916 eonfit-

214 2955 363 3023 mandas.
394 2957 514 3021 Datum
546 2956 637 3024 Bude
666 2956 699 3021 in
732 2953 897 3023 domtniea
935 2955 1066 3038 Exurge
1098 2977 1182 3024 anno
1214 2957 1345 3023 Domini

215 3060 388 3129 millesimo
405 3062 626 3132 ducentesimo
643 3067 856 3149 nonagesimo
873 3083 966 3130 nono.

359 3259 463 3321 (nahar
481 3260 632 3327 najmnyr
651 3246 741 3314 taam
760 3259 966 3329 attrahagyott
983 3263 1189 3327 ntzrrararetr.)
