3148 5146
606 327 767 424 *Q-
854 282 857 288 ,

121 521 290 590 nantibus.
314 517 465 606 Rolendo
482 519 634 586 Palatino
665 524 697 586 et
726 515 846 586 Judieo
878 517 1103 604 Cumanorum,
1135 520 1255 605 ngidio

121 630 281 714 Magistro
298 627 556 695 Teuurnieorum
573 631 762 708 nostrorum,
792 625 921 692 Matheo
938 625 1120 712 Woywada
1134 627 1254 698 Trans-

122 737 253 804 silusno
268 740 301 801 et
317 733 443 804 Oomite
459 733 501 800 de
517 733 644 818 Zonnk,
673 732 834 818 Dyonisio
866 733 983 800 Judiee
1015 733 1111 801 Ourie
1142 741 1253 804 nostre

123 844 249 912 Gemite
264 843 463 928 Zaladiensi,
488 841 581 928 Moys
596 841 753 924 Magistro
769 841 1023 910 Tanaruieorum
1038 841 1169 911 domine
1193 845 1254 912 Re·

122 953 200 1036 gine
215 956 248 1017 et
264 949 388 1017 Gemite
404 946 444 1016 de
459 949 580 1034 Zepus,
611 950 707 1015 Petro
724 947 847 1016 Gemite
863 949 1078 1036 supruniensi
1093 957 1126 1017 et
1150 950 1255 1036 Symi-

121 1057 241 1144 giemi,
256 1057 408 1143 Philippo
424 1055 548 1124 Oomite
563 1055 669 1124 Oestri
685 1057 809 1144 Penei,
826 1057 986 1126 Michaele
1002 1057 1125 1124 Comite
1151 1057 1253 1126 Nitri-

123 1165 206 1253 ensi,
222 1164 398 1232 Salomone
413 1163 538 1231 Gemite
553 1163 698 1250 Albensi,
730 1172 763 1232 et
778 1165 855 1252 aiijs
872 1185 968 1250 quum
985 1164 1134 1252 pluribus
1150 1163 1254 1234 Comi·

120 1279 210 1342 tetus
227 1273 334 1357 Regni
352 1271 539 1341 tenentibus
556 1279 589 1340 et
605 1271 755 1342 honoros.

121 1471 262 1535 (Eredetie
280 1470 465 1536 borhirtytn,
484 1471 604 1537 melyrol
623 1485 640 1522 a
658 1471 809 1537 pemernek
822 1471 1123 1540 teredekenoldutrgu
1136 1475 1253 1541 ssiysm·

284 1561 419 1615 zsinoron
436 1561 525 1629 iiigg5
545 1577 562 1613 e
580 1561 666 1615 budui
685 1563 738 1615 kir.
757 1563 884 1616 kamerai
903 1563 1098 1630 levolttrbau.)

653 2497 723 2566 llo.

117 2697 139 2762 1
144 2697 178 2766 V.
193 2699 316 2766 Lduzio'
331 2698 443 2783 tirety
459 2697 641 2784 mopero'otti
661 2695 694 2760 V.
713 2693 824 2762 quen
838 2697 1017 2784 kirdipeok
1033 2721 1055 2763 e
1071 2696 1251 2765 Zenonem-

120 2805 319 2895 zetstybetielr
334 2831 350 2874 s
366 2807 494 2893 Koposz
509 2805 617 2870 Dones
633 2805 664 2868 e‘o
689 2805 887 2871 erueremur
912 2807 985 2873 tom
1015 2805 1084 2873 eobo
1117 2804 1251 2873 Gemite-

228 2917 353 3002 meyyei
370 2913 474 2979 birros
489 2911 674 2999 tu'rpyctban
690 2913 817 2980 kinton
832 2915 1034 2981 u'te'letleuele‘t.
1051 2915 1149 2980 1275.

229 3110 408 3178 Ladinlaus
438 3110 499 3178 Dei
532 3108 644 3193 grama
675 3109 856 3197 Hungurie,
876 3109 1055 3196 Dalmnoie,
1086 3109 1251 3196 Gronaeie,
1316 3153 1319 3160 ,

120 3221 233 3306 Reme,
250 3219 376 3304 Seruio,
393 3218 540 3300 (tellicio,
556 3219 757 3306 Lodomerie,
775 3219 932 3286 Cumanie
949 3219 1166 3303 Bulgarieque
1183 3218 1253 3284 Rex

121 3326 272 3393 omnibus
284 3326 405 3394 Christi
414 3326 565 3394 fidelibus
577 3331 644 3393 tnrn
655 3326 860 3412 presentibus
877 3345 973 3409 quum
985 3326 1103 3392 futuris
1120 3344 1252 3412 presens

120 3434 279 3519 seriptum
299 3431 499 3502 intuentibus
516 3435 654 3502 salutem
670 3433 704 3499 in
720 3433 835 3500 salutis
850 3432 1015 3516 largitore.
1031 3430 1111 3499 Cum
1127 3433 1250 3501 instan-

121 3541 173 3607 eis
190 3541 314 3627 exigat,
340 3541 428 3608 raoio
445 3542 595 3628 postulet,
623 3542 645 3608 J
648 3561 684 3608 us
700 3540 855 3606 Diuinum
873 3547 905 3606 et
922 3539 1026 3606 Ciuile
1043 3540 1251 3629 persuadent,

120 3649 280 3734 profioeat
295 3656 328 3714 et
343 3649 454 3737 saluti,
486 3656 521 3716 vt
537 3671 577 3717 ee
593 3668 656 3733 que
673 3651 767 3738 iuste,
799 3651 862 3716 rite
878 3648 1185 3734 racionabiliterque
1217 3651 1250 3717 in

119 3756 227 3824 forma
243 3757 355 3842 jndioij
375 3759 531 3825 anostris
547 3757 741 3842 parentibus
772 3757 1076 3843 progenitoribusue
1108 3757 1247 3824 oonsilio

120 3866 288 3931 Beronum
304 3862 409 3948 Regni
425 3865 470 3932 ad
487 3867 547 3933 hoo
563 3865 711 3932 adhibito
728 3875 760 3932 et
779 3885 938 3934 eonsensu
963 3865 1141 3934 seeundum
1169 3864 1254 3950 juris

123 3971 272 4039 ordinem
289 3971 428 4040 diffinita
444 3975 511 4040 sint
542 3973 786 4042 sentencialiter
818 3981 850 4040 et
882 3974 1029 4064 demota,⁸
1055 3975 1249 4060 approbare,

118 4082 214 4146 firme
232 4087 265 4145 et
280 4085 352 4146 rete
369 4082 488 4150 hebere
505 4089 536 4148 et
552 4081 701 4150 stabilire
718 4088 884 4168 congruat,
900 4089 933 4147 vt
949 4083 1022 4148 finis
1037 4081 1150 4148 litibus
1160 4081 1253 4166 inpo-

117 4195 229 4274 natur,
249 4193 282 4254 et
298 4188 443 4271 legitime
458 4189 628 4257 aeuionatu
644 4209 702 4276 per·
714 4189 910 4257 sentenoinm
920 4189 1055 4274 Regiam
1067 4189 1132 4254 inm
1142 4188 1252 4274 sopito

118 4315 292 4364 remanere
308 4296 448 4363 debeant
463 4299 497 4364 in
513 4317 573 4365 suo
584 4297 698 4364 robore
708 4299 881 4382 duratu1n3
899 4297 941 4364 ed
957 4298 1151 4381 peticionem
1163 4303 1195 4364 et
1206 4295 1248 4361 in·

117 4403 281 4471 steneiam
298 4405 497 4473 venerabilis
513 4405 616 4492 patris
632 4407 662 4472 J.
679 4404 740 4473 Dei
757 4405 870 4489 gumein
885 4403 1039 4491 Episcopi
1049 4404 1253 4488 Quinqueee-

116 4511 294 4581 eleisurnm
305 4512 415 4582 dileoti
426 4522 458 4582 et
468 4514 571 4582 tidelis
581 4515 718 4582 Beronis
729 4516 841 4601 nostri,
859 4515 1064 4600 priuilegium
1080 4515 1249 4583 karissimi

114 4621 228 4708 patris
244 4622 349 4690 nostri
365 4641 463 4712 super
479 4624 574 4694 terris
591 4643 648 4692 seu
664 4621 785 4710 predijs
800 4621 1104 4712 possessionibusue
1119 4623 1248 4719 Preion,
