3096 5160
745 183 935 286 „rm

260 376 433 458 Zakadath
464 377 567 446 dictas
600 399 725 446 marcas
757 379 790 446 in
823 376 1077 466 redempciousm
1103 383 1288 451 medietatis
1304 391 1398 452 terre

259 485 346 554 Bika
364 487 529 554 Demetrio
547 491 579 552 et
595 486 762 571 Stephano
780 487 854 571 filije
887 485 1007 552 Mathei
1039 488 1167 557 soluere
1199 489 1394 558 debuissent

256 615 366 664 coram
383 593 485 680 uobis,
501 593 609 678 itaque
626 601 736 679 partes
754 591 979 682 preueuieutes
994 593 1079 662 huuc
1104 595 1189 662 diem
1206 596 1387 666 solucicnis

257 705 291 770 ln
308 709 449 769 nostram
466 701 669 789 presenciam
686 703 883 771 accesserint
897 729 904 790 3
927 705 1173 788 prenominatus
1201 705 1389 774 Demetrius

257 831 317 897 pro
342 831 377 878 se
409 815 441 879 et
474 830 530 894 pro
563 810 677 878 ecdem
709 811 875 897 Stephano
906 811 1007 876 fratre
1037 829 1096 879 suo
1128 811 1163 878 in
1184 815 1393 897 presenciam

258 917 398 986 astando
415 917 584 985 confessus
599 917 664 985 fuit
679 937 714 985 se
730 918 895 1004 recepisse
909 917 1096 1006 sepedictus
1116 939 1242 987 marcas
1273 921 1392 989 decem

259 1025 300 1092 ab
331 1025 455 1094 eisdem
486 1025 609 1092 Gemite
642 1025 799 1095 Ladizlac
831 1035 864 1095 et
888 1025 1035 1094 Nicolac.
1069 1029 1187 1094 Datum
1219 1026 1254 1093 in
1271 1029 1393 1114 vigilia

258 1132 511 1219 Dpiplrauiamm
533 1133 675 1202 Domini.

295 1331 331 1394 (Δ
351 1332 426 1398 pecu
444 1333 638 1400 ktptalannalr
660 1335 770 1386 rasa-kt
794 1328 958 1398 atinatrtbdt
982 1334 1055 1388 mint
1073 1334 1157 1387 altbb
1177 1335 1239 1385 444..
1259 1351 1297 1388 sn.
1317 1339 1354 1398 a.)

787 2156 863 2225 488.

257 2353 681 2445 Aooevdrilrdptaluunak
705 2357 975 2442 dizonyedplecclc,
997 2358 1079 2443 leopy
1103 2357 1245 2422 Mortua
1276 2377 1397 2436 ecma-

260 2461 435 2528 Ozkemrrele
444 2464 507 2549 fla,
532 2465 564 2528 e‘s
580 2464 678 2528 Peter
694 2487 803 2548 comes,
835 2463 1010 2528 Itemerrrelr
1033 2464 1095 2546 fia,
1126 2461 1277 2547 dizcnyoa
1297 2484 1388 2546 peres

529 2570 643 2655 fdlclre
658 2574 751 2638 udzce
768 2570 983 2658 appectoraret.
1007 2571 1108 2637 1292.

361 2755 438 2833 Noe¹
460 2763 573 2832 Comes
600 2765 767 2833 Emericus
782 2766 897 2833 Bubek
913 2765 1019 2834 Judex
1035 2764 1131 2832 (lurie
1146 2762 1270 2831 domini
1287 2761 1393 2848 Sigis-

257 2871 367 2942 muudi
409 2873 470 2942 Dei
502 2873 614 2960 gracia
644 2875 744 2957 Regis
777 2873 944 2958 Hungarie
985 2871 1100 2940 damus
1130 2891 1189 2956 pro
1222 2869 1392 2952 memoria,

262 2981 347 3066 quod
378 2981 529 3069 Mychael
561 2983 724 3050 litteratus
748 2982 831 3050 lilius
846 2981 975 3049 Nieclai
992 2981 1033 3049 de
1050 2981 1195 3064 ligemur
1211 2998 1270 3064 pro
1287 2978 1389 3046 nubili

261 3089 394 3156 domina
410 3089 507 3158 Clara
523 3097 639 3158 uocata
655 3096 839 3156 matresua
869 3088 930 3156 stb.
963 3089 996 3154 in
1029 3088 1154 3155 octenis
1186 3085 1260 3154 festi
1293 3087 1389 3155 Beati

256 3196 428 3265 Michaelis
468 3196 666 3280 Archangeli
708 3197 855 3282 proxime
893 3195 1039 3282 preteriti
1071 3195 1105 3260 in
1134 3197 1243 3280 figura
1282 3194 1390 3262 nostri

258 3303 378 3388 Judicij
411 3303 627 3392 competendo
660 3311 771 3371 contra
810 3303 979 3372 Nicolaum
1018 3302 1121 3370 filium
1155 3301 1316 3388 Stephani
1348 3303 1390 3370 de

257 3413 431 3480 Halastcw
447 3411 522 3498 stb.;
538 3413 684 3498 prefatus
700 3417 887 3497 procurater
898 3410 984 3479 dicte
994 3409 1112 3479 nobilis
1128 3410 1257 3479 demine
1273 3412 1390 3478 volens

258 3518 455 3587 antedictam
489 3519 781 3607 possessicnariam
814 3518 999 3604 porcionem
1031 3517 1130 3608 (inter
1162 3517 1389 3607 possessiones

258 3627 387 3696 Ozkcm
419 3635 452 3694 et
482 3625 742 3713 Markosieulde)
773 3625 877 3694 eidem
910 3625 1042 3694 domiue
1072 3625 1113 3693 dc
1143 3627 1213 3692 iure
1244 3623 1391 3692 attinere

258 3735 377 3804 debere
394 3735 612 3822 comprobare,
629 3733 788 3820 quasdam
805 3734 932 3802 litteras
964 3733 1104 3820 Capituli
1136 3733 1243 3802 (lustri
1274 3731 1391 3800 Ferrei

251 3849 406 3929 patentes
438 3845 473 3909 iu
504 3842 585 3910 iestc
617 3843 789 3910 Beatorum
821 3825 909 3909 Petri
943 3847 975 3910 et
990 3839 1082 3907 Pauli
1098 3840 1332 3926 Apostolorum
1349 3837 1385 3904 in

256 3971 345 4019 anno
360 3951 493 4019 Domini
511 3952 541 4015 Μ
550 3949 764 4017 ⁰OCO⁰LXX⁰
781 3956 896 4016 octauo
924 3945 1100 4034 coniectas,
1133 3954 1278 4016 tenorem
1311 3964 1391 4030 qua

251 4059 393 4128 rundam
425 4059 605 4126 litterarum
636 4057 715 4125 dieti
755 4056 898 4140 Capituli
939 4055 1198 4143 priuilegialium
1230 4055 1265 4122 in
1296 4074 1388 4122 anno

258 4167 390 4234 Domini
405 4165 525 4234 M⁰GC⁰
541 4165 753 4250 nonagesimo
770 4163 913 4234 secundo
929 4161 1149 4232 confectarum
1181 4164 1216 4231 in
1247 4185 1283 4234 se
1313 4183 1396 4234 ecn-

258 4275 398 4342 tineutes
429 4273 523 4342 uobis
554 4272 770 4360 presentauit;
797 4274 829 4338 in
861 4291 995 4358 quarum
1020 4271 1203 4342 litterarum
1220 4273 1390 4363 priuilegi-

258 4383 359 4449 alium
391 4380 548 4467 sepedicti
580 4381 721 4470 Capituli
762 4390 873 4451 tenore
913 4379 1093 4450 habebatur
1118 4406 1125 4450 :
1150 4381 1238 4466 quod
1270 4383 1391 4452 Comes

257 4490 369 4558 Petrus
400 4489 483 4560 tilius
515 4492 656 4578 Itemerij
683 4493 808 4562 abvua
825 4489 1208 4580 petasunculum
1228 4489 1314 4562 filius
1330 4491 1398 4562 Oz-
