3112 5154
548 343 707 442 „icr-

53 538 93 601 sis
112 552 332 602 cnmsnmma
348 533 527 622 diligencia
552 537 761 606 laudabiliter
794 536 938 608 exhibuit
970 541 1191 629 attendentes,

60 643 272 726 uolentesque
287 643 393 712 eidem
409 646 445 712 in
461 648 803 732 recompensacionem
820 649 1033 717 seruiciorum
1060 667 1194 718 suorum

57 751 193 834 aliquali
223 752 452 820 retribucionis
478 753 654 842 stipendio,
684 753 763 822 licet
787 756 937 841 ampliori
960 755 1190 826 munificencia

60 857 177 942 dignus
193 866 292 942 esset,
307 861 505 946 respondere
521 885 529 942 ;
554 861 717 945 quendam
733 868 851 930 terram
868 862 1056 932 Interiorem
1075 863 1189 932 Vrbna

58 971 273 1052 nuncupatam
290 967 324 1034 in
341 965 505 1034 Comitatu
521 967 562 1034 de
577 971 711 1054 Posega
728 969 931 1059 existentem,
957 976 990 1036 et
1014 970 1188 1040 collacioni

59 1082 165 1140 nostre
180 1074 404 1162 pertinentem,
421 1093 519 1159 qnam
536 1075 699 1160 quondam
715 1077 883 1144 Mortunus
897 1076 984 1146 lilius
994 1078 1092 1163 hlyhe
1103 1075 1190 1146 deti·

61 1183 167 1268 nebat,
184 1201 255 1248 cnm
271 1183 340 1248 suis
357 1183 553 1250 utilitatibus
571 1189 604 1250 et
619 1183 828 1268 pertinencijs
845 1183 1014 1270 uniuersis,
1031 1184 1072 1251 de
1089 1187 1189 1254 bene·

57 1287 174 1373 placito
191 1289 337 1356 eiusdem
353 1289 478 1358 domini
490 1290 644 1358 'Ladinlai
662 1291 759 1376 Regis
775 1291 941 1360 karissimi
957 1293 1014 1378 filij
1030 1293 1145 1379 nostri,
1155 1299 1189 1360 01

59 1397 220 1462 Beronum
236 1415 368 1462 suorum
395 1416 567 1485 consensu,
598 1417 639 1465 ex
669 1405 760 1466 certa
790 1398 998 1466 consciencia
1028 1399 1190 1488 dedimus,

58 1502 251 1570 donanimus
267 1510 299 1570 et
314 1507 511 1573 contulimus
526 1505 590 1590 ipsi
608 1503 726 1572 Comiti
742 1504 928 1592 Benedicto,
962 1511 994 1572 et
1019 1525 1077 1590 per
1109 1525 1185 1572 eum

56 1609 119 1676 suis
135 1609 311 1678 heredibus
328 1610 550 1697 heredumque
565 1611 809 1680 successoribus
826 1617 981 1699 perpetuo
1006 1617 1039 1680 01
1064 1611 1186 1680 irreco-

55 1717 203 1786 cebilitcr
226 1717 468 1804 possidendam.
508 1719 595 1786 Mete
623 1723 732 1786 autem
763 1719 866 1804 ipsius
897 1718 1065 1788 Inferioris
1097 1727 1183 1787 terre

57 1823 160 1892 Vrboa
175 1823 238 1892 hoc
254 1825 368 1892 ordine
384 1825 609 1910 distinguntur
625 1847 633 1892 t
649 1825 760 1894 Prima
775 1825 935 1911 siquidem
951 1833 1040 1894 meta
1062 1825 1180 1912 incipit

55 1952 73 1996 a
88 1930 225 1999 meridie
240 1932 332 1999 inxte
347 1932 482 2000 fluuium
498 1933 665 2003 (lhernech
680 1935 725 2002 ab
741 1933 856 2000 arbore
870 1932 950 2019 thul,
980 1933 1015 1999 in
1031 1953 1097 2019 qna
1129 1940 1181 2003 est

56 2059 130 2108 crux
142 2093 151 2126 ,
176 2039 296 2110 abinde
312 2041 459 2128 procedit
475 2041 519 2108 ad
545 2027 688 2130 partem¹
705 2041 1002 2127 septemtrionalem
1032 2041 1067 2109 in
1097 2041 1185 2111 siiua

50 2148 143 2215 Zane
159 2168 216 2235 per
231 2151 363 2216 arbores
381 2169 477 2217 cruce
494 2150 653 2236 signatas,
671 2157 702 2217 et
727 2150 762 2215 in
793 2151 883 2216 exitu
913 2147 1059 2217 eiusdem
1089 2149 1183 2238 silue,

56 2255 106 2322 ubi
122 2256 168 2322 ad
184 2275 333 2342 campum
349 2255 566 2343 protenditur,
583 2265 631 2325 est
647 2263 734 2324 meta
749 2265 859 2324 terrea
874 2257 934 2326 sub
950 2258 1067 2325 arbore
1092 2257 1186 2344 thul;

57 2362 171 2430 deinde
187 2363 293 2431 tendit
309 2363 418 2434 adhuc
436 2365 480 2430 ad
505 2367 770 2451 septemtrionem
796 2365 839 2432 ad
870 2373 988 2432 metam
1018 2371 1179 2452 terream

56 2470 170 2538 deinde
185 2469 331 2538 declinat
344 2491 402 2557 per
419 2493 570 2558 campum
588 2473 631 2545 ad
648 2479 788 2539 montem
805 2470 848 2539 ad
872 2478 992 2540 metam
1023 2479 1164 2542 terream
1173 2495 1184 2558 ς

55 2577 168 2644 abhinc
183 2577 290 2646 tendit
306 2579 350 2646 ad
367 2581 516 2646 arborem
532 2600 649 2646 nucum
664 2579 758 2647 iuxta
772 2579 905 2647 fluuium
922 2579 1047 2646 Wrbua
1057 2580 1180 2648 haben·

54 2691 114 2750 tem
129 2685 214 2751 iuter
229 2683 364 2752 frondes
381 2685 528 2770 lapidem
554 2688 737 2772 quendam3
763 2685 882 2753 deinde
912 2685 1050 2754 transito
1081 2685 1183 2755 fluuio

55 2792 162 2859 Vrbes
175 2791 260 2858 redit
275 2791 318 2860 ad
337 2793 436 2858 aliem
453 2793 601 2860 arborem
618 2793 709 2861 nucis
726 2813 821 2861 cruce
852 2794 1037 2877 signatam
1060 2791 1180 2862 deinde

55 2903 294 2988 appropinguat
310 2901 439 2969 cuidam
456 2902 519 2988 vie,
535 2903 628 2970 iuxta
643 2921 739 2987 quam
758 2910 809 2970 est
821 2907 1041 2985 metaterrea3
1059 2900 1179 2968 abinde

54 3009 194 3093 procedit
208 3028 323 3076 versus
339 3009 497 3076 orientem
525 3008 569 3076 ad
594 3008 755 3094 quoddam
786 3010 894 3096 berch,
925 3008 982 3076 vbi
1013 3013 1062 3075 est
1092 3013 1181 3075 meta

54 3127 175 3199 terrea;
197 3115 317 3182 deinde
332 3115 509 3184 reflectitur
527 3115 571 3182 ad
588 3117 757 3203 orientem,
789 3116 845 3184 vbi
871 3115 1006 3184 transito
1038 3113 1180 3202 qdodam

53 3224 151 3310 potolr
167 3225 227 3292 sub
242 3225 359 3292 arbore
375 3245 436 3290 nar
461 3229 513 3292 ost
538 3231 625 3292 meta
655 3232 783 3310 terrea;
808 3223 926 3292 deinde
956 3225 999 3291 ad
1030 3227 1180 3293 arborem

51 3333 110 3416 piri
126 3351 221 3398 cruce
237 3331 421 3419 signatam;
444 3329 564 3399 deinde
581 3332 669 3399 cadit
685 3332 719 3398 in
735 3331 836 3418 potok
867 3331 1098 3398 Bokuslennuk
1124 3353 1181 3401 no·

49 3441 216 3526 minatum,
233 3445 266 3504 et
281 3455 383 3522 nsque
399 3437 441 3504 ad
460 3439 596 3506 eundem
612 3439 717 3524 potolt
733 3459 862 3524 semper
878 3439 1050 3506 comitatur
1074 3438 1177 3527 Supe-
1241 3487 1243 3490 .

51 3545 127 3612 riori
143 3553 229 3611 terre
245 3543 367 3631 Vrbua,
392 3543 438 3610 ibi
456 3563 534 3612 vero
561 3545 677 3632 incipit
707 3531 895 3614 commetari
925 3552 1010 3612 terre
1041 3545 1176 3617 Comitis

51 3649 155 3737 Cheh;
180 3650 299 3716 deinde
315 3649 461 3736 procedit
476 3670 536 3738 per
551 3659 693 3719 meatum
709 3651 800 3720 illius
817 3650 918 3737 potolr
933 3649 976 3717 ed
1008 3652 1176 3723 meridiem

49 3777 152 3842 nsque
166 3757 210 3824 ad
225 3776 379 3842 magnam
396 3757 493 3844 mam,
525 3777 588 3842 que
604 3761 645 3826 de
661 3758 773 3826 Vrbua
797 3758 895 3845 venit,
927 3759 983 3826 ubi
1011 3764 1060 3828 cst
1090 3770 1177 3833 meta

47 3875 172 3948 terrea;
195 3864 316 3932 deinde
330 3885 390 3950 per
405 3864 543 3933 eandem
559 3869 646 3933 viam
663 3866 766 3932 tendit
781 3865 825 3933 ad
841 3866 1006 3950 orientem,
1038 3874 1071 3934 et
1086 3868 1176 3938 cadit

46 3975 87 4040 ed
104 3993 225 4057 aquam
242 3970 470 4058 Zlopchenyh,
503 3973 584 4040 etin
601 3973 714 4040 eadem
731 3994 818 4058 equa
834 3973 938 4042 tendit
954 3993 1066 4042 versus
1081 3977 1177 4044 meri·

46 4083 129 4148 diem
147 4081 181 4146 in
198 4079 316 4146 eadem
331 4099 435 4166 aqua;
459 4087 492 4146 et
508 4080 585 4148 inde
601 4081 669 4147 erit
683 4100 797 4148 versus
811 4081 984 4163 orientem;
1008 4088 1040 4148 et
1056 4083 1179 4152 abhinc
1201 4154 1202 4158 ,

45 4189 152 4273 vergit
165 4189 285 4255 iterato
301 4204 416 4254 uersus
432 4187 599 4254 meridiem
616 4190 677 4256 sab
703 4188 884 4276 Dastinlen,
917 4189 972 4256 vbi
1003 4195 1053 4257 est
1080 4191 1178 4260 arhor

45 4298 94 4382 syl
110 4315 171 4382 pro
187 4299 294 4375 meta3
318 4291 435 4360 dehinc
451 4294 655 4382 progreditur
671 4294 778 4364 adhuc
794 4315 906 4366 versus
932 4297 1100 4365 meridiem
1131 4301 1176 4368 ad

43 4401 335 4488 Dobouchpotoka,
367 4409 399 4468 et
415 4403 533 4472 transit
548 4403 653 4491 ipsam
685 4395 805 4489 aquam
836 4401 1098 4488 Dobochpotoka
1128 4406 1175 4475 ad

40 4513 210 4596 orientem,
228 4513 261 4574 et
277 4507 370 4575 uadit
385 4507 428 4577 ad
444 4511 592 4578 arborem
609 4511 657 4578 tul
674 4530 768 4578 cruce
785 4512 958 4598 signatam,
975 4529 1038 4595 que
1055 4517 1171 4600 estpro

45 4625 141 4705 meta,
160 4624 194 4684 et
210 4614 256 4682 ibi
272 4613 361 4682 cadit
377 4615 418 4684 ad
434 4637 587 4704 magnam
605 4619 691 4686 viam
710 4621 825 4702 crucis,
858 4638 920 4702 qne
936 4619 1029 4686 vadit
1060 4639 1173 4692 versus

1000 4727 1062 4797 10*
