3148 5164
766 320 925 418 *aas*

276 512 497 582 concessimus
514 511 613 594 sigilli
631 513 733 579 nostri
750 513 926 578 munimine
957 513 1136 580 roboratas.
1170 515 1293 579 Datum
1329 533 1414 582 anuo

279 621 409 689 Domini
441 621 613 686 millesimo
646 619 867 687 ducentesimo
898 620 1110 702 nonagesimo
1126 621 1251 706 quinto,
1269 621 1341 686 XV.
1359 620 1414 687 lra-

280 727 399 795 lendas
418 729 620 795 Decembris.

282 927 425 986 (Eredelie
455 925 640 988 berhartyen,
674 925 835 990 zold-strga
854 926 1089 988 selyemzsindron
1108 925 1195 990 diiggd
1214 925 1312 990 pecsr'st
1330 927 1418 989 alatt3

573 1029 590 1062 a
609 1014 693 1063 budai
714 1015 768 1065 kir.
787 1015 913 1064 kamarai
932 1015 1127 1076 leveltarban.)

814 1831 890 1898 468.

287 2033 355 2098 ΙΙΙ.
381 2033 494 2097 Endre
516 2030 692 2116 lcirutlynnl·
716 2029 827 2095 Sardo
850 2030 1005 2115 helyse'qet
1028 2033 1188 2116 tdryyazo'
1212 2031 1429 2116 odontdnyle·
1561 2103 1562 2106 Ἴ

355 2141 417 2205 vele
439 2140 571 2205 Ma'rton
594 2157 690 2204 comes
715 2139 873 2204 trencsdoi
895 2140 1043 2224 odrnapy
1066 2140 1353 2205 momentaeis.

258 2381 267 2390 .
392 2330 554 2400 Andreas
580 2330 641 2396 Dei
682 2331 794 2416 gracia
825 2330 1005 2418 Hungarie,
1050 2332 1231 2420 Dalmaeie,
1267 2334 1424 2412 Groacie,

287 2443 399 2523 Reme,
432 2439 555 2524 Serme,
588 2438 736 2524 Gallioie,
769 2438 973 2523 Lodomerie,
1003 2439 1169 2520 (inmanis,
1199 2440 1424 2525 Bulgarieque

288 2548 358 2614 Rex
376 2545 523 2614 omnibus
548 2554 713 2634 presentes
740 2548 869 2615 litteras
887 2548 1081 2634 inspecturis
1096 2551 1236 2616 salutem
1253 2548 1288 2616 in
1305 2549 1433 2616 salutis.

286 2653 449 2738 largitore.
481 2655 545 2722 Pro
570 2653 741 2722 sudoribus
758 2655 839 2720 bene
855 2653 1041 2722 meritorum
1057 2675 1192 2722 suorum
1208 2657 1330 2724 Nostra
1352 2678 1424 2724 eon·

291 2761 380 2832 uenit
396 2761 617 2829 Munifioenoic
633 2763 734 2846 Regis
751 2761 964 2848 appromiare,
996 2761 1139 2829 fidelitas
1155 2762 1189 2828 iu
1206 2782 1269 2846 quo
1287 2771 1431 2850 crescat,

290 2877 417 2938 ceteros
434 2869 485 2935 aui
501 2865 710 2938 similitudine
726 2867 768 2936 ad
784 2867 953 2936 fidelitatis
969 2887 1069 2954 opera
1085 2867 1302 2936 accendendo.
1346 2871 1431 2938 Pru·
1561 2911 1562 2970 4

291 2976 426 3044 indeed
442 2976 664 3044 uniuersorum
681 2975 835 3042 noticiam
853 2981 922 3042 tam
938 2977 1143 3061 presencium
1169 2995 1268 3061 quam
1303 2975 1425 3046 futuro

291 3104 361 3150 rum
378 3082 527 3149 volumus
555 3083 736 3168 peruenire,
769 3081 855 3166 quod
872 3081 987 3149 Comes
1004 3082 1168 3150 Martinus
1193 3082 1281 3150 filius
1314 3083 1437 3167 Bugar·
1561 3049 1562 3132 ἶ

291 3189 498 3258 castellanus
514 3188 555 3254 de
571 3187 768 3256 'l'rcnehinio
784 3187 891 3256 tidelia
907 3192 1016 3256 noster
1032 3187 1077 3256 ad
1093 3196 1242 3256 nostram
1259 3189 1430 3260 accedens
1561 3163 1562 3206 ³

292 3297 493 3380 presenciam
511 3295 674 3380 quandam
690 3301 811 3362 terram
828 3292 935 3362 (lustri
961 3295 1162 3381 Nyttrieusis
1191 3295 1298 3362 Suran
1331 3317 1431 3365 voca-

291 3410 359 3468 tam
374 3402 505 3469 anobis
522 3402 586 3468 sibi
604 3400 673 3467 dari
689 3401 875 3488 postulauit.
915 3403 1034 3468 Verum
1051 3401 1129 3485 quia
1156 3401 1198 3468 de
1227 3401 1304 3487 ipsa
1336 3410 1435 3472 terra

292 3510 386 3577 nobis
402 3509 522 3577 veritas
538 3508 728 3595 adplenum
745 3529 808 3576 uon
825 3508 1013 3592 constabat;
1037 3507 1190 3578 fidelibus
1206 3509 1328 3577 nostris
1365 3511 1433 3578 Oa·

292 3616 395 3702 pitulo
412 3616 595 3702 Nyttriensi
610 3617 728 3683 nostris
745 3613 860 3682 litteris
876 3614 1024 3684 dedimus
1041 3617 1076 3682 in
1088 3614 1263 3698 mandatis,
1279 3623 1315 3683 vt
1328 3638 1439 3686 vnum.

293 3745 333 3794 ex
348 3723 429 3810 ipsis
447 3725 611 3791 mitterent
625 3724 730 3790 virum
745 3721 907 3810 ydoneum
924 3743 981 3809 pro
999 3723 1196 3806 testimonio,
1229 3742 1339 3790 coram
1359 3744 1436 3808 quo¹

293 3831 462 3900 Renoldus
478 3831 565 3898 iilius
582 3831 717 3898 Gelardi
733 3831 830 3898 homo
845 3837 965 3918 noster,
999 3831 1104 3916 ipsam
1122 3838 1241 3932 terram
1269 3817 1431 3916 presenti·

292 3941 354 4008 bus
370 3937 598 4007 commetaueis
615 3945 646 4006 et
662 3939 777 4007 vicinis
794 3938 1041 4024 reambulando,
1073 3940 1101 4006 si
1119 3940 1280 4008 inueniret
1312 3945 1430 4008 nosue
1561 3953 1562 3978 ¹

295 4047 467 4116 collacioni
483 4067 555 4114 eam
570 4047 745 4133 pertinere,
762 4051 888 4113 statuat
913 4045 1020 4112 eidem
1036 4046 1284 4134 possidendam,
1298 4053 1432 4114 mulua-

293 4153 471 4223 dictoribus
487 4155 515 4222 si
531 4154 585 4240 qui
602 4154 723 4223 fuerint
739 4160 854 4221 contra
870 4151 1009 4220 eundem
1041 4151 1083 4220 ad
1095 4229 1101 4236 ,
1115 4157 1261 4220 nostram
1293 4173 1436 4239 presen-
1561 4243 1562 4250 ἵ

292 4263 376 4329 eiam
394 4263 545 4332 euocatis.
584 4263 625 4328 Et
641 4268 750 4348 preter
780 4261 841 4328 hec
867 4261 1068 4349 qualitatem,
1104 4260 1364 4348 contiguitatem,
1396 4270 1440 4332 et

292 4388 407 4437 omues
421 4367 691 4438 circumstancias
706 4368 851 4438 eiusdem
869 4375 954 4435 terre
970 4369 1067 4436 nobis
1083 4369 1298 4436 rescriberent
1323 4371 1435 4438 seria·

294 4476 363 4546 tim.
387 4474 449 4554 Qui
481 4475 609 4560 quidem
642 4475 875 4565 propemodum
906 4477 999 4544 uobis
1031 4478 1268 4568 rescripserunt
1300 4475 1334 4544 iu
1367 4479 1444 4546 hee

292 4584 394 4650 verba
405 4607 413 4648 r
