3148 5164
304 505 382 550 num
399 486 524 550 Sanum
544 493 575 551 et
591 483 725 552 heredes
741 504 818 551 suos
834 488 877 553 ab
894 485 990 571 omni,
1026 489 1055 553 si
1081 508 1176 570 quam
1212 497 1279 555 tam
1311 491 1438 558 racione

306 591 525 678 predictarum
543 602 701 658 terrarum
719 590 932 678 venditarum,
966 614 1063 679 quam
1095 596 1200 662 eciam
1237 595 1438 663 redimenda·

306 721 386 784 rum,
401 705 458 766 ant
474 703 635 765 metarum
651 697 826 766 earundem
844 720 904 787 per
919 701 1105 786 quempiam
1120 701 1152 766 in
1185 701 1331 769 futurum
1365 703 1440 768 oriri

306 805 511 888 contingeret
525 805 735 891 questionem,
751 808 783 874 in
802 807 940 893 propriis
957 807 1025 875 suis
1044 809 1212 875 laboribus
1229 817 1262 876 et
1274 812 1438 896 expensis.

309 912 452 979 Inouius
470 912 517 976 rei
544 911 730 978 memoriam
759 913 965 998 presentibus
996 914 1039 980 ad
1071 915 1265 983 instanoiam
1297 917 1441 1004 parcium

307 1020 450 1104 sigillum
468 1026 615 1086 nostrum
631 1018 783 1088 duximus
800 1022 1041 1108 apponendum.
1057 1025 1177 1090 Datum
1194 1023 1229 1090 in
1246 1023 1331 1094 festo
1348 1026 1440 1092 Beati

309 1127 416 1212 Egidij
435 1148 520 1195 anno
539 1127 669 1194 Domini
687 1126 807 1194 M⁰OG⁰
825 1131 1036 1214 nonagesimo
1054 1137 1179 1213 quarto.

310 1323 345 1389 (A
366 1327 482 1390 zigrsbi
502 1327 699 1392 keptalannak
733 1329 809 1378 1393.
843 1329 930 1380 »teria
962 1330 1051 1380 tersis
1081 1329 1211 1392 proxima
1243 1331 1309 1378 aute
1342 1330 1443 1378 festum

254 1431 263 1444 ·
310 1417 490 1467 Asosusionis
509 1417 641 1468 Domini‹
663 1418 724 1470 »vir
744 1419 848 1469 nobilis
868 1423 897 1470 et
915 1419 995 1468 miles
1024 1423 1155 1470 strenuus
1173 1419 1313 1484 Magister
1342 1418 1443 1468 Paulus

309 1506 382 1556 filius
404 1506 517 1572 Georgij
539 1508 572 1558 de
592 1508 698 1559 Zeten«
719 1507 847 1558 keresere
866 1507 977 1562 kiadott
995 1508 1167 1571 atirstrlbol;
1200 1524 1215 1558 a
1235 1508 1322 1558 budai
1340 1507 1445 1571 kirtlyi

499 1598 627 1648 kamarsi
645 1597 822 1652 leveltarnak
840 1599 1010 1665 ngrrtbbsn
1029 1597 1092 1650 lero
1111 1597 1263 1661 reszebeu.)

844 2448 917 2514 455.

317 2645 551 2714 Alteresztesel·
575 2649 761 2731 eaeterpomi
793 2647 1022 2731 lsoruoeotje'nelt
1054 2646 1333 2731 lieoopsa'yleoele,
1366 2647 1445 2728 bopy

318 2755 446 2820 Molossi
462 2751 612 2836 Adorjriu
639 2777 736 2819 corrues
768 2755 799 2820 e‘s
830 2753 974 2818 testoe‘rei
1006 2752 1117 2818 Malus
1146 2758 1225 2815 nevit
1258 2749 1444 2817 birtolrukat

541 2861 674 2926 eludto'lc
689 2861 853 2944 Beudoels,
870 2859 956 2924 Bene
968 2861 1096 2943 fia'rtala
1121 2861 1220 2924 1294.

426 3059 609 3125 conuentus
649 3055 884 3123 Orueiterorum
924 3055 1048 3120 Domus
1088 3051 1269 3136 Hospitalis
1301 3051 1448 3118 Eoolesie

317 3165 430 3231 Sancti
446 3165 546 3248 Regis
563 3162 720 3248 Stephani
738 3163 780 3228 de
796 3161 961 3245 Strigonio
978 3159 1139 3226 uniuersis
1165 3165 1337 3243 presentes
1362 3158 1447 3225 litte-

318 3293 370 3339 ras
386 3269 580 3356 inspecturis
597 3271 736 3336 salutem
752 3267 785 3332 in
803 3267 941 3332 Domino
967 3267 1207 3350 sempitemnm.
1245 3264 1297 3329 Ad
1323 3263 1449 3330 uniuer-

318 3399 426 3445 sorum
443 3377 597 3444 notioiam
613 3384 679 3443 tam
697 3374 900 3461 presencium
919 3393 1013 3459 quam
1032 3372 1210 3440 futurorum
1226 3371 1341 3438 harum
1366 3374 1451 3438 serie

318 3485 468 3552 uolumus
486 3483 668 3570 peruenire,
693 3482 780 3564 quod
797 3481 912 3548 Comes
929 3479 1093 3545 Adrianus
1119 3477 1204 3544 filius
1237 3478 1378 3545 Simonis
1411 3477 1451 3541 de

320 3594 422 3660 Malus
439 3591 573 3658 nomine
589 3609 647 3657 suo
664 3597 695 3656 et
712 3589 783 3656 vioe
800 3589 985 3656 eonomine
1001 3587 1088 3653 Petri
1106 3594 1137 3652 et
1150 3585 1451 3652 Ladizlaifiliorum

319 3721 459 3783 suorum,
483 3717 522 3764 ao
538 3719 596 3782 pro
612 3696 742 3763 Simone
760 3696 861 3761 lratre
878 3715 946 3776 suo,
961 3715 1026 3761 una
1042 3714 1114 3760 oum
1129 3691 1232 3758 Paulo
1249 3693 1316 3759 tilio
1335 3693 1450 3760 Pasira

319 3807 360 3872 de
376 3803 495 3888 (lheke,
514 3809 547 3870 et
564 3801 694 3869 Andrea
718 3801 785 3868 filio
801 3801 964 3886 Agnetiui
997 3819 1036 3865 ao
1059 3798 1196 3865 Nicolao
1212 3797 1279 3865 filio
1305 3799 1453 3868 Lauren-

318 3913 373 3998 oij,
391 3918 423 3978 et
439 3909 633 3978 Sebastiano
652 3909 691 3976 de
707 3908 822 3991 Malus,
840 3909 894 3992 qui
911 3927 969 3992 pro
986 3927 1022 3974 se
1038 3913 1070 3974 et
1085 3927 1144 3990 pro
1161 3905 1262 3974 Penio
1279 3904 1378 3974 fratre
1389 3927 1449 3974 suo

320 4018 503 4105 comparuit
517 4041 524 4102 ;
549 4015 651 4100 etqui
668 4017 887 4102 prenominati
904 4035 963 4100 per
980 4037 1037 4082 nos
1053 4011 1199 4096 requisiti
1226 4011 1391 4100 dixerunt,
1418 4035 1454 4082 se

322 4147 393 4194 esse
409 4130 578 4210 eognatos,
594 4131 834 4191 eommetaneos
849 4131 880 4190 et
897 4121 1020 4187 viciuos
1047 4119 1191 4187 eiusdem
1219 4118 1353 4186 Comitis
1386 4122 1452 4188 Au-

321 4233 415 4316 riani,
441 4231 484 4298 ad
502 4239 648 4298 nostram
664 4230 879 4316 personaliter
895 4227 1082 4295 aooertendo
1098 4225 1308 4312 presenoiam‚
1340 4246 1453 4295 eoram

323 4345 414 4425 ipsis,
447 4347 479 4406 et
496 4339 700 4423 presentibus
728 4339 884 4425 cognatis,
918 4337 1148 4404 commetaneis
1179 4342 1211 4400 ot
1241 4333 1356 4401 vicinis
1384 4337 1456 4402 suis

322 4447 519 4531 uolentibus,
536 4445 796 4531 permittentibus
815 4452 845 4511 et
871 4465 1065 4512 eonsensum
1097 4442 1316 4531 prebentibus,
1347 4463 1455 4526 quan·

322 4553 399 4618 dam
433 4557 667 4640 possessionem
686 4575 743 4622 seu
760 4563 879 4622 terram
903 4575 995 4622 suam
1014 4554 1116 4619 Malus
1133 4559 1281 4620 roratum
1299 4550 1455 4637 empticio
