3096 5160
601 301 761 407 gm-

116 499 334 588 snpradictcs,
351 498 381 568 si
397 497 477 585 quid
493 499 615 566 vellent
629 473 682 567 rel
698 497 857 568 haberent
872 497 982 566 dicere
997 496 1155 568 aduersus
1180 497 1242 566 hoc

4 642 7 655 ·
116 607 324 697 priuilegium
340 625 439 695 super
455 605 644 676 condicione
669 606 852 676 medietatis
884 614 971 674 terre
995 605 1088 674 Biha
1119 605 1244 674 conlec-

115 727 201 803 tnm;
224 717 342 785 hahita
357 715 606 804 deliberacione,
631 715 693 783 hoc
708 714 914 802 priuilegium
931 714 1081 783 manibus
1095 720 1244 783 tenentes

114 831 315 896 contractum
341 843 422 894 voce
448 813 600 892 concordi
630 821 864 892 reddiderunt:
880 823 967 908 quod
997 822 1079 890 nihil
1110 823 1241 912 vellent,

114 931 194 1000 nihil
210 933 372 1002 habereut
387 931 498 1002 dicere
512 930 671 1000 aduersus
687 931 750 1002 hoc
765 930 984 1018 priuilegium,
999 929 1064 999 imo
1075 930 1245 1000 crederent

114 1043 350 1132 indubitanter,
365 1041 451 1128 quod
461 1047 640 1129 estvernm,
658 1047 757 1125 atquc
773 1039 834 1106 rite
850 1044 884 1106 ct
898 1039 1045 1124 legitime
1061 1039 1103 1106 sit
1119 1039 1245 1108 confec·

119 1159 206 1232 tnm;
230 1149 417 1218 adiiciendo
433 1148 508 1236 ipsi,
538 1149 682 1235 ipsorum
700 1147 894 1216 arbitrorum
908 1147 1054 1230 arbitrio,
1085 1147 1243 1231 quidquid

115 1259 366 1344 arbitrarentur,
398 1255 627 1345 consentirent,
658 1255 837 1324 tollerando
869 1255 1045 1324 eorundem
1076 1254 1245 1323 arbitrium

113 1366 298 1436 liberaliter
315 1372 348 1433 et
364 1365 511 1434 libenter.
527 1366 646 1451 Itaque
661 1363 871 1434 arbitratorec
880 1363 1143 1450 supranominati
1153 1371 1245 1432 teno-

115 1497 181 1545 rem
199 1477 254 1546 rel
270 1483 410 1564 tenores,
442 1474 721 1544 continenciamuc
735 1480 803 1540 ιιιιι
819 1472 984 1542 efficacem
1000 1473 1246 1560 priuilegiornm

113 1585 333 1672 predictorum
350 1581 587 1655 considerando
603 1589 635 1652 ιι
651 1582 872 1670 perspicacius
888 1581 1099 1665 attendendo,
1130 1580 1245 1650 utrius·

115 1713 176 1777 que
192 1691 300 1779 partis
317 1710 450 1762 eausam
463 1711 553 1777 equa
576 1698 755 1778 posuerunt
784 1691 817 1758 in
849 1692 952 1777 lance,
984 1709 1082 1758 manu
1110 1689 1246 1777 justicie

114 1799 328 1888 ponderando
344 1801 449 1870 visum
467 1805 517 1868 est
531 1800 665 1888 eisdem,
697 1797 936 1868 interueniente
952 1797 1055 1868 eciam
1081 1817 1241 1868 consensu

4 1888 7 1907 ι
114 1909 261 1997 parcium
270 1915 477 1992 rtrarumque
488 1933 496 1974 :
507 1913 542 1978 vt
552 1928 623 1976 cum
633 1906 763 1974 homine
771 1912 882 1974 nostro
892 1925 989 1994 snper
1004 1905 1121 1974 facicm
1138 1905 1244 1990 predi·

116 2024 167 2087 cte
182 2024 272 2085 terre
286 2017 375 2084 Bilta
390 2018 546 2084 vocabulo
562 2015 756 2084 accederent
770 2017 805 2084 in
820 2035 969 2104 persona,
986 2015 1029 2084 ad
1045 2015 1245 2101 distinguen-

1 2131 4 2144 '
116 2125 191 2192 dum
201 2125 258 2193 uel
267 2121 482 2192 diuidendum
492 2125 597 2210 ipsam
608 2130 727 2193 terram
738 2125 822 2192 inter
831 2131 951 2210 partes.
969 2123 1049 2192 cnm
1060 2122 1178 2208 quibus
1189 2121 1242 2190 hc·

1 2302 5 2316 ,
116 2231 237 2301 minem
246 2239 391 2302 nostrum
402 2230 604 2318 Stephanum
614 2230 813 2300 Canonicum
833 2229 980 2298 Ecclesie
996 2227 1108 2298 Sancti
1123 2229 1244 2300 lohan-

1 2335 4 2345 '
117 2339 167 2408 nia
175 2340 329 2428 Baptista
344 2342 386 2410 de
396 2339 692 2426 Quinqneecclesijs
709 2339 947 2408 transmisimus
962 2339 1004 2408 ad
1022 2339 1245 2422 exequendum

117 2447 276 2535 premissa
291 2467 401 2516 coram
415 2449 509 2534 ipso;
525 2447 654 2534 ipsique
669 2446 881 2516 arbitratores
898 2465 969 2514 cnm
986 2447 1116 2515 homine
1131 2454 1241 2515 nostro

118 2562 238 2624 etcum
254 2555 401 2644 partibus
417 2555 561 2641 utrisque
576 2555 620 2623 ad
643 2575 703 2624 nos
728 2554 906 2623 redeuntes
936 2555 1032 2624 nohis
1062 2555 1245 2623 retulerunt

117 2665 193 2732 rina
208 2681 302 2750 voce,
318 2661 405 2748 qnod
420 2662 485 2750 ipsi
501 2669 653 2748 presente
668 2661 797 2730 homine
812 2665 923 2730 nostro
939 2662 1087 2748 predicto
1103 2670 1136 2730 ιι
1150 2663 1245 2730 utris·

118 2791 177 2857 que
192 2772 343 2858 partibus
367 2769 488 2840 ibidem
518 2770 725 2858 presentibus
756 2777 967 2839 accesserunt
997 2793 1095 2859 super
1126 2770 1244 2840 facicm

117 2887 199 2948 terre
213 2877 302 2948 Biha
316 2877 472 2966 predicte,
488 2879 659 2965 ipsamque
675 2885 797 2947 terram
813 2877 908 2966 Biha,
925 2879 1009 2948 sicut
1020 2879 1149 2946 adiacet
1159 2879 1245 2945 ultra

104 2989 249 3060 -llnninm
266 2989 351 3058 Saar
366 3011 387 3057 a
403 2995 498 3075 parte
514 2988 678 3073 orientali,
694 3009 768 3057 oum
785 2989 853 3058 suis
877 2989 1027 3056 omnibus
1051 2985 1245 3054 utilitatibus

117 3105 150 3165 et
164 3097 377 3186 pertinencijs
392 3096 427 3163 in
443 3095 524 3164 duas
540 3103 652 3182 partes
669 3115 727 3164 seu
742 3096 777 3163 iu
794 3097 877 3165 duas
909 3095 1082 3184 porciones
1113 3095 1246 3181 equales

114 3203 293 3276 diuidendo
309 3224 381 3272 cum
398 3201 543 3274 funiculo
558 3211 795 3292 mensurantes,
812 3205 906 3272 metis
923 3212 1081 3272 terrarum
1105 3203 1246 3290 interpo-

1 3388 5 3397 ,
114 3313 188 3380 sitis
205 3317 238 3381 et
262 3313 449 3398 signorum3
473 3310 633 3380 medietas
664 3319 751 3381 terre
780 3311 866 3380 Biha
897 3313 982 3382 ultra
1013 3331 1132 3396 aquam
1163 3311 1246 3378 Snar

110 3421 273 3489 orientem
289 3437 404 3488 versus
421 3439 493 3487 cum
510 3418 683 3488 medietate
697 3420 787 3509 fluuij
805 3421 899 3507 Saar,
932 3427 965 3488 et
980 3419 1120 3488 ecclesia
1134 3418 1246 3487 Sancti

109 3527 298 3614 Michaelis,
330 3533 452 3597 etcum
470 3529 587 3596 ceteris
603 3529 800 3598 utilitatibus
827 3529 896 3598 suis
927 3535 960 3598 et
991 3527 1248 3616 circumstancijs

1 3636 2 3682 l
110 3635 290 3722 uniuersis,
309 3633 474 3716 distincta,
507 3635 591 3705 sicut
620 3637 828 3724 premittitur,
860 3655 918 3722 per
950 3643 1055 3705 metas
1086 3635 1183 3704 cessit
1213 3645 1245 3702 ct

1 3812 2 3834 ἶ
105 3743 272 3812 remansit
289 3741 407 3810 comiti
424 3741 580 3812 Ladizlao
591 3753 622 3812 et
637 3745 774 3813 Nicolao
792 3742 987 3831 supradictis
1004 3746 1247 3829 inperpetuum

108 3852 336 3938 possidenda;
360 3871 457 3936 quam
475 3852 604 3937 quidem
620 3859 705 3922 terre
721 3853 927 3922 medictatem
942 3852 1031 3922 Biha
1046 3853 1195 3921 Kilianns
1210 3859 1244 3921 ιι

1 4016 5 4024 ,
105 3963 259 4031 Jaeohus
275 3959 332 4046 lilij
367 3959 501 4028 Comitis
534 3961 596 4028 Sur
628 3963 670 4030 ab
702 3961 778 4030 olim
810 3961 994 4030 vendicioui
1026 3967 1246 4048 exposuerant

107 4068 248 4137 Matheo
263 4067 332 4136 filio
349 4067 440 4136 Sauli
457 4065 497 4136 de
513 4087 631 4152 genere
647 4071 751 4137 Bente
765 4069 921 4158 Mayneth
937 4089 997 4155 pro
1023 4069 1133 4138 decem
1159 4089 1242 4135 ruar-

103 4179 156 4246 cis
196 4175 370 4244 secundum
403 4173 540 4242 formam
572 4175 735 4263 priuilegij
768 4177 869 4246 nostri
895 4176 1095 4265 supradicti;
1120 4198 1139 4245 e
1166 4198 1239 4244 con·

100 4295 156 4354 tra
175 4285 284 4352 altera
300 4282 459 4351 medietas
476 4290 561 4352 terre
576 4283 665 4352 Bika
695 4287 777 4354 citra
807 4306 926 4370 aquam
959 4287 1042 4353 Scan
1072 4283 1239 4370 adiacens,

99 4391 262 4463 similiter
278 4411 350 4462 eum
367 4391 542 4460 medietate
559 4413 643 4478 aque
660 4394 753 4481 Saar,
786 4401 906 4462 etcum
922 4393 1122 4462 cetenissuis
1148 4393 1234 4462 utili·

98 4502 235 4573 tatibus
250 4507 282 4568 et
296 4500 507 4586 pertinenciis
522 4502 678 4586 omnibns,
703 4504 868 4591 distincta,
920 4509 955 4570 ut
979 4499 1157 4588 predictum
1187 4509 1246 4590 est,

101 4633 166 4702 per
183 4615 290 4678 metas
306 4608 350 4677 ad
375 4614 501 4695 partem
525 4611 772 4694 occidentalem,
804 4614 880 4699 quia
912 4611 996 4680 hanc
1028 4611 1236 4682 medietatem
