3112 5154
611 273 769 370 Ei..

123 473 245 538 Datum
262 470 355 538 Budo
371 471 405 536 in
422 467 598 553 quindenis
613 467 821 536 Pentecosten
853 487 938 532 anno
969 466 1097 532 Domini
1134 461 1252 529 M⁰Oti⁰

123 578 369 664 septuagesimo
384 582 486 645 sexto.

124 775 175 836 (Aa
194 776 301 829 eredeti
321 775 391 828 ntan
410 774 513 828 Bdmer
532 773 631 836 Floria,
651 773 740 837 Gydri
758 770 931 822 Tiirtenelmi
951 772 979 822 es
997 771 1145 837 negassem
1163 771 1250 823 Fi'rze·

539 864 587 914 tek
606 863 627 914 Ι.
647 863 705 913 not.
726 865 786 912 212.
806 861 835 924 1.)

557 1151 824 1163 *unu—m

657 1687 731 1756 143.

127 1893 147 1955 I
153 1890 184 1957 V.
199 1888 320 1957 Lanato
328 1887 509 1974 kirdlynnk
520 1885 904 1974 Beaewfdtdettdrpyozd
913 1889 1100 1973 adomdopo
1112 1886 1254 1974 Porsip-s'

433 1995 546 2062 Jakat
562 2017 659 2062 comae
674 1999 831 2062 azdmdro.
855 1995 951 2064 1276.

235 2190 413 2260 Ladizlaos
436 2190 498 2258 Dei
531 2190 643 2272 gracia
676 2190 851 2275 Hungarie‚
885 2187 1062 2278 Dalmacie,
1096 2193 1253 2279 Oroaoye,

127 2300 241 2384 Kame,
259 2298 383 2382 Seruio,
400 2297 549 2382 Gallioie,
560 2297 761 2386 Lodomerie,
773 2299 937 2387 Cumanie,
952 2299 1174 2383 Butgaricqne
1183 2301 1254 2366 Rex

127 2405 280 2475 omnibns
319 2405 439 2473 Christi
477 2403 625 2473 fidelibus
656 2413 836 2490 presentem
872 2406 1027 2493 paginam
1058 2404 1253 2492 inspecturis

125 2515 264 2582 satutem
279 2513 313 2578 in
330 2513 471 2581 omniurn
487 2514 660 2580 saluatore.
677 2512 728 2579 Ad
746 2513 968 2581 vniuersorum
979 2512 1132 2580 noticiam
1142 2518 1253 2579 tenore

125 2621 331 2708 presencium
349 2621 495 2687 volomus
521 2620 690 2705 peruenire
707 2643 715 2683 ε
732 2621 819 2704 quod
844 2621 960 2690 Comes
994 2621 1135 2688 Jacobos
1166 2619 1253 2686 filios

125 2727 275 2818 Gregorij
293 2725 333 2792 de
348 2726 464 2810 Panky
481 2725 587 2793 fidelis
604 2733 715 2796 noster
730 2725 775 2794 ad
791 2735 935 2795 nostram
951 2727 1111 2795 accedens
1121 2746 1252 2810 prosen-

125 2838 211 2902 ciam
228 2832 357 2902 anobis
383 2833 549 2900 humiliter
579 2833 773 2920 suplicando
806 2833 992 2921 postulauit,
1024 2841 1058 2900 vt
1088 2831 1252 2916 quandam
1320 2818 1323 2824 ¹

126 2953 247 3011 terram
263 2945 406 3008 nostram
423 2941 466 3007 ad
498 2939 649 3006 Castrum
681 2947 826 3008 nostrum
858 2940 899 3008 de
933 2941 1006 3024 Vng
1037 2941 1251 3023 pertinentem

127 3054 244 3120 Beaew
260 3055 409 3117 neoniam
426 3050 461 3115 in
478 3049 592 3116 eodem
609 3047 775 3117 Comitatn
807 3049 849 3117 do
879 3047 954 3133 Vng
986 3048 1178 3116 existentem
1211 3045 1252 3112 de

124 3157 327 3244 benignitate
341 3156 443 3242 Regia
458 3155 563 3224 eidem
580 3156 659 3224 dare
674 3163 707 3224 et
722 3157 870 3224 conferre
886 3155 1104 3244 dignaremur.
1129 3154 1248 3220 Verum

125 3267 204 3352 quia
220 3263 262 3331 do
277 3263 363 3338 facto
380 3263 483 3350 ipsius
500 3270 584 3330 terre
614 3261 710 3331 nobis
741 3263 784 3329 ad
807 3262 940 3348 plenum
973 3283 1038 3329 non
1071 3261 1251 3347 constabat,

126 3373 276 3440 fidelibus
292 3371 412 3439 nostris
427 3371 580 3457 capitulo
595 3371 748 3455 Agricnsi
764 3371 886 3438 nostris
903 3367 1050 3436 dedimus
1066 3367 1183 3436 litteris
1216 3369 1249 3433 in

128 3480 303 3566 mandatis,
317 3487 353 3548 vt
368 3499 439 3548 cum
450 3479 574 3548 Gemite
591 3479 685 3546 Petro
700 3479 767 3546 filio
778 3479 930 3566 Symonis
941 3475 982 3545 dc
993 3477 1107 3544 Kosoh
1117 3476 1250 3544 homine

128 3595 238 3657 nostro
254 3607 368 3656 eorum
385 3587 549 3655 mitterent
564 3588 780 3655 testimonium
807 3586 1017 3671 fidedignum
1050 3605 1158 3653 coram
1189 3605 1251 3669 quo

128 3696 215 3764 idem
232 3697 328 3764 homo
344 3701 453 3764 noster
468 3695 627 3780 prefatam
644 3701 763 3764 terram
780 3695 898 3762 Bezew
913 3704 1062 3761 uocatam
1073 3692 1251 3760 reambula-

125 3809 223 3870 rotet
239 3809 398 3872 statueret
414 3801 531 3870 Comiti
548 3803 673 3870 Jacobo
690 3811 877 3890 memorato,
893 3803 921 3869 si
938 3821 1001 3868 non
1019 3799 1110 3867 fieret
1124 3803 1253 3868 contra·

126 3909 267 3996 dictnm3
292 3907 542 3978 contradictores
558 3930 644 3994 nero,
662 3910 763 3992 siqui
780 3909 905 3996 fierent,
931 3908 974 3975 ad
991 3907 1145 3974 Nostram
1173 3923 1249 3973 eoo·

125 4025 238 4087 carent
253 4018 459 4086 Presenciam
475 4017 518 4086 ad
543 4019 713 4086 terminum
745 4022 989 4104 competentem.
1028 4013 1092 4093 Qui
1124 4011 1252 4098 quidem

125 4125 334 4210 postmodum
351 4125 446 4194 nobis
462 4126 707 4214 rescripserunt,
739 4123 827 4210 quod
858 4145 930 4191 cnm
962 4123 1090 4210 pretato
1122 4121 1251 4188 homine

127 4239 240 4300 nostro
255 4231 399 4320 ipsorum
417 4231 579 4300 misissent
595 4231 814 4302 testimoninm
832 4232 894 4299 tide
926 4231 1070 4318 dignum,
1102 4235 1135 4296 et
1166 4227 1252 4311 qnod

124 4339 387 4408 reambuiassent
402 4339 581 4426 predictam
596 4345 725 4428 terram,
744 4347 776 4408 et
792 4339 984 4408 statuissent
998 4338 1123 4407 Jacobo
1135 4355 1251 4402 momo-

124 4455 206 4534 rato,
231 4448 325 4516 nullo
340 4447 580 4518 contradictore
596 4447 765 4517 existente.
805 4449 874 4516 Nos
905 4445 1004 4532 igitur
1036 4443 1251 4512 consideratis

123 4555 273 4643 seruicijs
290 4561 323 4625 et
339 4555 550 4625 fidelitatibus
576 4555 697 4642 prefati
724 4555 852 4641 iacobi,
884 4573 947 4640 que
978 4552 1063 4621 idem
1094 4549 1188 4619 nobis
1217 4551 1251 4626 in
