3170 5166
678 904 754 978 551.

135 1107 168 1172 ,1
172 1107 206 1172 V.
225 1107 344 1174 Ldrelei
358 1108 470 1194 ktrutp
485 1073 671 1195 matrasta
697 1135 720 1176 a
740 1113 892 1196 petrinas·
922 1113 1082 1201 vendopek
1111 1113 1284 1184 ambalat·

599 1219 689 1284 osuit.
722 1213 823 1284 1274.

252 1408 426 1478 Ladinlaus
457 1411 524 1480 Dei
554 1412 668 1499 gracia
697 1411 879 1500 Hungarie,
910 1414 1093 1502 Dalmacie,
1127 1415 1268 1484 Graccis
1327 1423 1331 1430 '

132 1519 256 1602 Rama,
272 1518 394 1602 Seruis,
412 1519 561 1605 Gallicis,
577 1519 781 1606 Lodomerie,
798 1519 956 1590 (inmanis
971 1523 1195 1610 Balgarieque
1207 1526 1279 1594 Rex

130 1625 295 1695 omnibus
310 1624 431 1696 Christi
447 1629 602 1700 fidelibus
617 1627 823 1716 presentibus
838 1637 871 1698 et
887 1629 1014 1718 foturis,
1046 1630 1090 1698 ad
1105 1651 1186 1716 quos
1204 1651 1280 1720 pre-

140 1742 254 1802 sentes
266 1733 376 1804 littere
391 1737 611 1824 pamenerint,
628 1737 768 1806 salutem
784 1733 818 1802 in
835 1755 874 1804 eo
890 1739 946 1820 qui
961 1737 1107 1823 Regibus
1123 1738 1282 1807 datsaln·

139 1847 216 1910 turn.
238 1841 342 1911 Justis
358 1845 543 1930 potenciam
562 1844 734 1930 desideriJs
757 1843 919 1931 Principis
949 1847 1094 1915 animum
1126 1847 1280 1916 inclinari

127 1948 219 2018 ordo
236 1949 317 2018 iuris
333 1957 365 2017 et
381 1949 473 2034 uigor
491 1951 595 2035 exigit
620 1947 793 2036 equitatis3
819 1949 994 2020 dummodo
1026 1951 1113 2038 quod
1144 1955 1277 2040 petitur,

139 2057 278 2144 equitati
295 2057 428 2125 minime
444 2057 664 2145 contradicat,
682 2063 714 2125 et
730 2057 793 2126 iuri
808 2079 873 2126 non
890 2059 1072 2146 preiudicet
1085 2061 1207 2130 alieno.
1224 2061 1277 2128 Asi

137 2165 366 2233 uniuersorum
381 2165 482 2250 igitur
498 2164 655 2233 noticiam
672 2172 784 2234 tenore
800 2168 1005 2252 presencium
1032 2167 1180 2238 uolumus
1206 2191 1277 2256 per·

134 2273 249 2340 uenire
265 2298 274 2340 ε
289 2271 375 2356 qnod
391 2271 539 2358 hospites
555 2274 660 2341 nostri
676 2274 717 2342 de
732 2273 865 2344 Petrina
880 2275 924 2342 ad
949 2281 1092 2344 nostram
1119 2277 1279 2345 acceden-

136 2389 188 2448 tes
201 2379 405 2468 presenciam
422 2379 641 2447 exhibuerunt
656 2381 752 2449 nobis
763 2382 973 2467 priuilegium
983 2382 1104 2451 domini
1116 2384 1277 2471 Stephani

135 2488 275 2557 illustris
290 2488 389 2574 Regis
405 2489 579 2573 Hungarie
590 2489 853 2576 claromemorie,
863 2489 1033 2559 karissimi
1046 2491 1150 2578 patris
1161 2494 1277 2580 nostri,

127 2616 235 2684 snper
251 2596 400 2663 libertate
416 2597 560 2681 ipsorum
579 2593 781 2681 consectum
799 2595 1004 2681 postulantes
1019 2618 1091 2665 cum
1101 2599 1275 2687 instancia,

135 2715 173 2775 rt
190 2707 276 2773 idem
292 2704 465 2789 ratificare,
483 2711 516 2771 et
533 2707 642 2770 nostro
658 2702 869 2784 dignaremur
883 2704 1058 2790 priuilegio
1068 2704 1274 2774 confirmare.

124 2814 238 2883 ¹Curius
255 2813 387 2899 quidem
403 2810 566 2897 priuilegij
586 2819 677 2878 tenor
692 2810 768 2877 talis
784 2817 853 2878 est:

249 2915 466 3009 (St)ephanus
483 2921 522 2986 D.
538 2938 586 3002 gr.
602 2915 770 3002 Hungarie
786 2919 848 2984 stb.
875 2918 945 2985 Rex
969 2917 1031 2985 stb.
1063 2917 1275 3006 (itretlsecik

133 3033 173 3099 V.
188 3030 303 3097 Istvan
320 3026 501 3113 kirtlynak
520 3025 658 3094 mil-ki
675 3024 912 3112 privilegiuma,
945 3025 1026 3092 mint
1041 3026 1175 3094 lentebb
1192 3030 1271 3097 549.

127 3143 226 3208 stam
242 3134 364 3328 31:51}
365 3245 428 3312 itur
443 3242 594 3330 precib&
620 3241 821 3328 prefatorum
851 3241 1016 3327 hospitum
1047 3241 1275 3310 fauorabiliter

131 3360 316 3422 annuentes
333 3354 438 3438 ipsum
456 3349 665 3436 priuilegium
682 3351 725 3418 de
740 3349 840 3417 uerbo
857 3349 901 3416 ad
918 3350 1050 3417 uerbum
1066 3350 1273 3436 presentibus

128 3465 293 3530 insertum
309 3458 449 3545 duplicis
467 3457 571 3543 sigilli
587 3457 691 3534 nostri
707 3458 886 3526 munimine
903 3458 1097 3526 innonantes
1114 3457 1270 3525 duximus

129 3565 363 3638 roborandum.
386 3556 507 3633 Datum
534 3585 593 3650 par
623 3585 739 3632 manus
771 3563 922 3650 Magistri
952 3564 1120 3633 Benedicti
1151 3565 1274 3632 Sancte

128 3675 369 3762 strigoniensis
388 3673 536 3742 Ecclesia
552 3661 664 3755 illecti,
681 3671 846 3759 Prepesiti
862 3671 1033 3757 Budenris,
1063 3672 1146 3740 Aule
1162 3678 1273 3740 nosue

123 3783 410 3868 vicecancellarij
429 3780 539 3848 dilecti
557 3779 710 3849 etfidelis
727 3780 841 3866 nostri,
873 3801 960 3848 anno
986 3779 1118 3848 Domini
1150 3779 1272 3847 ΜῠΟΟο

128 3894 246 3964 LXX⁰
262 3898 390 3978 quarto,
413 3893 519 3976 Regni
534 3899 644 3958 autem
661 3889 762 3958 nostri
778 3911 865 3958 auno
882 3888 1035 3958 secundo.
1068 3889 1271 3958 Venerabili·

128 4009 194 4072 bus
208 4000 358 4087 patribus
374 3999 543 4086 Stephano
558 3998 728 4066 Goloeensi
745 4005 777 4065 et
793 3997 942 4066 Johanoe
959 3997 1148 4084 Spalatensi
1158 3997 1273 4064 Archi·

126 4109 316 4199 episcopis,
355 4107 529 4192 humperto
567 4105 733 4190 Agriensi,
775 4105 902 4172 Briccio
934 4102 1166 4186 Chanadieusi,
1206 4103 1271 4170 lob

119 4214 489 4301 Quinqueeeolesiensi,
505 4215 609 4281 Paulo
626 4213 872 4298 vesprimiensi,
906 4211 994 4280 Aule
1011 4220 1119 4280 nostre
1136 4212 1272 4280 Cancel-

125 4328 225 4408 lario,
243 4325 398 4410 Philippo
416 4322 568 4390 Vaciensi
584 4323 672 4390 Aule
687 4322 818 4390 domine
833 4321 958 4406 Regino
974 4321 1134 4388 consortis
1148 4327 1271 4387 nostre

127 4433 310 4504 karissime
327 4429 544 4518 cancellarie,
570 4429 727 4497 Ladizlao
744 4429 785 4496 W
787 4428 961 4514 stadiensi,
988 4427 1193 4514 Thymotheo
1210 4428 1272 4494 Za-

118 4539 307 4632 grabiensi,
339 4538 489 4606 Dionisio
520 4539 690 4606 lauriensi
707 4546 738 4605 et
753 4528 849 4606 Petro
863 4537 1081 4605 Transilnano
1099 4535 1272 4623 Episcopis
