3068 5150
820 299 977 402 Q

861 851 938 920 371.

335 1057 355 1120 l
360 1051 392 1120 V.
411 1056 527 1120 abacto
541 1053 719 1138 toiruilyock
734 1053 887 1138 Palupyu
903 1054 1057 1140 helpedyet
1087 1057 1245 1140 airpyozo
1274 1055 1432 1134 edormiupc

466 1161 677 1248 Liptdoide'ki
692 1159 785 1249 Ipotlz
802 1163 833 1227 e‘s
851 1161 1016 1228 Lerietdct
1032 1166 1189 1227 amasai-c.
1215 1164 1312 1228 1285.

440 1355 614 1428 Ladialaus
645 1357 706 1424 Dei
737 1357 849 1441 gracia
880 1357 1055 1442 Hungarie,
1088 1357 1270 1444 Dalmaoie,
1309 1355 1430 1434 Croaeir,

333 1471 444 1554 Rama,
476 1467 598 1552 Sernie,
632 1465 781 1553 Gallicis,
813 1464 1014 1550 landone-ie,
1047 1463 1204 1532 Cumanie
1244 1463 1435 1550 Buigarioque

333 1579 400 1642 Rex
417 1573 565 1643 omnibus
576 1573 694 1638 Christi
707 1571 854 1639 iideiibus
864 1591 996 1656 presens
1007 1572 1160 1659 scriptum
1172 1572 1358 1659 inspecturis
1366 1569 1435 1636 saiu-

333 1691 397 1749 tem
414 1683 445 1748 in
459 1675 534 1749 v'ero
550 1679 667 1747 salutis
687 1681 850 1764 largitore.
873 1678 923 1744 Ad
943 1679 1164 1746 uniuersorum
1176 1686 1241 1746 iam
1258 1679 1434 1766 presencium

332 1811 429 1874 qrram
446 1791 624 1858 futurorum
643 1788 794 1856 noticiam
804 1789 918 1856 harum
936 1789 1020 1856 serie
1036 1787 1214 1856 litterarum
1231 1790 1434 1871 volumusper-

335 1899 452 1984 uenire,
496 1896 582 1981 quod
607 1897 797 1965 aecedentes
823 1897 865 1964 ad
892 1895 1094 1982 presenciam
1125 1897 1245 1964 Nostre
1277 1891 1434 1964 Maiestatis

336 2007 427 2093 ipoth
439 2007 525 2074 titius
545 2005 693 2092 Baebior,
709 2013 741 2072 et
756 2004 968 2072 Leustachuis
988 2005 1072 2072 filius
1087 2003 1235 2091 Aiadarij
1254 2005 1295 2072 de
1310 2005 1436 2091 Lyptou‚

332 2115 503 2200 propositis
536 2112 630 2180 nobis
663 2113 806 2198 ipsorum
838 2111 1050 2179 fidelitatibus
1067 2111 1263 2197 etscruiciJs
1280 2109 1433 2193 meritorijs
1508 2171 1509 2184 2

334 2241 396 2305 que
413 2221 505 2290 nobis
537 2221 699 2288 indefesse
725 2221 951 2306 inpenderunt,
969 2227 1001 2287 et
1017 2219 1205 2306 specialiter
1221 2219 1254 2286 in
1271 2216 1436 2288 deserendis

334 2329 556 2414 legacionibus
572 2329 691 2396 nostris
708 2329 740 2394 iu
757 2327 925 2395 Polooiam
942 2335 975 2395 et
991 2329 1171 2414 Rutunium,
1189 2336 1309 2396 terram
1329 2327 1368 2394 ad
1387 2325 1438 2390 dno

331 2444 441 2504 aratra
472 2437 685 2536 sufficientem
719 2437 860 2504 deterre
880 2437 1043 2524 Paliugya
1058 2437 1201 2503 excisam
1220 2436 1309 2504 iuxta
1324 2435 1438 2504 fluuium

332 2545 459 2630 Lybula
491 2547 577 2624 circa
613 2553 715 2612 metas
747 2543 884 2612 tiliorum
917 2544 1088 2630 Bogomeri
1120 2545 1325 2612 adiacentem
1354 2537 1439 2622 Regio

331 2653 500 2720 eoiiacioni
534 2653 744 2738 pertinentem
760 2653 824 2720 sibi
840 2653 911 2719 dari
932 2659 964 2720 et
980 2652 1122 2719 conferri
1137 2659 1293 2738 perpetuo
1311 2649 1437 2738 postula·

333 2765 424 2842 runt;
450 2759 571 2845 hucque
587 2762 678 2828 iuxta
695 2763 909 2846 approbatam
924 2761 1028 2844 Regni
1061 2759 1325 2827 consuetudinem
1357 2754 1439 2824 fideii·

330 2867 390 2934 bus
422 2869 539 2936 nostris
570 2869 738 2954 Prepesito
755 2873 786 2936 et
801 2866 982 2936 conuentui
998 2867 1039 2934 de
1053 2868 1180 2936 Turocb
1207 2867 1324 2936 litteris
1339 2862 1440 2933 nostris

330 2974 546 3043 mediantibus
572 2975 718 3043 dedimus
751 2975 785 3042 in
816 2975 990 3062 mandatis,
1033 2981 1066 3042 vt
1098 2975 1263 3042 mitterent
1295 2973 1439 3042 homiuem

330 3084 471 3168 ipsorum
488 3103 545 3168 pro
562 3084 747 3151 testimonio
763 3082 975 3170 fidedignum,
992 3103 1099 3152 coram
1112 3103 1173 3167 quo
1185 3084 1298 3150 Petrus
1317 3082 1438 3150 Chakan

329 3191 380 3256 vel
396 3189 573 3257 Damianus
599 3191 683 3259 iilius
714 3189 849 3258 Podnan
882 3192 983 3260 altero
1020 3191 1162 3277 ipsorum
1193 3189 1331 3258 absente
1361 3189 1440 3255 homo

327 3303 435 3364 noster
465 3298 568 3384 ipsam
600 3304 719 3365 terram
751 3299 794 3363 ad
827 3307 935 3365 aratra
967 3297 1031 3364 duo
1049 3297 1275 3382 sufficientem,
1303 3313 1440 3366 unacum
1506 3293 1507 3354 3

327 3403 419 3470 siluis
436 3410 467 3470 et
483 3404 600 3480 tenetis
618 3405 813 3472 adeundum
831 3414 948 3472 terram
966 3406 1211 3488 sufficientibus,
1234 3427 1341 3474 eoram
1372 3421 1440 3470 eom·

208 3547 210 3553 =
326 3513 483 3580 metaueis
515 3521 547 3579 et
571 3513 689 3581 vicinis
705 3535 725 3579 a
743 3513 887 3599 predicta
920 3514 1001 3579 vilia
1018 3513 1209 3600 separando,
1229 3515 1344 3583 erectis
1359 3509 1438 3578 metis

331 3619 484 3705 predictis
500 3619 600 3705 Ipoeb
617 3627 648 3687 et
663 3621 857 3690 Leustaehio
873 3627 1064 3708 statuerent,
1079 3621 1106 3689 si
1123 3642 1186 3689 nou
1204 3621 1301 3688 fuerit
1327 3625 1438 3687 cuntra-

326 3727 457 3812 dictum,
487 3727 751 3796 condradietores
784 3749 871 3815 vero,
903 3729 1003 3813 siqui
1025 3731 1146 3814 darent,
1162 3729 1206 3796 ad
1221 3737 1363 3810 nostram
1380 3745 1440 3793 ouo·

327 3835 719 3904 carentPreseneiamad
750 3837 922 3905 terminum
952 3843 1197 3924 competentem.
1230 3837 1292 3916 Qui
1323 3835 1438 3920 quidem
1505 3817 1506 3872 i

325 3943 513 4029 Propositus
545 3951 576 4011 et
607 3941 792 4012 conuentus
825 3943 866 4011 de
895 3945 1023 4014 Turoch
1054 3946 1147 4012 nobis
1174 3937 1440 4031 rescripsitque

325 4050 430 4136 ipsam
449 4059 566 4120 terram
582 4051 745 4136 predictus
764 4055 876 4121 Petrus
892 4054 976 4122 iilius
997 4051 1134 4122 Ohakau
1152 4053 1247 4120 homo
1265 4057 1373 4118 noster
1387 4065 1441 4112 vua

325 4179 397 4226 eum
430 4159 557 4225 homine
588 4160 739 4245 ipsorum,
767 4163 972 4247 presentibus
1012 4161 1244 4228 commetaneis
1276 4165 1307 4226 et
1338 4155 1440 4226 uicinis

327 4266 576 4344 reambulando,
610 4268 922 4336 contradiecionibus
954 4290 1020 4336 non
1052 4268 1269 4354 obstantibus,
1302 4261 1439 4353 predictis
1504 4313 1505 4364 ,

323 4373 424 4460 lpooh
457 4379 489 4441 et
519 4374 713 4442 Lerrstaebio
745 4377 803 4444 sub
836 4378 930 4444 metis
946 4383 978 4443 et
994 4376 1141 4443 terminis
1157 4374 1371 4459 infrascriptis
1387 4377 1439 4435 sta·
1504 4375 1505 4424 i

326 4479 472 4546 tuissent.
489 4479 558 4547 Nos
579 4484 686 4567 itaque
711 4485 766 4566 qui
796 4484 951 4550 debemus
982 4483 1085 4568 Regia
1116 4481 1314 4548 liberalitate
1345 4471 1437 4544 metiri

326 4585 440 4651 merita
471 4587 685 4676 singulorum,
717 4592 938 4684 ctvnieuique
970 4593 1061 4662 iuxta
1094 4589 1295 4681 exigeneiam
1321 4603 1435 4659 errorum
