3068 5150
91 1207 195 1274 Ja'ooe
210 1206 357 1292 spalotoa'
373 1205 462 1270 ἐνεοῖς
477 1206 544 1271 inti
560 1229 581 1270 a
598 1204 777 1271 sourdouao‘
788 1203 960 1289 pitspb'leiit,
991 1208 1076 1289 kopp
1100 1201 1224 1267 Siderei·

93 1317 192 1381 roban
208 1338 229 1379 a
242 1313 382 1400 pitop'o'lu‘
399 1313 595 1398 hatoartphoz
611 1312 733 1376 tortozd
740 1310 961 1396 functidltbou
982 1312 1017 1401 ‘l-
1034 1334 1074 1374 uc
1092 1315 1219 1397 ju'rjou.

616 1422 715 1488 1283.

204 1618 373 1686 lohannes
390 1615 513 1682 Diuina
528 1617 745 1684 miseracione
771 1617 975 1704 Spalatensis
1001 1614 1226 1701 Arobiepiseo-

95 1747 165 1816 pus,
183 1726 289 1794 tocius
305 1725 487 1807 Delmaeie,
504 1725 642 1804 Oroatis,
668 1724 907 1808 Solanonieque
923 1725 1059 1812 Primae,
1092 1745 1228 1792 vonera-

94 1836 151 1902 bili
166 1834 263 1901 fratri
280 1833 412 1900 domino
430 1834 469 1898 N.
487 1853 545 1917 per
562 1831 700 1900 eandem
716 1832 879 1920 Episcopo
896 1832 1125 1920 Scardonensi,
1142 1833 1229 1898 salu-

96 1954 162 2010 tem
180 1944 214 2008 in
231 1943 383 2009 Domino.
408 1942 566 2008 Testante
582 1940 682 2008 Sacro
709 1939 855 2010 Concilio
888 1963 974 2009 anno
1006 1943 1162 2028 preterito
1194 1941 1229 2006 in

97 2052 233 2136 Spalato
252 2049 426 2127 celebrato,
445 2048 614 2115 ordinasse
631 2069 671 2115 ae
687 2049 822 2116 tirmiter
840 2049 1023 2135 precepisse
1049 2049 1229 2136 recolimus,

96 2159 180 2244 quod
197 2159 309 2226 nullus
326 2156 611 2242 suffraganeorum
630 2163 813 2224 nostrornm
839 2159 872 2224 in
905 2157 1120 2242 preiudieium
1153 2159 1230 2224 ulte-

96 2267 171 2352 rius,
206 2265 340 2332 clericos
357 2264 492 2332 alterius
508 2265 655 2334 Diooesis
672 2265 715 2332 nd
731 2286 842 2334 sacros
868 2266 999 2333 ordines
1031 2285 1231 2352 promouere,

98 2385 152 2442 aut
168 2375 240 2441 alia.
256 2373 481 2441 ecclesiastice
511 2379 542 2440 et
574 2375 774 2460 episcopalia
805 2383 1011 2443 sacramenta
1044 2375 1231 2464 ministrare

98 2487 274 2569 presumat,
292 2481 353 2547 sub
370 2501 455 2566 pena
471 2483 722 2566 quingentarum
740 2482 905 2570 librarum,
923 2481 982 2550 sed
998 2503 1055 2550 sne
1080 2483 1230 2549 Dioecsis

99 2591 217 2658 finibus
234 2590 278 2656 sit
293 2596 470 2656 contentus.
495 2591 588 2668 Quod
606 2598 796 2675 preceptum
813 2599 845 2658 et
869 2600 935 2660 tam
968 2591 1099 2658 salubre
1131 2597 1230 2658 statu·

98 2707 167 2764 tum
183 2697 384 2764 venerabilis
400 2698 499 2764 irater
516 2706 626 2766 noster
644 2698 683 2764 G.
702 2699 764 2766 Dei
781 2700 893 2784 gracia
908 2699 1137 2783 Trogus-lensio
1154 2699 1229 2784 Epi-

100 2827 217 2892 scopus
234 2806 268 2872 iu
286 2806 370 2872 t'esto
385 2805 480 2871 Beati
496 2805 661 2893 Dompuij,
694 2809 898 2891 presentibus
915 2808 1034 2874 nostris
1065 2807 1229 2888 Suffraga-

99 2913 167 2982 neis
183 2919 215 2980 et
234 2913 387 2980 uniuerso
405 2912 509 2997 Claro,
541 2931 600 2980 uos
616 2912 789 2998 infregisse
806 2914 951 2998 grauiter
967 2913 1060 2980 uobis
1078 2919 1128 2978 est
1153 2933 1228 2978 oon·

100 3029 252 3105 questus;
277 3021 399 3104 dicens,
417 3041 475 3086 vos
491 3020 719 3088 Sibenicenscs
737 3019 879 3090 Olerieos
895 3021 939 3088 ad
964 3040 1073 3088 sacros
1100 3019 1228 3087 ordines

99 3130 310 3213 promouisse,
343 3148 382 3192 ae
398 3129 446 3194 eis
463 3129 583 3195 crisme
599 3129 785 3214 contulisse,
819 3149 959 3196 necnon
976 3127 1142 3214 baptisma
1156 3149 1228 3215 par·

99 3235 255 3323 uulorum,
272 3257 313 3304 ac
330 3237 397 3302 alia
411 3245 620 3306 sacramenta
635 3237 860 3305 ecclesiastica
877 3243 908 3304 et
925 3236 1127 3322 episcopalia
1144 3239 1228 3304 eele-

100 3345 225 3430 brasse,
242 3343 276 3409 in
293 3344 343 3411 sui
359 3345 574 3428 preiudioium
607 3353 640 3412 et
671 3366 870 3430 grauamen;
895 3365 969 3412 oum
1002 3343 1081 3412 dicti
1112 3343 1229 3412 Clerici

100 3452 373 3520 Sibeniueuseset
389 3459 489 3520 totum
508 3453 693 3522 Sibenieum
719 3454 856 3523 subiecti
881 3455 946 3521 sint
978 3455 1020 3520 de
1051 3456 1122 3523 iure
1153 3455 1230 3537 Epi-

101 3580 200 3646 scopo
232 3567 264 3626 et
294 3561 508 3646 Episcopatui
539 3563 771 3646 Traguriensi,
807 3571 1000 3631 excusantes
1031 3584 1088 3630 uos
1119 3562 1230 3629 omnia

100 3669 287 3752 supradicta
303 3677 413 3736 nostro
429 3670 585 3738 mandato
603 3679 634 3738 et
649 3671 842 3738 auctoritate
858 3671 984 3740 fecisse.
1018 3673 1111 3738 Hane
1127 3679 1228 3737 totum

102 3795 194 3844 suum
210 3779 444 3861 querimoniam
461 3779 556 3846 nobis
573 3779 794 3868 impingendo,
827 3788 859 3847 et
876 3789 990 3847 eontra
1006 3799 1065 3846 uos
1091 3799 1229 3862 conque-

100 3885 212 3964 rendo,
229 3883 405 3969 plurimum
424 3887 526 3974 nobis,
561 3888 639 3971 quin
656 3888 767 3972 pocius
784 3909 883 3976 supra
909 3887 1040 3954 modurn
1072 3886 1227 3972 debitum,

102 3991 208 4058 extitit
223 3991 362 4060 infestus
379 3999 412 4058 et
428 3995 591 4078 molestus,
622 4003 788 4080 tamquam
822 3997 966 4082 grauiter
997 3995 1165 4062 sauciatus
1197 4002 1230 4061 ct

102 4099 249 4168 afflictus.
273 4101 315 4166 Et
331 4103 360 4168 si
377 4103 461 4169 bene
477 4103 630 4190 recolitis,
656 4125 729 4170 oum
747 4126 851 4191 nuper·
882 4107 917 4171 in
948 4105 1104 4172 socictate
1135 4102 1229 4170 Pauli

101 4206 184 4276 Baui
198 4209 239 4276 ad
255 4227 316 4275 nos
333 4211 526 4297 accessistis,
544 4232 640 4296 super
657 4212 771 4280 eodem
788 4213 873 4280 laeto
890 4233 956 4280 non
973 4215 1078 4280 solum
1105 4231 1126 4276 a
1151 4213 1229 4278 Tra·

103 4317 320 4402 gurieusibus,
338 4319 398 4384 scd
417 4321 514 4385 etiam
532 4341 552 4386 a
567 4321 827 4409 Spaleteusibus,
845 4324 1054 4406 grauissimas
1070 4322 1229 4389 lamenta·

103 4423 210 4492 ciones
225 4432 257 4492 ct
273 4427 435 4494 terribiles
452 4432 698 4513 conquestiones
716 4432 749 4497 iu
766 4431 938 4516 presencia
954 4430 1229 4500 dominiPotesta-

105 4531 148 4599 tis
163 4533 375 4620 Spalatensis,
393 4544 425 4602 et
436 4537 578 4604 omnium
589 4538 747 4606 nobilium
759 4537 1016 4626 Spalatensium,
1033 4559 1096 4605 non
1107 4539 1230 4622 absque

108 4657 223 4723 magno
238 4642 341 4709 nostri
358 4643 463 4728 cordis
481 4645 601 4732 dolore,
618 4646 761 4714 etmulti
778 4645 962 4714 certaminis
980 4663 1096 4730 agone,
1131 4665 1229 4732 oppo-

206 4777 308 4820 UOW.
324 4779 406 4820 nitore.
422 4781 492 4820 1118'1’.
509 4792 554 4805 -
569 4783 642 4825 mun.
656 4783 723 4828 1111.
1080 4757 1123 4824 26
