3124 5152
312 1130 510 1244 Aeaeum}
524 1181 736 1267 tozsorsasop
754 1203 775 1246 a
790 1179 907 1264 veplioi
920 1176 1044 1265 piispiik
1069 1179 1102 1242 es
1132 1177 1214 1265 prof
1239 1179 1443 1266 Fraupeptin

312 1287 447 1374 Friqyes
462 1287 548 1352 ltiizti
564 1285 857 1373 epponetlenseqeltet
872 1287 1045 1353 edlaeetott
1071 1285 1264 1374 birdscipltez
1288 1289 1440 1376 ntasitja.
1548 1311 1549 1316 ¹

816 1394 916 1460 1280.

417 1589 622 1658 Venerabilis
639 1589 741 1676 petris
757 1589 910 1676 Episcopi
925 1589 1096 1674 veglensis
1124 1595 1156 1658 et
1186 1587 1322 1659 Comitis
1355 1591 1440 1680 Veg-
1548 1585 1549 1672 J

309 1697 421 1766 liensis
437 1697 609 1766 millesimo
625 1697 849 1764 dueentesimo
866 1697 1097 1786 octuagesimo,
1123 1697 1177 1764 die
1202 1699 1320 1768 XVllI.
1344 1697 1437 1785 Julii,
1548 1761 1549 1798 p

307 1807 369 1874 snit
384 1817 480 1892 eapte
496 1825 572 1892 pers
588 1829 596 1870 :
613 1804 700 1889 quod
715 1804 913 1872 venerabilis
930 1812 1024 1890 pater
1049 1804 1222 1888 veglensis
1252 1806 1439 1893 Episcopus
1548 1853 1549 1898 3

306 1936 347 1982 ex
364 1934 429 1982 une
445 1921 549 1998 perte,
581 1917 613 1979 et
628 1911 746 1980 nobilis
762 1911 812 1980 vir
829 1910 943 1980 (lomes
959 1911 1161 1998 medentem,
1194 1911 1370 1982 Commune
1403 1921 1439 1983 et

307 2021 508 2092 Universites
525 2019 628 2088 tonius
644 2019 817 2106 Veglensis
835 2020 942 2086 lnsnle
958 2039 998 2087 ex
1024 2021 1131 2088 altena
1155 2028 1258 2108 parte,
1292 2019 1439 2090 debeant
1548 2023 1549 2044 ³

305 2129 468 2196 rutilieere
499 2129 569 2194 sive
584 2125 692 2196 lesere
708 2127 795 2194 refiei
812 2128 920 2194 taliter
936 2129 1213 2214 compromissum,
1239 2131 1325 2196 inter
1341 2129 1437 2214 ipsas
1548 2153 1549 2180 1

307 2241 415 2322 partes
432 2235 586 2302 haetenus
602 2235 732 2320 iactum,
762 2233 852 2318 quod
883 2241 1000 2320 teneat,
1033 2235 1158 2320 valeat,
1189 2245 1222 2304 et
1254 2237 1315 2304 boe
1346 2237 1438 2306 inira

307 2362 405 2410 unum
421 2361 564 2410 mensem
579 2341 766 2428 priusquam
783 2363 859 2429 pars
875 2342 940 2408 iste
953 2340 1051 2409 luerit
1066 2347 1164 2428 septu
1179 2341 1213 2410 in
1225 2343 1340 2410 melori
1350 2343 1437 2412 Gon-

304 2449 389 2538 silio,
406 2452 466 2518 sub
482 2469 569 2536 pena
584 2449 741 2517 librarum
758 2450 824 2519 ΜΜ
839 2469 899 2534 pro
915 2449 1060 2533 qualibet
1086 2457 1189 2533 parte.
1229 2453 1310 2518 Item
1342 2453 1435 2534 quod
1548 2475 1549 2544 ᾗ

305 2577 361 2644 pro
377 2555 597 2641 questionibus
614 2561 647 2623 et
663 2554 845 2644 dissordiis,
870 2574 935 2640 que
965 2561 1041 2623 sunt
1070 2557 1157 2623 inter
1187 2555 1278 2642 ipses
1309 2565 1434 2641 pentes

303 2665 447 2751 quelibet
462 2667 606 2753 ipsorum
622 2664 768 2751 purnium
785 2663 904 2732 debeat
919 2663 1042 2748 eligere
1056 2685 1154 2732 unum
1180 2665 1321 2732 iudicem
1348 2667 1433 2733 arbi
1548 2715 1549 2752 3

301 2780 383 2840 trum
400 2773 460 2841 sub
476 2773 574 2840 simili
590 2791 676 2859 pena
692 2770 734 2840 ad
749 2773 952 2840 voluntatem
969 2771 1089 2840 domini
1106 2773 1205 2840 Dueis
1222 2781 1253 2840 et
1268 2773 1320 2842 sui
1347 2769 1435 2840 Oen-

301 2881 374 2968 silii,
391 2889 423 2948 et
437 2881 558 2950 tersius
573 2880 712 2964 eligetur
728 2900 785 2964 per
800 2879 964 2947 dominum
979 2881 1103 2947 Dueem
1120 2887 1152 2946 et
1170 2880 1240 2948 eius
1251 2879 1434 2948 Consilium
1548 2873 1549 2960 ᾗ

301 2993 333 3054 et
346 3008 406 3075 peu
421 2987 531 3076 eapite
547 2987 608 3053 XL
623 2987 678 3053 vel
694 3006 752 3073 per
767 2987 923 3055 maiorem
939 2993 1064 3074 partem
1080 3007 1202 3076 eorum,
1225 2995 1258 3055 ot
1283 2987 1434 3071 quinum-
1548 2989 1549 3038 ἕ

301 3113 363 3179 que
378 3094 476 3162 fuerit
492 3093 616 3162 electus
632 3093 701 3160 sive
717 3113 777 3180 pro
792 3101 885 3180 parte
900 3095 970 3163 sive
987 3093 1172 3181 protonolo,
1202 3092 1323 3161 debeat
1356 3115 1436 3164 esse

300 3203 333 3268 in
350 3202 411 3268 isto
428 3202 564 3288 negocio
580 3201 639 3270 sub
655 3217 741 3286 pena
756 3201 781 3268 O
796 3199 960 3286 librarum,
990 3208 1023 3270 et
1048 3207 1195 3270 tenentur
1227 3203 1434 3288 respondere

298 3309 447 3396 sequenti
464 3309 526 3395 die,
560 3329 622 3392 quo
638 3307 702 3374 sibi
718 3307 838 3374 dietum
854 3307 952 3376 luerit
967 3309 1019 3376 vel
1036 3309 1207 3378 stridutnm
1223 3309 1267 3376 ad
1283 3309 1435 3398 domum,
1548 3319 1549 3328 ³

298 3425 330 3485 et
344 3438 408 3484 non
424 3410 535 3484 ualeat
549 3416 597 3483 eis
613 3415 783 3484 exeusseio
798 3415 862 3484 nisi
878 3416 1077 3486 infirmitatis
1107 3437 1266 3504 persone;
1292 3423 1326 3484 et
1352 3437 1435 3503 pes-

296 3525 361 3592 sint
378 3523 453 3592 dieti
470 3522 595 3591 iudices
612 3523 690 3610 eligi
706 3523 747 3591 de
764 3523 850 3592 omni
866 3524 940 3594 loeo
957 3532 990 3593 et
1007 3526 1048 3592 de
1062 3525 1211 3594 omuibus
1227 3523 1354 3610 ostiolis,
1374 3543 1434 3592 ex·

297 3631 399 3718 eeptis
415 3631 456 3696 de
473 3629 674 3697 Consiliariis
690 3629 862 3699 Judieibus
876 3629 1004 3717 Proprii
1020 3639 1052 3700 et
1067 3631 1322 3701 Advoeatoribus
1334 3633 1435 3702 (lom-

296 3739 411 3806 munis.
437 3737 501 3816 Qui
517 3737 641 3804 iudices
656 3737 771 3804 arbitri
787 3745 955 3807 teneantur
971 3747 1005 3809 et
1019 3740 1161 3810 debeant
1176 3740 1300 3828 audire,
1334 3741 1437 3810 defli-
1548 3737 1549 3740 ’

295 3846 365 3914 nire
380 3851 414 3912 et
428 3845 634 3912 sentenciere
650 3843 754 3914 dietas
770 3846 953 3930 questiones
970 3852 1003 3914 et
1033 3844 1214 3918 diseordins
1244 3865 1303 3933 per
1335 3850 1436 3918 arbi·

295 3956 391 4021 trium
407 3960 439 4020 et
452 3972 510 4038 per
525 3953 666 4040 laudum,
691 3960 724 4020 et
739 3952 822 4022 sient
837 3955 884 4020 eis
900 3955 954 4022 vel
970 3955 1085 4024 melori
1103 3957 1189 4042 perti
1206 3974 1318 4022 eorum
1333 3957 1436 4026 vide·
1548 3981 1549 3996 ¹

294 4063 379 4130 bitur
396 4061 480 4129 inira
495 4081 593 4129 uuum
610 4081 753 4129 mensem
783 4062 970 4149 priusquam
1002 4063 1101 4132 luerit
1131 4062 1179 4131 eis
1210 4063 1332 4133 dietum
1366 4087 1438 4152 per

293 4169 458 4237 dominum
474 4169 607 4254 Ducem,
640 4175 673 4234 et
688 4167 784 4236 debet
800 4169 936 4253 quilibet
951 4169 1094 4258 ipsorum
1124 4169 1269 4237 iudioum
1300 4171 1437 4244 habere
1548 4167 1549 4172 ’

293 4277 416 4345 solidos
431 4278 490 4344 XL
506 4295 693 4363 grossorum
710 4297 768 4363 pro
785 4277 917 4345 salerio.
957 4277 1023 4345 Sed
1039 4279 1067 4346 si
1083 4277 1169 4346 infre
1184 4277 1306 4346 dietum
1332 4301 1436 4350 men·

293 4405 361 4452 sem
376 4407 441 4453 non
457 4383 644 4452 diffinierint
659 4384 763 4451 dietas
778 4387 964 4469 questiones
980 4392 1013 4453 et
1029 4383 1218 4472 discordias,
1249 4385 1352 4452 niebil
1369 4390 1438 4458 de·
1548 4403 1549 4466 ἒ

292 4491 391 4560 beent
407 4491 538 4558 hebere.
555 4491 621 4559 Sed
637 4497 813 4576 antequam
830 4491 909 4560 dieti
925 4491 1050 4561 indiees
1060 4492 1435 4586 ineipisntproeedere,
1548 4483 1549 4510 ¹

292 4599 433 4682 quelibet
448 4619 525 4684 pars
540 4606 690 4666 tenentur
704 4598 785 4666 dare
800 4601 919 4686 pignus
934 4599 977 4668 de
993 4600 1095 4669 tribus
1110 4601 1203 4670 libris
1230 4619 1431 4686 grossorum
