3068 5150
601 322 761 420 juo*

103 520 262 587 enrndenr
280 519 430 604 plenarie
446 517 635 600 continetur,
652 525 799 584 currente
817 537 914 605 anno,
941 537 1062 606 mense,
1079 525 1111 586 et
1142 517 1242 586 iudic-

104 627 207 694 cioue
233 624 400 711 predictis,
417 623 543 690 scilicet
560 623 600 690 de
617 623 807 709 pignoribus
823 624 1008 692 valentibus
1023 625 1065 692 ad
1081 629 1243 709 quantita-

103 743 175 802 tem
194 732 437 818 qninquaginta
463 733 696 817 iperpcrornm,
728 730 820 798 etde
850 731 923 797 aliis
953 731 1188 818 qninquaginta
1203 734 1243 799 de

104 841 360 927 fidejussoribus
376 840 513 925 idoneis,
529 839 675 923 alioquin
691 845 802 905 contra
819 839 955 906 eundem
976 841 1167 924 procedetur
1182 862 1243 910 sue

103 951 243 1034 penitus
259 949 509 1017 inobendiencia
524 948 757 1014 nonobstante.
790 948 906 1013 Actum
925 946 987 1014 fuit
1004 949 1111 1015 hocin
1128 949 1241 1016 Arobi-

104 1057 295 1144 episcopali
305 1057 444 1144 palacio,
454 1064 601 1144 presente
613 1055 949 1144 OapitnloRagusino,
961 1077 1021 1124 nec
1033 1079 1096 1126 non
1112 1059 1241 1128 domino

103 1167 368 1252 Arcbiepiseopo
385 1185 444 1252 pro
460 1165 616 1231 tribunali
633 1164 778 1232 sedente.

222 1275 265 1340 llt
282 1295 341 1360 ego
357 1273 518 1341 Antonius
537 1271 575 1337 de
592 1273 728 1341 Oarletis
746 1271 835 1340 (liris
852 1273 1043 1357 Parmentis,
1059 1282 1091 1342 et
1108 1276 1244 1363 predicti

104 1383 237 1451 domini
268 1379 510 1465 Arcbiepiscopi
551 1380 685 1448 duratus
727 1377 893 1464 Officinlis,
938 1381 1123 1464 Imperielis
1163 1385 1245 1454 Aule

105 1489 267 1558 Publicus
285 1487 477 1556 auctoritate
503 1489 657 1556 Notarius
676 1488 726 1554 bis
745 1487 893 1555 omnibns
909 1488 1040 1556 interfui
1055 1499 1197 1579 rogatus,
1215 1502 1247 1562 et
1351 1525 1354 1532 v

105 1601 149 1668 de
167 1598 328 1666 mandato
345 1597 488 1664 eiusdem
505 1595 627 1664 domini
644 1596 759 1680 scripsi
776 1603 808 1663 et
824 1597 985 1664 roboravi.

223 1709 320 1774 Anno
351 1704 481 1773 Domini
498 1711 530 1772 et
545 1702 728 1771 indiccione
760 1703 914 1789 predictis
935 1707 1113 1794 comparuit
1137 1727 1245 1777 ooranr

106 1815 230 1884 eodem
248 1811 424 1879 venerabili
445 1818 537 1897 patre
556 1808 686 1878 domino
712 1811 811 1877 fratre
842 1797 1081 1900 Bonerentura,
1113 1813 1244 1884 misera-

106 1926 206 1990 cione
223 1919 607 2004 DiuinaArobiepiscopo
624 1917 801 2005 Ragusino,
818 1918 985 1986 lohannes
995 1919 1037 1988 de
1047 1923 1244 1991 Prodancllo

107 2033 141 2097 in
160 2031 304 2097 termino
321 2027 425 2094 eidem
442 2027 611 2112 assignato
636 2033 750 2114 petens
783 2027 1037 2096 misericordiam
1054 2037 1086 2096 et
1117 2033 1245 2098 veniam

107 2139 248 2207 domino
279 2125 482 2222 supradicto,
493 2135 662 2220 Ragusino
682 2135 835 2221 Capitulo
852 2144 1053 2221 congregato
1069 2137 1113 2206 ad
1129 2159 1243 2209 sonum

108 2267 289 2334 campane,
305 2251 340 2310 ut
363 2243 461 2310 moris
492 2251 552 2330 est,
585 2243 619 2309 in
650 2243 929 2330 Archiepisoopali
959 2243 1100 2332 palacio,
1133 2249 1246 2316 volens

107 2353 328 2442 supradictus
359 2351 510 2418 dominus
544 2348 817 2437 drobiepisoupus
847 2353 1020 2438 procedere
1037 2361 1246 2444 contraenm,

108 2468 201 2534 sient
218 2463 364 2550 postulat
380 2461 458 2529 ordo
472 2461 575 2546 juris3
602 2461 807 2546 supradictus
825 2462 992 2529 Jobauncs
1021 2461 1173 2529 diffidens
1205 2461 1246 2528 de

104 2577 186 2659 jure
213 2593 273 2639 sno
290 2570 381 2655 dixit,
398 2571 484 2654 quod
502 2571 643 2654 ponebat
659 2569 744 2650 sein
762 2569 910 2637 menibus
928 2569 1048 2638 domini
1065 2569 1246 2656 Arubiepis·

108 2681 189 2768 copi
207 2677 384 2764 antediedi‚
399 2685 431 2744 et
448 2677 533 2762 quod
550 2679 621 2762 ipsc
637 2677 759 2744 iaceret
776 2677 816 2742 de
833 2697 871 2743 eo
897 2677 964 2745 alte
981 2685 1013 2744 et
1030 2679 1138 2762 basse,
1154 2676 1244 2762 qnid-

110 2786 197 2874 quid
231 2787 294 2854 sibi
318 2786 473 2872 placeret,
503 2787 626 2869 absquo
641 2785 726 2872 juris
742 2785 862 2853 ordine.
879 2787 920 2852 Et
936 2793 1012 2854 tunc
1026 2785 1059 2852 in
1077 2788 1246 2871 presencia

108 2897 222 2965 tocius
240 2895 386 2981 Capituli
401 2893 606 2979 supradictus
638 2893 788 2960 dominus
820 2893 1093 2979 Arobiepiscopus
1124 2892 1247 2976 recepit

110 3008 155 3072 ab
172 3007 247 3090 ipso
265 3005 481 3070 iuramentum
498 3001 538 3068 dc
555 2998 702 3086 parendo
733 3001 896 3068 mandatis
930 3001 1095 3083 Ecclesie3
1118 3011 1150 3068 et
1174 3001 1247 3085 ipse

110 3113 216 3181 tactis
242 3111 372 3177 Sanctis
389 3109 576 3193 Euangeliis
588 3107 713 3192 jurarit
731 3129 857 3194 parere,
875 3117 909 3176 ct
934 3109 1065 3175 obedire
1081 3107 1116 3172 in
1147 3109 1244 3175 omni·

109 3222 175 3288 bns
209 3225 241 3286 et
272 3237 329 3303 per
359 3216 467 3283 omnia
498 3215 659 3282 mandatis
687 3215 844 3300 Ecclesie,
864 3221 895 3282 ot
911 3214 1032 3281 domini
1048 3215 1240 3302 supradicti.

111 3330 256 3411 Insuper
273 3329 404 3410 recepto
421 3324 464 3391 ab
483 3323 554 3408 ipso
579 3323 762 3408 juramento
796 3321 938 3406 precepit
969 3321 1074 3388 eidem
1105 3322 1247 3388 iohanni

111 3438 176 3504 sub
212 3432 320 3500 debito
348 3432 534 3516 juramento
566 3451 624 3515 pro
642 3431 755 3516 primo,
773 3429 915 3499 secundo
931 3436 962 3496 et
978 3427 1076 3495 torcio
1103 3448 1248 3516 peremp-

109 3543 211 3623 torio,
232 3547 267 3606 nt
299 3560 401 3624 usqne
433 3538 477 3605 ad
508 3537 592 3606 diem
625 3536 783 3606 Sabbatbi
816 3538 958 3623 proxime
989 3543 1159 3604 venturum
1190 3557 1248 3623 per

111 3659 220 3720 totam
254 3647 339 3715 diem
372 3654 574 3732 compareret
604 3667 711 3714 coram
744 3667 794 3732 oo,
825 3653 857 3712 et
873 3645 1055 3713 satisfaciat
1086 3644 1188 3711 cidem
1206 3644 1248 3711 de

112 3765 248 3828 centnm
266 3755 437 3843 iperperis,
454 3755 607 3822 videlicet
623 3755 664 3822 de
685 3754 921 3839 quinquaginta
948 3753 982 3818 in
1013 3752 1107 3820 bonis
1136 3753 1248 3838 pigno·

111 3869 216 3950 ribus,
245 3874 278 3933 et
295 3865 336 3932 de
351 3864 427 3930 aliis
458 3863 696 3948 quinquaginta
712 3862 745 3926 in
760 3860 1006 3945 fidejussoribus
1023 3857 1159 3926 idoneis.
1178 3859 1244 3937 Qui

115 3975 345 4044 Snbdiaoonus
376 3972 544 4042 lohannes
569 3977 678 4056 spreto
695 3968 816 4036 domini
833 3967 1075 4053 Arebiepiscopi
1100 3971 1249 4052 precepto

118 4093 153 4152 et
171 4082 302 4170 proprio
330 4080 534 4164 juramento,
557 4077 589 4143 iu
622 4095 680 4144 sue
696 4079 806 4144 anime
823 4095 887 4142 nou
903 4075 1061 4142 modicum
1079 4073 1249 4142 detrimen·

114 4193 239 4262 lumin
260 4189 382 4278 prelixo
407 4187 543 4256 terurino
575 4183 739 4252 mundatis
771 4206 835 4252 non
866 4183 1017 4266 obedivit,
1049 4181 1106 4249 sed
1137 4179 1250 4265 pocius

114 4300 234 4382 renuit,
265 4307 298 4365 et
329 4295 530 4382 contempsit.
561 4303 678 4361 Actum
711 4292 771 4360 snit
787 4293 847 4359 boc
863 4291 896 4358 in
929 4291 1002 4358 sala
1018 4288 1247 4374 Archiepisco·

116 4410 186 4496 pali
202 4414 354 4496 presente
371 4405 519 4491 Capitnlo
537 4401 734 4489 supradicto.

210 4515 251 4581 Et
267 4535 327 4599 cgo
343 4513 504 4581 Antonius
525 4513 565 4578 de
580 4511 732 4594 Carletis,
749 4509 836 4577 Civis
846 4509 1040 4590 Parmensis,
1057 4513 1088 4572 et
1107 4501 1245 4590 predicti

118 4625 243 4694 domini
258 4621 503 4709 Arcbiepiscopi
519 4620 652 4689 duratus
669 4618 837 4704 Officialis,
865 4615 1046 4701 lmperinlis
1064 4613 1146 4681 Aule
1162 4612 1246 4679 Pub-
