3148 5146
794 278 954 378 213..

312 473 525 560 rescripserit,
541 491 600 541 noe
617 471 738 538 dietam
754 477 870 540 terram
888 471 992 540 eidem
1012 473 1177 542 mediante
1193 476 1307 560 vigore
1338 479 1444 546 noetri

308 583 472 668 privilegii
506 581 546 648 ob
564 579 750 649 evideneiue
782 589 1008 664 argumentum
1042 583 1276 668 perpetualiter
1300 585 1443 653 eonfere-

308 709 388 756 mue.
419 689 541 756 Datum
573 688 607 754 in
637 687 781 774 Lypeha,
812 687 847 755 in
878 689 963 756 festo
1003 687 1250 776 Aeenmpeionis
1292 691 1442 774 Virginis

305 795 467 864 Glorioae.

309 993 474 1056 (Thaletica,
494 995 677 1043 Monumenta
696 992 762 1041 hiat.
781 993 967 1056 Episcopatus
986 994 1182 1058 Zagrabienris
1193 997 1215 1045 1.
1225 996 1285 1046 tut.
1302 999 1363 1045 172.
1374 997 1441 1060 lap.)

828 1281 832 1292 u
844 1286 852 1295 u
889 1282 1007 1294 »ρο-ιιι-

842 1809 913 1874 lot.

308 2007 368 2074 IV.
391 2011 506 2076 Lutatio
520 2009 694 2086 kirulpuat
704 2029 870 2094 paraneto
886 2005 993 2073 Diues
1009 2007 1189 2073 uzlaoouiau'
1206 2005 1339 2088 bdahoz,
1355 2007 1440 2090 leopy

305 2121 433 2183 oruoast
451 2113 575 2182 (lettere
590 2125 713 2180 ueratert
729 2139 749 2180 a
769 2115 844 2178 aelel
872 2115 1117 2199 adomriuyozott
1134 2113 1246 2199 jaualr
1271 2113 1441 2178 birtoka'bu

723 2221 901 2287 r'ktatlueea.
927 2222 1024 2290 1274.

415 2413 591 2482 Ladinlans
623 2415 686 2482 Dei
703 2415 818 2498 grauia
836 2417 906 2482 Rex
933 2415 1077 2498 Vngarie
1093 2413 1212 2480 dilecto
1229 2420 1261 2480 et
1276 2411 1368 2480 fideli
1382 2433 1443 2480 suo

308 2519 468 2607 Dyonieio
484 2520 575 2586 Bene
592 2519 696 2586 toeiue
716 2519 889 2587 Selauonie
915 2521 1052 2586 salutem
1070 2527 1102 2587 et
1118 2521 1262 2604 graciam
1293 2523 1441 2604 plenam.

308 2625 388 2695 (lum
420 2627 570 2695 dominus
601 2629 673 2694 Rex
705 2629 786 2696 Bela
817 2647 898 2694 aune
930 2633 1049 2712 noster,
1066 2635 1098 2692 et
1115 2624 1263 2693 dominus
1282 2628 1354 2694 Rex
1371 2627 1443 2693 Ste-

308 2735 436 2818 phanue
452 2738 547 2820 pater
573 2742 682 2800 noster
715 2735 908 2802 karissimus
939 2733 1050 2800 inelite
1081 2734 1242 2817 memorie,
1273 2734 1440 2817 quandam

308 2849 428 2908 terram
462 2841 571 2908 Gaetri
597 2841 698 2907 nostri
723 2841 966 2928 Zagrabienaie,
983 2841 1145 2908 Tornawa
1160 2847 1321 2927 vocatam,
1337 2860 1442 2927 prope

306 2949 502 3035 Zagrebiam
520 2951 722 3033 existentem,
739 2949 895 3032 Magistro
913 2949 1067 3031 Gerardo,
1084 2947 1173 3014 fideli
1199 2948 1291 3015 fisieo
1325 2956 1439 3015 nostro

306 3057 510 3141 contulerint,
528 3069 561 3123 et
575 3075 634 3121 nos
667 3055 906 3142 contulerimus,
937 3062 1033 3141 prout
1050 3057 1083 3120 in
1099 3054 1217 3122 nostris
1237 3054 1342 3122 literis
1358 3055 1438 3122 inde

308 3161 465 3230 eonleetis
482 3163 614 3248 plenius
631 3163 753 3246 poteris
773 3161 892 3229 intueri
903 3183 912 3245 ;
938 3161 1299 3253 mandamueyfidelitati
1331 3167 1444 3230 vestre

306 3272 517 3354 requirentes,
549 3275 710 3355 quatenus
742 3269 848 3356 ipsum
873 3267 1062 3352 Magistrum
1080 3267 1260 3336 Ger-ardum
1276 3269 1311 3335 in
1327 3288 1443 3354 eorpo-

304 3377 406 3442 ralem
439 3377 677 3462 possessionem
710 3375 795 3442 diete
826 3381 910 3442 terre
941 3375 1052 3442 velitis
1085 3374 1280 3442 auctoritate
1321 3383 1439 3443 nostra

304 3480 518 3571 introducere,
536 3493 568 3552 et
592 3483 811 3551 introductum
844 3484 876 3548 in
903 3483 1019 3550 eadem
1052 3481 1185 3548 firmiter
1224 3501 1442 3572 conseruare5

304 3594 338 3654 et
352 3595 426 3674 poet
441 3593 500 3659 hee
518 3590 722 3676 qualitatem,
738 3591 954 3674 quantitatem
970 3610 1010 3657 ae
1026 3609 1137 3656 eureus
1169 3597 1330 3658 metarum
1348 3593 1439 3660 dicte

303 3702 387 3763 terre
419 3698 565 3764 debeatis
598 3696 692 3763 nobis
712 3697 744 3762 in
764 3697 883 3766 vestris
899 3697 1017 3764 litteris
1044 3697 1440 3784 1·emandare,alindnon

303 3807 421 3875 laoturi
437 3827 495 3890 pro
512 3810 625 3872 nostra
650 3805 764 3887 gracia
796 3805 944 3890 pleniori.
973 3806 1051 3874 Oum
1069 3805 1103 3871 id
1119 3807 1168 3873 eie
1183 3825 1256 3874 ease
1285 3809 1441 3892 velimus,

302 3915 443 3982 omnium
475 3915 640 3980 Beronum
668 3919 850 3982 nostrorum
879 3914 1013 3982 consilio
1034 3913 1208 4000 mediante,
1227 3934 1265 3981 eo
1279 3917 1437 4004 maxime,

302 4023 379 4108 quia
395 4021 481 4088 idem
498 4020 656 4104 Magister
673 4019 837 4089 Gerardue
854 4023 949 4091 nobie
970 4021 1104 4090 servivit
1128 4021 1267 4090 fideliter
1284 4030 1316 4089 et
1332 4025 1442 4090 servit

300 4131 383 4198 sieut
423 4129 524 4198 stitis.
558 4130 679 4197 Datum
710 4133 769 4197 sub
787 4139 895 4198 eaetro
923 4129 1103 4214 Zolounuk,
1119 4131 1152 4196 in
1171 4129 1318 4199 erastino
1335 4131 1439 4200 Beati

302 4239 433 4308 Andree
449 4237 628 4325 Apostoli·

375 4437 679 4500 (Tkalcsies,ll10num.
700 4440 765 4489 hist.
785 4439 874 4502 Epiac.
896 4437 1093 4500 Zagrabiensie
1112 4437 1133 4485 Ι.
1154 4437 1212 4485 ket.
1236 4441 1295 4486 173.
1315 4437 1346 4498 l.)

736 4637 870 4645 --·--—-.
879 4637 1000 4644 —fi———fl
