3068 5150
529 349 710 480 ‘Aa

73 583 208 667 ipscrum
223 579 398 665 dextrarijs
414 579 448 646 in
464 597 542 646 area
558 577 744 646 certaminis
760 585 873 663 captos
890 578 1008 645 Nostra
1024 576 1189 646 Maiestati

73 688 285 773 presentauit;
309 706 391 770 quos
407 687 536 754 domino
552 686 692 755 Redolfo
708 685 789 769 Regi
807 685 1021 753 Romanorum
1053 684 1191 754 donaui-

75 817 150 864 mos.
190 798 232 864 Et
247 795 282 862 in
298 815 418 880 magno
435 795 583 864 conflictu
601 814 672 860 cum
689 793 801 862 eodem
828 795 915 878 Rege
931 793 1084 860 Bohemie
1100 791 1187 860 idem

73 905 220 989 Magister
237 902 399 990 Georgius
414 911 549 988 repente
574 901 668 970 irruit
697 902 731 968 in
761 902 955 969 horrendam
987 901 1188 968 inimieorum

70 1011 166 1077 aciem
182 1018 343 1080 armatam
360 1012 507 1097 pluribus
520 998 726 1098 adornatam,
758 1010 812 1077 vbi
846 1009 973 1077 fortiter
1004 1009 1190 1078 dimicando

71 1117 169 1184 estitit
200 1120 390 1204 uulneratus,
421 1125 453 1185 et
484 1139 601 1187 nouem
633 1119 795 1187 Bobemos
826 1117 1015 1202 captiuauit.
1055 1117 1192 1184 Demum

70 1227 166 1292 eciam
182 1245 256 1293 curn
273 1247 332 1294 nos
348 1228 383 1294 in
399 1234 485 1294 etate
500 1227 621 1312 puerili
638 1234 712 1313 pest
736 1226 861 1292 ebitum
887 1225 1054 1294 karissimi
1085 1225 1190 1310 patris

71 1333 165 1402 nostri
181 1353 320 1418 regnare
337 1335 545 1421 cepissemus,
559 1333 689 1420 Lytlron
705 1332 876 1419 Woyuoda
894 1353 960 1399 rna
984 1351 1056 1398 curn
1083 1332 1189 1399 iratri-

69 1439 124 1506 bus
139 1440 207 1508 snis
222 1459 390 1526 perseam
415 1439 641 1508 infidelitatem
672 1441 815 1522 aliquam
849 1445 974 1524 partem
1007 1436 1046 1506 de
1077 1440 1189 1522 Regno

70 1555 174 1616 nostro
190 1550 277 1615 vltra
293 1548 385 1634 alpes
400 1549 590 1616 existentem
618 1569 674 1632 pro
706 1567 741 1614 se
772 1555 958 1634 occuparat,
987 1554 1020 1614 et
1052 1567 1188 1634 prouen-

71 1665 117 1725 tus
134 1658 228 1725 illius
244 1657 347 1744 partis
363 1658 457 1726 nobis
473 1661 672 1744 pertinentes
687 1657 787 1724 nullis
812 1657 1091 1726 admonicionibus
1116 1656 1185 1723 red·

69 1765 140 1832 dere
156 1765 306 1850 curabat,
322 1765 526 1851 sepedictum
543 1765 736 1851 Magistrum
754 1765 929 1850 Georgium
943 1772 1057 1832 eontra
1082 1763 1189 1850 ipsum

68 1873 219 1960 misimus,
247 1873 303 1959 qui
329 1894 401 1940 eum
425 1895 551 1942 summo
585 1874 749 1942 fidelitatis
782 1892 877 1958 opere
907 1871 1084 1958 pugnando
1116 1893 1189 1938 curn

68 1982 173 2049 eodem
193 1982 300 2068 ipsum
327 1982 501 2070 interfecit,
528 1989 560 2047 et
591 1981 724 2049 lratrem
757 2001 849 2048 soum
882 1983 1014 2049 nomine
1045 1980 1188 2048 Barbath

68 2091 245 2176 captiuauit
261 2099 292 2157 et
315 2091 409 2159 nobis
441 2089 597 2174 adduxit3
621 2111 716 2176 super
744 2111 808 2174 quo
839 2111 898 2157 nos
931 2112 996 2158 non
1029 2089 1188 2158 modicam

68 2197 279 2279 quantitatem
296 2197 431 2282 pecunie
447 2196 580 2264 fecimus
597 2202 804 2282 extor·quere;
829 2203 862 2263 et
876 2197 924 2264 sic
956 2217 1013 2283 per
1045 2195 1188 2264 eiusdem

66 2302 211 2388 Magistri
228 2304 361 2389 Georgij
380 2303 552 2373 seruicium
567 2305 722 2372 tributum
738 2312 880 2372 nostrum
899 2304 932 2370 in
951 2304 1073 2372 eisdem
1091 2305 1189 2390 parti-

66 2409 118 2476 bus
133 2411 231 2478 nobis
247 2410 309 2478 fuit
325 2408 553 2478 restauratum.
578 2411 660 2480 Item
675 2415 709 2480 in
726 2412 934 2498 expedicione
951 2420 1073 2500 nostra,
1091 2435 1189 2498 quarn

66 2525 173 2584 contra
191 2517 337 2586 infideles
356 2519 515 2586 Gomanos
542 2528 671 2588 nostros
703 2519 884 2603 habuimus,
918 2519 1002 2588 idem
1033 2521 1191 2606 Magister

65 2623 221 2708 Georgius
239 2631 315 2692 ante
333 2627 446 2694 oculos
462 2628 582 2696 Nostre
598 2628 780 2696 Maiestatis
798 2628 830 2694 in
847 2628 937 2714 ipsos
955 2635 1110 2715 tanquam
1136 2629 1188 2696 leo

64 2731 151 2800 lortis
167 2734 275 2818 irruit,
292 2732 348 2800 vbi
366 2733 440 2817 equi
456 2733 600 2802 subsidio
618 2734 790 2801 destitutus
807 2735 842 2800 in
859 2736 931 2822 ipsa
948 2757 1025 2804 area
1042 2739 1189 2805 certami-

63 2839 110 2906 nis
124 2840 337 2908 acerbissime
354 2842 518 2925 preliauit,
544 2849 576 2908 et
591 2843 726 2911 diuersa
756 2843 883 2910 ulnera
914 2843 1034 2913 ibidem
1068 2845 1189 2930 recepit

62 2949 253 3031 sagittarum
270 2957 369 3033 atquc
385 2952 578 3020 lancearum.
613 2953 762 3018 Ceterum
779 2973 850 3021 eum
867 2953 909 3020 ad
925 2955 1126 3020 Dormanum
1143 2953 1186 3020 ad

62 3055 253 3141 colloquium
270 3059 332 3123 sub
347 3057 456 3142 specie
472 3059 564 3143 pacis
581 3060 839 3145 accessissemus,
866 3061 919 3128 rbi
935 3061 1095 3145 quosdam
1122 3063 1185 3128 Ba-

62 3183 155 3230 rones
171 3169 303 3232 nostros
320 3165 509 3254 captiuauit,
535 3163 622 3234 idem
638 3167 794 3250 Magister
810 3167 970 3253 Georgius
986 3170 1079 3237 nobis
1110 3170 1188 3238 fide·

63 3271 185 3339 lissima
202 3273 358 3356 obsequia
376 3275 422 3342 ibi
438 3275 584 3342 exercuit
600 3281 632 3342 et
647 3275 817 3363 impendit,
850 3283 883 3344 et
897 3298 996 3347 unum
1022 3279 1063 3346 de
1089 3281 1188 3365 sociis

60 3380 215 3448 Dormani
234 3379 379 3449 eiusdem
396 3389 528 3468 captum
544 3383 690 3452 adduxit.
707 3387 844 3472 insuper
859 3406 930 3454 eum
948 3395 1077 3456 nostros
1088 3388 1186 3455 honri-

61 3507 115 3553 nes
132 3488 249 3555 fideles
258 3489 487 3558 Trassiluanos
503 3511 568 3558 rna
584 3511 656 3558 cum
672 3493 825 3560 Comanis
842 3496 960 3562 nostris
976 3503 1087 3564 contra
1107 3498 1187 3564 Dor-

60 3615 189 3666 manum
206 3606 238 3665 et
254 3599 415 3682 Belgaros
427 3600 637 3686 misissemus,
655 3601 843 3686 Magistrum
857 3603 1030 3686 Georgium
1043 3604 1187 3672 eiusdem

58 3708 218 3774 exercitus
235 3705 449 3790 Gapitaneum
465 3708 699 3796 presumentes,
722 3711 809 3777 idem
841 3710 994 3796 Magister
1026 3711 1187 3796 Georgius

58 3811 127 3879 loeo
145 3814 179 3878 in
198 3813 312 3882 eodem
329 3823 424 3900 grata
455 3819 611 3902 obsequia
642 3819 786 3886 exercuit
818 3827 850 3886 et
882 3818 1043 3903 condigna
1075 3819 1187 3888 honori

58 3921 158 4005 Regia
176 3923 367 3990 Maiestatis.
391 3924 482 3992 Licet
498 3926 622 3994 maiora
638 3935 671 3993 et
687 3929 818 4012 pociora
835 3936 1029 4014 mercretur,
1053 3929 1094 3994 de
1119 3931 1185 4013 ple-

56 4029 203 4097 nitudine
220 4041 330 4098 noslre
347 4033 456 4116 gracie
473 4054 515 4100 ex
531 4041 621 4101 certa
638 4036 782 4104 selencia
798 4044 831 4102 et
857 4057 944 4104 mere
977 4037 1184 4124 liberalitate,

58 4135 95 4203 de
111 4137 319 4206 Prelotorum
335 4147 367 4207 et
384 4143 546 4209 Beronum
563 4151 745 4210 nostrorum
775 4145 911 4213 consilio
937 4145 997 4232 ipsi
1031 4147 1185 4231 Magistro

58 4241 210 4330 Georgio,
245 4253 279 4312 et
295 4267 352 4333 per
369 4268 441 4316 curn
459 4250 526 4316 suis
543 4249 718 4316 heredibus
735 4271 928 4337 suorumque
944 4251 1099 4322 horedum
1116 4275 1186 4322 sue-

57 4353 238 4424 cessoribus
255 4355 415 4438 quasdam
433 4357 532 4426 villas
549 4363 676 4426 nostras
694 4359 845 4447 Regales,
879 4361 1030 4429 videlicet
1061 4364 1185 4449 Sorrar,

55 4457 248 4548 Sowpatak,
280 4464 431 4550 Delnam,
462 4465 627 4534 Zarbouth
653 4475 686 4533 et
703 4463 917 4552 obedobderb,
948 4489 1019 4536 cunr
1036 4473 1184 4538 omnibus

59 4567 257 4636 utilitatibus
275 4578 307 4637 et
323 4573 535 4660 pertineneijs
552 4575 736 4662 earundem,
769 4583 801 4642 et
816 4598 915 4662 super
931 4583 1054 4644 montes
1071 4597 1185 4646 earun-

54 4674 124 4742 dem
141 4685 252 4746 eastra
269 4676 438 4766 euitare,
463 4682 576 4751 Sowur·
595 4705 665 4750 corn
684 4683 797 4752 sodina
813 4705 868 4754 sou
886 4693 983 4770 puteo
999 4685 1087 4770 salis,
1105 4684 1184 4752 Che·

1015 4793 1077 4860 28*
