3148 5146
830 945 904 1016 109.

297 1141 325 1206 Ι.
343 1141 472 1229 Karoly
489 1143 633 1210 oziciliui
647 1145 759 1228 lcirdly
774 1141 919 1209 Soterico
936 1146 967 1210 cis
985 1145 1123 1232 Spalato
1138 1148 1337 1212 udrosolrlcul
1367 1159 1432 1214 aab·

517 1321 519 1328 ,
604 1248 745 1315 oetlteaile
762 1250 905 1326 Almisoa
923 1249 1010 1314 ellcu.
1029 1252 1126 1316 1274.

409 1442 641 1508 Istrumentum
661 1440 779 1507 sederis
807 1442 891 1508 inter
903 1441 1054 1510 (torulum
1070 1444 1189 1526 Regem
1208 1444 1331 1532 Sicilie,
1349 1465 1431 1514 com·

294 1549 488 1615 munitatem
504 1548 649 1615 Sibenici
666 1554 697 1614 et
714 1547 839 1632 Spaleti
857 1547 1000 1616 debello
1029 1548 1215 1618 inferrondo
1240 1557 1328 1618 terre
1353 1556 1430 1621 Dal·

296 1655 400 1742 masii,
418 1656 522 1742 pactis
538 1653 621 1720 infra
640 1655 771 1722 notatis.
789 1655 826 1722 ln
843 1656 974 1724 nornine
990 1658 1131 1724 Domini.
1148 1657 1243 1724 Auno
1259 1661 1302 1726 ab
1319 1662 1429 1727 Incar-

296 1763 427 1831 natione
461 1761 530 1830 eius
562 1761 735 1829 millesimo
768 1762 992 1830 ducentesimo
1024 1769 1268 1850 septuagesimo
1300 1775 1427 1852 quarto,

295 1875 455 1956 regnante
487 1870 619 1936 domino
651 1876 761 1936 nostro
795 1869 912 1938 Oarolo
944 1871 1166 1940 illustrissimo
1195 1875 1285 1957 Rege
1300 1874 1422 1959 Sicilie,

297 1977 443 2044 Ducatus
461 1978 579 2062 Apulie
596 1997 635 2044 ac
651 1976 860 2062 Principatus
881 1977 1001 2064 (lapus,
1018 1977 1112 2044 Alme
1129 1981 1227 2048 Urbis
1243 1980 1427 2066 Senatorio,

302 2083 505 2171 Audegavie,
531 2085 700 2152 Provincia
724 2104 763 2151 ac
793 2083 1029 2170 Fordalguerre
1062 2087 1188 2155 Comite
1221 2108 1262 2156 ao
1291 2090 1430 2156 Romani

300 2191 433 2276 Imperii
451 2212 512 2278 per
527 2192 663 2260 Sacram
678 2193 859 2260 Romanam
879 2193 1062 2262 Ecclesiam
1078 2194 1113 2261 in
1128 2194 1250 2261 Tuscia
1276 2195 1430 2264 Generali

297 2296 439 2385 Vioario,
470 2317 556 2366 anuo
583 2299 685 2382 Regni
719 2301 788 2367 eius
819 2299 954 2388 decimo,
971 2301 1024 2368 die
1044 2302 1156 2369 martis
1173 2309 1288 2385 quarto
1305 2304 1427 2371 mensis

298 2404 510 2492 Septembris,
553 2407 649 2473 tertie
679 2407 878 2495 indictionis,
910 2407 1000 2494 apud
1030 2409 1139 2476 locum
1171 2409 1330 2478 Pensilos.
1363 2411 1430 2476 Nos

298 2510 549 2579 Bartholomeus
582 2511 623 2578 de
638 2513 739 2595 Regio
772 2514 963 2582 etJacobus
994 2515 1035 2583 de
1067 2513 1236 2602 Varduno,
1271 2517 1314 2582 de
1334 2517 1427 2600 Alba,

298 2620 417 2704 Magne
433 2620 536 2705 Regio
552 2618 649 2687 Curio
665 2619 810 2708 ludices,
827 2628 859 2688 et
875 2620 1024 2688 Matheus
1040 2621 1221 2690 Barabulus
1240 2623 1281 2690 de
1307 2622 1426 2691 (laisla

300 2723 445 2792 eiusdem
477 2727 599 2812 Magne
631 2727 727 2794 (lurie
758 2734 904 2794 actorum
923 2730 1093 2812 Notarius,
1109 2735 1142 2796 et
1157 2731 1314 2816 suscripti
1330 2736 1428 2797 testes

299 2835 342 2902 ad
358 2833 419 2901 hoo
435 2836 624 2920 specialiter
640 2835 745 2902 uocati
763 2843 794 2902 et
825 2836 943 2923 rogati,
974 2838 1136 2923 presentis
1162 2839 1275 2924 scripti
1302 2836 1426 2922 publici

296 2946 382 3014 serie
414 2944 618 3014 declaramus
652 2969 659 3009 :
707 2943 794 3026 quod
826 2943 910 3010 inter
948 2942 1068 3013 dietum
1109 2943 1274 3013 dominum
1307 2949 1426 3032 Regem
1557 2987 1558 3000 κ

296 3076 337 3122 ex
367 3057 461 3140 parte
495 3071 562 3116 una
593 3055 624 3114 et
654 3049 803 3116 Judicom
835 3053 1021 3118 Dobronum
1048 3058 1080 3118 et
1104 3051 1253 3121 ‚Iudicem
1294 3053 1425 3122 Heliam

296 3160 448 3247 sindicus,
487 3164 614 3226 actores
647 3163 679 3223 et
709 3157 839 3226 nuntios
872 3159 1033 3242 speciales
1066 3159 1314 3229 communitatis
1345 3169 1428 3230 terre

295 3267 457 3351 Sibenici;
482 3271 515 3334 et
531 3265 695 3332 dominum
711 3265 873 3332 chinam
894 3265 993 3336 Sreae
1010 3273 1042 3332 et
1059 3267 1224 3335 dominum
1241 3267 1426 3337 Privolaum
1557 3299 1558 3358 p

296 3375 454 3442 Dabache
469 3371 621 3444 sindioos.
639 3373 882 3441 ambasciatores
899 3383 932 3442 et
948 3375 1079 3442 nuntios
1095 3373 1255 3461 speciales
1272 3373 1424 3442 Civitatis
1557 3359 1558 3448 i

296 3480 433 3568 Spoleti,
447 3480 576 3548 nomine
591 3499 631 3546 ao
644 3501 702 3566 pro
719 3487 812 3565 parte
828 3480 1078 3550 universitatum
1099 3481 1245 3566 ipsarum
1262 3487 1422 3548 terrarum

296 3611 337 3656 ex
352 3588 464 3672 altera,
499 3588 739 3655 consentientes
770 3589 804 3654 iu
836 3611 895 3658 uos
929 3593 1110 3676 expressim
1126 3597 1282 3674 tanquam
1298 3589 1334 3658 iu
1347 3611 1423 3658 suos

295 3700 426 3770 Judioes
443 3705 475 3766 et
490 3697 661 3766 Notarium
678 3718 775 3781 quem
792 3699 924 3784 scireut,
941 3699 1066 3770 scilicet
1083 3699 1161 3767 dicti
1177 3698 1294 3766 sindici
1311 3716 1421 3765 senon

295 3828 367 3876 esse
381 3803 636 3888 iurisdictionis;
655 3804 765 3870 omnia
781 3805 1001 3890 infrascripta
1017 3813 1116 3893 pacta
1133 3813 1166 3873 et
1181 3805 1423 3892 conventiones,

294 3919 439 3981 tractata
455 3909 655 3980 concorditer
670 3918 703 3978 et
727 3911 856 3980 firmata
886 3913 1015 3979 fuerunt
1047 3913 1184 3981 solemni
1214 3912 1427 3997 stipulatione

295 4029 327 4087 et
346 4020 452 4088 omuis
477 4017 556 4084 iuris
571 4017 777 4087 solemnitate
794 4020 928 4087 vallata.
944 4020 983 4086 ln
1000 4022 1113 4106 primis
1130 4021 1171 4087 de
1186 4018 1339 4086 facienda
1357 4039 1422 4085 una

294 4147 415 4212 guerra
446 4145 505 4212 per
534 4125 641 4212 ipsum
672 4124 838 4195 domiuum
869 4127 994 4211 Regem
1026 4132 1059 4194 et
1085 4125 1325 4194 Universitates
1350 4145 1421 4208 pre·

295 4233 401 4302 dictas
441 4240 525 4300 terre
570 4231 729 4316 Dalmisii,
754 4241 786 4301 et
825 4234 974 4301 omnibus
1015 4240 1047 4300 et
1084 4234 1223 4316 singulis
1271 4231 1419 4299 eiusdem

295 4347 390 4430 terre,
423 4359 464 4408 ao
488 4341 699 4424 sanctoribus,
731 4338 972 4408 coadiutoribus
997 4341 1075 4409 suis.
1115 4339 1197 4407 Item
1215 4337 1302 4424 quod
1318 4339 1429 4424 aliqua

295 4449 441 4533 ipsarum
473 4447 731 4516 Universitatum
763 4469 828 4516 non
858 4447 980 4516 sacient
1005 4453 1112 4535 pacta,
1136 4447 1244 4534 finem,
1277 4453 1426 4532 treguam

296 4573 356 4620 seu
371 4573 525 4636 guerram
541 4574 612 4620 cum
631 4555 840 4622 Dalmasibus
858 4575 916 4624 seu
930 4553 1133 4625 fauctoribus
1160 4553 1227 4622 suis
1252 4554 1323 4622 siue
1348 4573 1423 4621 con·
