3124 5152
827 299 987 400 gaa-

448 501 517 566 Nos
531 499 578 565 St.
596 495 657 564 Dei
673 495 787 581 gracia
802 495 872 562 Rex
898 495 1068 581 Hungario
1098 497 1321 582 significamus
1353 497 1473 580 quibus

341 605 474 691 expedit
490 606 692 692 presencium
711 625 768 690 per
783 611 946 690 tonorem;
971 603 1058 689 quod
1072 607 1187 672 Petrus
1204 605 1322 673 nobilis
1338 603 1381 672 de
1414 605 1472 671 Ze·

340 714 470 800 derlryn
488 711 642 781 heredum
658 713 833 782 destitutus
849 713 972 782 solacio
990 734 1100 782 coram
1131 715 1225 782 nobis
1256 714 1471 800 personaliter
1550 721 1551 724 ’

343 823 537 888 constitutus
553 841 612 910 pro
628 822 735 888 anime
752 840 808 888 sue
823 821 965 888 remedio
998 829 1031 888 et
1061 823 1166 890 salute
1197 823 1329 909 propria
1361 824 1471 888 omnia

345 928 462 1015 predia
478 949 537 997 sna
551 948 608 996 seu
623 930 845 1014 possessiones
861 949 973 998 omnes
1004 949 1078 997 cnm
1108 931 1176 996 suis
1209 929 1406 999 utilitatibus
1442 939 1469 994 ct

342 1038 555 1124 pertinencijs
570 1035 660 1106 dedit
677 1046 709 1105 et
724 1036 861 1104 donauit
877 1039 1074 1106 Monasterio
1099 1038 1218 1105 Sancte
1250 1037 1398 1122 Virginis
1433 1037 1469 1103 de

340 1147 456 1214 Insula
471 1145 575 1231 ipsius
592 1145 734 1230 Virginis
751 1144 900 1214 Glorioso
917 1166 956 1212 eo
974 1145 1090 1230 modo;
1113 1147 1199 1230 quod
1216 1146 1319 1213 donee
1336 1165 1468 1231 compos

339 1274 397 1323 sue
412 1255 478 1320 vite
495 1253 638 1322 extiterit
669 1253 824 1339 percipiet
855 1273 932 1321 usus
964 1255 1204 1339 posscssionum
1236 1255 1468 1340 predictarum,

340 1370 412 1449 post
428 1363 551 1430 obitum
568 1381 646 1429 vero
662 1361 733 1429 eius
749 1360 866 1429 hedem
884 1364 1104 1448 possessiones
1121 1381 1193 1428 cum
1220 1361 1288 1430 suis
1318 1362 1469 1430 omnibus

339 1469 533 1539 utilitatibus
548 1475 581 1537 et
595 1470 804 1556 pertinenoijs
820 1469 854 1536 in
872 1471 923 1538 ins
939 1478 972 1536 ct
987 1472 1220 1556 proprietatem
1236 1470 1385 1539 eiusdem
1400 1473 1468 1538 blo-

338 1579 474 1664 nasterij
492 1579 561 1645 iure
577 1585 735 1665 perpetuo
751 1577 966 1646 deuoluantur
982 1617 1027 1627 -
1037 1619 1081 1629 —
1093 1615 1132 1625 -
1147 1620 1190 1630 -
1206 1577 1303 1644 Petro
1314 1579 1468 1647 elnolun·

339 1687 400 1756 tati
424 1690 458 1755 in
485 1689 665 1756 donaciono
698 1695 730 1753 et
761 1685 941 1756 collacione
973 1688 1213 1774 posscssionum
1245 1687 1466 1774 predictarum

339 1815 530 1864 consensum
547 1795 661 1865 danim
676 1794 810 1880 Regium
827 1799 859 1860 et
875 1815 1055 1864 assensum.
1074 1796 1195 1862 Datum
1210 1792 1302 1860 Bude
1316 1795 1352 1862 in
1368 1796 1467 1863 domi·

339 1904 414 1970 nica
431 1903 657 1972 Reminiscerc.

447 2013 528 2079 ltsm
544 2013 691 2082 exhibuit
706 2011 810 2079 eciam
826 2011 1032 2098 priuilegium
1044 2011 1184 2098 Capituli
1195 2011 1360 2080 Budensis
1370 2033 1467 2098 snper

341 2121 454 2190 eodem
469 2123 558 2192 lacto
575 2121 766 2208 conlectum,
783 2121 874 2190 cuius
890 2125 981 2188 tenor
995 2120 1072 2189 talis
1088 2129 1137 2188 est
1148 2137 1157 2188 :'
1552 2105 1553 2120 ἶ

446 2230 605 2298 Omnibus
622 2229 741 2298 Christi
758 2227 905 2298 fidelibus
921 2249 1055 2317 presens
1081 2229 1238 2314 scriptum
1268 2230 1465 2317 inspecturis

339 2337 523 2424 Capitulum
539 2337 699 2406 Bullensis
716 2338 861 2406 Ecclesie
875 2339 1014 2405 salutem
1030 2338 1064 2405 in
1074 2337 1213 2406 Domino
1223 2339 1464 2425 sempiternam.

337 2445 389 2516 Ad
405 2446 626 2516 vniuersitatis
642 2454 750 2516 nestro
766 2447 920 2514 noticiam
935 2454 1048 2514 tenore
1079 2449 1280 2532 presencium
1313 2449 1465 2514 uolumus

338 2554 519 2642 peruenire,
544 2555 630 2639 qnod
645 2574 718 2622 oum
750 2555 794 2622 ad
826 2553 1018 2643 peticionem
1048 2553 1110 2623 viri
1141 2554 1260 2623 nobilis
1288 2555 1379 2622 Petri
1403 2554 1464 2639 filij

337 2662 452 2730 Zonulr
469 2660 510 2730 de
525 2681 645 2748 genere
660 2662 797 2730 Zounuk
828 2662 963 2730 dilectos
994 2661 1029 2729 in
1059 2663 1186 2732 Christo
1217 2662 1464 2732 Concanonicos
1553 2677 1554 2738 l

336 2776 462 2839 nostros
478 2771 670 2857 Magistrum
686 2771 880 2858 Gregorium
909 2771 1008 2838 lilium
1041 2770 1134 2840 Gnrlr
1164 2772 1343 2859 Woyuodo,
1376 2772 1463 2838 Bric-

338 2878 445 2948 obium
460 2877 671 2959 sacerdotem,
702 2876 812 2947 Bedeu
844 2881 1011 2948 Decannm
1043 2879 1263 2965 misissemns;
1287 2879 1388 2965 ijdem
1419 2880 1463 2947 ad

338 3007 397 3057 nos
428 2988 598 3056 redeuntes
628 2987 808 3054 retulerunt
837 2987 952 3073 nobis;
990 2987 1078 3072 quod
1107 2985 1315 3073 supradictus
1345 2987 1462 3056 Petrus

337 3097 449 3163 iacens
464 3095 497 3162 in
513 3095 596 3164 lecto
613 3092 816 3180 egritudinis,
831 3113 945 3162 sanum
971 3099 1078 3161 tamur
1110 3102 1143 3161 et
1172 3095 1304 3180 plenum
1337 3093 1461 3164 habens

335 3205 547 3290 intellectum,
578 3203 664 3269 inter
682 3209 810 3271 ceteras
827 3199 1063 3290 ordinaciones,
1089 3223 1169 3286 quas
1193 3201 1228 3268 in
1244 3223 1301 3270 suo
1317 3202 1463 3270 condidit

335 3317 539 3400 testamento,
555 3307 715 3394 quasdam
731 3316 837 3379 terras
854 3329 943 3398 suas,
960 3331 1096 3395 quarum
1113 3330 1179 3376 vna
1193 3315 1329 3378 vocatur
1344 3309 1461 3378 cher-

333 3420 411 3508 lryn,
442 3419 586 3488 existens
600 3419 692 3487 iuxta
708 3427 841 3506 pontem
857 3419 997 3506 Namya,
1030 3439 1102 3486 cum
1119 3419 1259 3487 ccclesia
1273 3419 1307 3486 in
1338 3418 1460 3488 honore

335 3526 454 3594 Sancte
469 3523 580 3594 Crucis
595 3525 716 3594 ibidem
734 3525 915 3594 bedelicata
930 3526 964 3592 in
989 3525 1151 3594 Comitatu
1182 3525 1223 3592 de
1252 3527 1403 3610 Barana;
1427 3535 1461 3594 et

332 3635 400 3702 alia
416 3633 565 3702 Samaria
581 3641 700 3704 uocata
717 3635 861 3704 existens
877 3654 979 3722 propo
993 3655 1098 3720 aquas
1112 3633 1234 3704 Drawa
1250 3635 1285 3702 in
1301 3638 1458 3721 superiori

332 3743 410 3811 ville
425 3744 572 3829 Hagmas
587 3744 756 3812 nominate
772 3743 806 3809 iu
822 3743 985 3811 Comitatu
1002 3744 1042 3810 dc
1057 3743 1209 3831 Wallrou,
1227 3764 1300 3812 cum
1310 3745 1459 3814 omnibns

330 3851 525 3920 utilitatibus
541 3859 573 3919 ct
588 3851 803 3939 pertinencijs
821 3850 995 3920 earundem
1011 3859 1180 3939 terrarum,
1197 3851 1351 3922 videlicet
1361 3854 1456 3939 pisci-

330 3961 391 4047 nis,
410 3959 537 4045 stagnis
553 3966 585 4028 et
600 3960 697 4044 aquis
712 3959 845 4045 Draus,
875 3959 1002 4045 legauit
1017 3965 1050 4026 ot
1065 3958 1201 4027 donauit
1216 3959 1362 4028 Ecclesia
1378 3960 1457 4029 San-

330 4077 383 4140 cto
398 4068 502 4140 llario
517 4069 559 4138 ds
573 4070 683 4136 Insula
698 4088 756 4153 pro
772 4068 916 4138 remedio
933 4068 1117 4136 animosus
1132 4070 1377 4156 perhempnitsr
1387 4091 1457 4156 pos-

330 4177 495 4248 sidendas.
518 4179 655 4264 Insuper
670 4195 783 4244 seruos
815 4196 893 4244 suos
925 4176 1065 4263 Pentylr,
1096 4177 1265 4264 Jacobnm,
1297 4177 1454 4264 Blucium,

328 4306 469 4354 necnon
486 4285 704 4369 Margarstam
719 4285 872 4352 ancillam
890 4303 982 4351 suam
999 4284 1117 4352 intuitu
1132 4292 1316 4352 eternorum
1341 4305 1455 4372 perpe-

329 4403 384 4461 tua
398 4393 552 4461 libertato
567 4391 745 4473 incanduit,
778 4393 958 4460 concedens
975 4389 1098 4460 eisdem
1113 4393 1253 4460 liberam
1268 4403 1301 4462 st
1316 4393 1450 4480 irrepre-

326 4500 519 4569 bensibilem
535 4501 734 4585 facultatem,
765 4499 947 4585 ubicunque
963 4502 1105 4569 locorum
1121 4501 1283 4570 noluerint
1314 4523 1450 4570 commo

325 4609 430 4676 randi
454 4611 490 4676 In
510 4609 600 4678 cuius
616 4611 663 4678 rei
679 4609 865 4678 memoriam
882 4611 1028 4696 predicto
1046 4611 1142 4679 Petro
1151 4609 1312 4680 instanter
1321 4617 1449 4700 petente
