3112 5154
884 1003 958 1074 lta.

356 1205 450 1272 Mdtd
462 1205 589 1291 kirdlya'
603 1203 834 1272 rdmckmaccr
857 1201 935 1270 dull
964 1225 986 1268 a
1016 1201 1153 1290 asprata·
1184 1203 1307 1289 cpytuz
1338 1205 1485 1292 oapeiaek

742 1309 989 1378 adouacautct
1013 1313 1112 1380 1276.

465 1507 534 1574 Nos
568 1503 716 1573 Matheus
746 1504 904 1589 Magister
934 1503 1191 1573 Tavarnicovum
1222 1502 1347 1571 domini
1378 1504 1486 1588 Regis,

358 1612 475 1682 Comes
490 1611 699 1680 Poeoniensis
715 1615 747 1678 et
762 1610 803 1678 de
818 1609 959 1694 Bataua,
991 1617 1103 1677 mucre
1134 1610 1341 1696 presencium
1372 1611 1483 1694 quibus

293 1713 295 1718 ’
357 1718 494 1806 expedit
509 1719 732 1806 significamus
748 1717 919 1806 universis,
950 1717 1036 1802 quod
1051 1719 1209 1802 Magister
1224 1718 1299 1784 Hah
1332 1726 1487 1802 cognatos
1548 1717 1549 1810 J

360 1831 469 1892 noster
485 1825 691 1912 karissimus,
707 1825 844 1892 nuncius
860 1824 1058 1892 venerabilis
1086 1827 1191 1910 patris
1206 1823 1332 1892 domini
1348 1823 1485 1912 Thymo·
1548 1811 1549 1816 ’

359 1930 425 1999 thei
442 1932 598 2018 Episcopi
614 1930 860 2016 Zagrabiensis,
885 1933 957 1996 vies
973 1939 1006 1998 et
1038 1930 1168 1997 nomine
1200 1929 1323 1997 domini
1355 1931 1418 2015 sui,
1449 1949 1486 1995 ae

359 2037 502 2124 Capituli
518 2037 662 2106 eiusdem
677 2037 754 2122 loci,
771 2037 969 2124 supplicavit
983 2038 1077 2104 nobis
1093 2034 1275 2104 exhssreudo
1300 2037 1488 2123 privilegia·

361 2145 409 2212 les
426 2143 554 2210 litteras
570 2143 769 2211 dominorum
785 2145 921 2228 Regum,
940 2143 1019 2210 Belo
1035 2143 1185 2210 videlicet
1200 2142 1406 2228 etStephani
1423 2142 1488 2208 feli·
1548 2191 1549 2200 2

360 2251 447 2318 oium
478 2249 753 2339 recordaciouum,
773 2259 805 2320 et
821 2251 1029 2338 privilegium
1047 2251 1169 2319 domini
1199 2251 1305 2318 nostri
1330 2249 1491 2328 Ladizlai,
1548 2255 1549 2298 i

362 2356 465 2424 incliti
480 2358 581 2442 Regis
596 2357 750 2445 Vngarie,
776 2378 872 2444 super
889 2356 975 2426 facto
991 2359 1126 2426 collecte
1142 2366 1264 2445 septem
1282 2356 1492 2426 denariorum
1548 2363 1549 2374 ¹

364 2463 532 2530 banalium
550 2484 590 2531 ex
605 2472 699 2549 purte
715 2466 904 2550 populorum
921 2464 1026 2548 ipsius
1044 2463 1166 2530 domini
1191 2463 1347 2550 Episcopi
1377 2471 1414 2532 et
1445 2463 1495 2530 sui

364 2570 508 2656 Capituli
523 2569 798 2659 proveniencium,
830 2570 915 2654 qvod
931 2569 1064 2638 formam
1081 2591 1141 2638 seu
1170 2577 1313 2637 tenorem
1346 2572 1494 2656 ipsorum
1548 2573 1549 2658 J

367 2675 609 2762 privilegiorum
624 2677 857 2760 inspiceremus
874 2683 906 2744 et
921 2675 1104 2761 inspectam
1121 2677 1358 2744 continenciam
1375 2698 1495 2744 eorurr-
1548 2669 1549 2688 i

363 2784 439 2852 dem
456 2803 657 2852 servaremus
673 2789 706 2852 et
720 2783 815 2852 illese
834 2803 893 2869 per
909 2790 1076 2852 exactores
1091 2784 1195 2869 ipsios
1212 2783 1347 2851 collecte
1376 2783 1498 2852 iacere·

365 2913 437 2960 mus
454 2890 630 2959 observari.
654 2891 796 2970 Quorum
813 2893 944 2977 quidem
962 2891 1207 2978 privilegiorum
1224 2893 1384 2976 inspectis
1409 2900 1498 2959 teno-
1548 2947 1549 2962 .

365 3001 456 3066 ribus
472 3001 688 3082 comperimus
706 3005 738 3065 et
753 2997 903 3084 vidimus,
937 2999 1074 3084 populos
1104 2998 1243 3083 predicti
1273 2997 1439 3085 Episcopi
1468 3005 1500 3065 et
1548 2999 1549 3054 l

364 3106 507 3191 Capituli
524 3105 666 3172 eiusdem
684 3105 727 3170 ab
743 3108 916 3173 exaccione
932 3105 1068 3172 collecte
1084 3115 1209 3188 septem
1227 3103 1444 3173 denariorum
1461 3106 1501 3172 de
1548 3135 1549 3194 3

365 3213 566 3297 plenitudine
583 3215 764 3296 graciarum
780 3215 907 3296 Regum
924 3233 996 3280 ease
1014 3211 1263 3280 misericorditer
1278 3215 1454 3282 absolutos
1470 3221 1502 3281 et
1548 3229 1549 3304 j

367 3323 495 3407 penitus
511 3321 691 3406 expeditos.
714 3321 782 3388 Nos
797 3321 919 3407 itaque,
952 3321 1006 3405 qui
1022 3320 1171 3388 instituta
1188 3329 1220 3387 et
1252 3320 1505 3390 ordinacionem

367 3428 501 3512 Regiam
516 3427 653 3494 fideliter
668 3428 842 3495 observare
858 3427 1018 3516 cupimus,
1048 3429 1091 3496 ab
1123 3429 1298 3496 exaccione
1328 3429 1508 3516 sepedicta
1548 3417 1549 3420 ¹

366 3535 503 3602 collecte
518 3541 641 3620 septem
668 3533 871 3604 denariorum
904 3535 1037 3602 omuino
1069 3534 1270 3603 cessavimus
1301 3541 1335 3600 et
1366 3541 1509 3622 penitus

369 3641 520 3710 duximus
536 3641 767 3729 desistendum,
793 3651 889 3728 prout
906 3643 1065 3730 premissa
1075 3643 1285 3726 'singulorum
1301 3649 1334 3708 et
1367 3644 1513 3731 singula
1548 3645 1549 3734 j

367 3750 598 3838 premissorum
614 3751 648 3817 ln
665 3749 847 3837 privilegiis
865 3753 1030 3838 regalibus
1062 3751 1247 3841 expressius
1278 3751 1512 3821 continentur.

368 3860 487 3924 Datum
503 3857 595 3926 Bude
611 3859 644 3926 in
660 3860 742 3927 festo
759 3858 880 3928 Mathia
895 3860 1056 3949 Apostoli,
1071 3881 1157 3928 anno
1173 3859 1305 3926 Domini
1315 3861 1512 3930 necem
1548 3845 1549 3920 Ῠ

367 3973 470 4034 sexto.
1548 3963 1549 3982 ¹

486 4161 648 4227 (Tkalcaics,
667 4164 791 4216 Menum.
811 4165 879 4216 hist.
898 4165 990 4230 Epire.
1010 4165 1126 4231 Zagreb.
1148 4165 1170 4216 Ι.
1192 4165 1250 4216 ket.
1273 4169 1334 4216 181.
1356 4166 1394 4231 1.)
