3148 5164
917 307 982 369 556

380 501 467 588 qnod
498 501 603 568 dictus
634 501 752 564 Petrus
784 499 932 565 Castrum
950 518 1044 564 suum
1061 497 1174 581 lgr-og
1191 497 1391 564 vocaturum
1408 534 1453 544 -
1468 531 1509 541 —-

385 643 669 662 -----
700 613 733 670 et
765 605 935 672 uniuersas
967 603 1188 689 possessiones
1222 624 1299 672 suas
1331 601 1375 670 ad
1406 605 1506 688 ipsum

385 719 532 785 Castrum
565 714 767 800 pertinentes
798 747 1202 761 -------
1218 712 1385 796 PoIlusan,
1410 711 1507 794 Buau,

384 822 524 906 Nenche,
542 822 662 905 Vgrog,
678 819 846 900 Bancuch‚
862 818 999 904 Sythna,
1025 817 1134 901 Redis,
1166 817 1277 884 sillum
1309 819 1369 885 sub
1402 818 1510 884 Castro

385 929 607 996 Machurnuch
638 931 671 992 et
685 925 796 992 Sonho
827 931 1042 1012 nuncupatae,
1060 946 1132 991 cnm
1152 927 1303 991 omnibns
1322 924 1512 991 utilitatibus

387 1034 572 1118 earundem,
589 1053 653 1099 non
669 1032 808 1099 alieuius
825 1052 925 1098 eausa
950 1032 1156 1098 necessitatis
1188 1042 1321 1098 coactus
1354 1053 1410 1116 per
1443 1051 1513 1095 eun-

386 1143 461 1210 dem
491 1141 686 1224 Magistrum
726 1138 889 1205 Matheum
924 1136 1013 1204 dedit
1045 1146 1077 1204 et
1108 1173 1511 1190 -------

386 1250 529 1318 sentibus
546 1245 777 1314 commetaneis
793 1251 826 1310 et
843 1242 966 1326 vicinis,
993 1245 1117 1311 scilicet
1148 1245 1272 1311 Comite
1306 1245 1444 1311 Martino
1476 1245 1511 1308 de

387 1357 528 1422 Sabacre
561 1393 600 1402 -
620 1389 661 1398 -
678 1352 805 1418 Thomu
836 1350 902 1416 filio
922 1351 1056 1418 Comitis
1072 1351 1253 1434 Mychaelis
1271 1351 1444 1418 decadem
1460 1373 1514 1434 pro

387 1473 481 1550 patre
499 1481 557 1528 suo
574 1467 606 1526 et
620 1459 775 1526 fratribus
792 1458 859 1525 suis
876 1465 1085 1543 conparentc,
1102 1479 1140 1524 ac
1157 1459 1315 1543 Magistro
1331 1461 1449 1525 Barleo
1474 1457 1512 1522 de

387 1569 516 1656 Dyweh
533 1587 590 1652 pro
606 1586 642 1632 se
659 1571 690 1630 et
707 1562 859 1629 iratribus
877 1563 955 1650 suis,
972 1583 1111 1632 necnon
1138 1585 1197 1648 pro
1214 1571 1282 1630 totu
1298 1565 1512 1647 generacione

389 1699 450 1746 sna
466 1679 508 1744 de
537 1707 878 1721 ------
911 1669 1168 1754 permittentibus
1200 1679 1232 1737 et
1262 1691 1329 1738 non
1362 1670 1516 1738 contradi-

388 1783 547 1863 centibus,
579 1779 683 1846 eidem
709 1778 867 1860 Magistro
883 1777 1015 1844 Matheo
1032 1784 1063 1843 et
1077 1778 1146 1844 suis
1161 1778 1336 1844 heredibus
1353 1775 1515 1844 heredum-

389 1914 452 1979 que
468 1887 710 1958 successoribus
726 1884 796 1951 iure
812 1892 968 1970 perpetuo
996 1893 1027 1952 et
1059 1885 1319 1953 irreuocubiliter
1350 1887 1515 1970 possiden-

390 2000 461 2066 das.
478 1995 634 2080 Obligans
652 2012 687 2060 se
703 1989 866 2076 predictus
884 1995 1009 2080 Petrus,
1026 1993 1158 2077 quodsi
1174 1995 1305 2060 racione
1337 1995 1515 2078 concambij

391 2105 555 2192 probabili
571 2102 675 2168 dictus
692 2099 851 2182 Magister·
877 2101 1025 2166 Matheus
1056 2101 1109 2167 vel
1139 2120 1343 2169 successores
1375 2101 1517 2169 eiusdem

389 2252 433 2263 --
454 2249 489 2258 --
511 2249 553 2260 -
570 2247 613 2258 -
633 2247 670 2256 -—
689 2243 732 2252 -
749 2243 792 2254 —
808 2243 852 2253 -
869 2243 912 2252 --
944 2226 1002 2289 per
1034 2207 1221 2292 quempiam
1243 2211 1276 2273 in
1296 2209 1438 2274 futurum
1453 2229 1516 2274 mo-

389 2325 596 2402 lestarentur,
613 2315 743 2383 eosdem
760 2311 917 2397 expedire
934 2321 966 2378 et
981 2313 1154 2381 defendere
1175 2321 1345 2382 teneretur.
1386 2318 1413 2381 Β
1443 2337 1516 2382 ecu-

391 2445 485 2495 nerso
516 2429 623 2489 autem
654 2421 742 2487 idem
766 2420 920 2504 Magister
935 2421 1107 2488 Mathens'
1099 2444 1133 2488 m
1153 2425 1377 2490 concambium
1395 2423 1514 2510 predic·

390 2543 498 2602 tarum
514 2531 756 2617 possessionum
774 2535 910 2608 quatuor
937 2528 1041 2612 villas,
1074 2528 1197 2596 scilicet
1228 2529 1398 2612 Tolmach,
1429 2531 1515 2616 Burs,

391 2659 455 2726 que
485 2635 644 2724 qnondam
676 2633 824 2718 Aladarij
857 2641 889 2700 et
905 2635 1042 2702 Romani
1069 2637 1277 2720 iobagionum
1296 2675 1341 2685 -
1357 2675 1400 2686 —-
1419 2677 1455 2684 -
1475 2675 1516 2686 «-

455 2745 573 2811 -suit
574 2743 701 2831 ,Muhy
717 2746 748 2807 et
764 2740 848 2807 Puth
865 2743 1049 2809 nominatus
1070 2741 1161 2808 dedit
1191 2746 1289 2810 Petro
1322 2753 1516 2828 memorato3

391 2865 424 2926 et
454 2855 585 2938 insuper
616 2848 855 2933 quinquaginta
880 2867 1006 2915 marcas
1023 2849 1066 2914 ab
1084 2849 1198 2916 eodem
1215 2851 1375 2933 Magistro
1391 2852 1516 2920 Matheo

391 2963 474 3030 dixit
488 2981 524 3028 se
539 2957 687 3046 plenarie
701 2953 873 3038 recepisse.
891 2956 1125 3040 Assumpmens
1145 2977 1181 3024 sc
1197 2956 1373 3040 obligando
1396 2959 1516 3042 Magis-

390 3079 442 3138 ter
457 3065 606 3134 Matheus
622 3060 815 3141 antedictus,
847 3060 932 3143 quod
957 3063 991 3126 in
1007 3061 1131 3129 eisdem
1163 3065 1423 3148 possessionibus
1456 3067 1521 3132 dic·

392 3184 460 3244 tum
477 3173 606 3238 Petrum
622 3203 1085 3217 --------
1102 3169 1236 3236 sundere
1255 3191 1321 3238 non
1354 3175 1459 3257 possit
1490 3178 1521 3239 iu

391 3283 473 3370 ipsis
504 3275 773 3365 possessionibus,
806 3275 840 3339 in
856 3273 934 3358 alijs
948 3275 1209 3360 possessionibus
1235 3277 1302 3344 suis
1321 3281 1524 3365 equipollen·

391 3397 441 3458 tes
459 3386 565 3455 eidem
582 3383 676 3448 Petro
693 3379 772 3448 dare
788 3381 958 3465 tenebitur,
977 3388 1010 3448 vt
1026 3387 1211 3469 assumpsit.
1227 3387 1381 3452 Preteree
1411 3407 1522 3454 omnes

390 3500 526 3576 litteras,
569 3490 678 3558 omniu
718 3489 943 3572 instrumenta,
976 3491 1004 3555 si
1037 3511 1099 3576 que
1131 3491 1183 3558 vel
1213 3509 1279 3573 qna
1310 3513 1409 3578 super
1442 3495 1522 3579 ipsis

392 3599 652 3692 possessionibus
668 3603 702 3663 et
717 3597 833 3663 Castro
850 3616 908 3680 per
923 3597 1062 3664 cundem
1095 3599 1224 3665 Petrum
1255 3599 1403 3667 studiose
1425 3642 1464 3652 -
1484 3637 1523 3648 -

391 3739 852 3760 --------
870 3703 966 3786 liquit
998 3712 1030 3769 et
1060 3705 1194 3788 sopitus.
1226 3705 1264 3770 In
1282 3707 1374 3773 cuius
1390 3707 1442 3773 rei
1459 3727 1522 3773 cer·

391 3817 574 3900 titudinem,
591 3818 622 3874 et
639 3808 683 3874 ad
704 3809 836 3875 maioris
867 3809 1058 3876 stabilitatis
1089 3812 1323 3878 incrementum
1354 3823 1524 3898 presentes

392 3926 518 3993 litteras
535 3916 752 3986 concessimus
769 3915 870 3998 sigilli
886 3920 989 3983 nostri
1008 3919 1185 3986 munimine
1204 3921 1387 3986 roboratas.
1403 3922 1524 3988 Datum

393 4050 479 4100 anno
496 4026 626 4094 Domini
642 4021 764 4087 ΜιΟΟο
779 4023 989 4108 nonagesimo
1016 4013 1140 4109 quurto.
1157 4025 1305 4092 Ecclesia
1322 4033 1437 4094 nostre
1454 4029 1527 4096 Lec-

393 4149 715 4208 ὲΜ---ῆ

393 4336 447 4399 (hu
466 4329 632 4396 esntcrgemi
650 4326 844 4391 laptulannak
864 4328 1097 4382 1295-kidtirata
1127 4331 1206 4394 utdn,
1238 4333 1315 4383 mint
1346 4333 1437 4384 arsbb
1471 4337 1529 4381 ,ὴὲ-2.

582 4434 618 4470 sz.
639 4433 682 4482 a.;
714 4413 824 4468 amelt.
845 4417 912 4481 grbf
929 4417 988 4485 Zuy
1008 4420 1102 4472 esaldd
1120 4419 1336 4486 revertureban.)

793 4644 1058 4656 .-.-·--—.....--—-·
