3068 5150
80 541 176 587 remus
192 523 340 605 requisiti
356 548 364 589 ε
381 524 449 589 Nos
466 523 663 607 proscriptas
681 523 822 589 decimus
855 531 921 588 tam
954 524 1092 607 frugum,
1124 525 1201 605 vini,

79 649 164 710 orrum
189 631 450 713 marturinarum,
484 631 673 697 tributorum
703 629 854 714 sororum,
887 640 1034 715 portuum
1068 651 1107 696 ac
1128 632 1198 696 alio

80 735 365 822 irunEpiscopalia
390 737 608 823 predictarum
641 739 815 804 liberarum
849 738 1002 804 villarum
1034 747 1066 805 et
1096 739 1200 804 tocins

81 843 248 910 (limitatus
278 845 488 928 deVereuce‚
520 849 604 912 scita
637 855 668 912 et
699 854 870 932 comperta
901 847 1031 932 plenius
1052 847 1200 932 veritate,

81 952 160 1034 ipsus
171 954 215 1020 ad
225 953 420 1039 Episcopum
438 955 693 1037 Zagrabiensem
707 955 819 1022 eteius
832 955 1011 1022 Ecclesiam
1030 955 1199 1039 portinere,

80 1059 113 1123 de
127 1061 223 1143 pleno
240 1062 375 1128 consilio
393 1071 575 1130 nostrorum
592 1063 754 1128 Beronum
776 1063 902 1148 prelato
919 1064 1095 1129 venerabili
1112 1065 1198 1147 patri

80 1165 252 1252 Thymoteo
269 1171 432 1256 Episcopo
448 1170 663 1254 Zagrabiensi
681 1177 712 1236 et
745 1171 814 1236 eins
846 1169 991 1237 Ecclesie
1024 1171 1067 1237 ad
1098 1170 1200 1255 ipsius

81 1275 190 1342 iustam
208 1277 401 1362 peticionem
418 1277 636 1344 restituendas
655 1278 815 1362 duximus,
831 1278 929 1363 pleno
947 1279 1017 1346 iure
1034 1285 1200 1364 perpetuo,

80 1381 203 1465 pacifice
219 1392 251 1450 ct
268 1385 344 1450 sinc'
369 1385 628 1452 contradiccione
660 1385 770 1468 aliqua
789 1405 847 1472 per
878 1386 998 1452 dictum
1032 1386 1198 1452 dominum

80 1489 285 1575 Thymoteum
327 1494 522 1578 Episcopum
555 1499 586 1559 et
617 1495 687 1558 eius
730 1512 934 1560 successores
978 1492 1200 1579 possidendos,

80 1596 299 1684 percipiendos
316 1608 349 1666 et
364 1601 543 1666 habendus.
561 1601 689 1666 Etcum
707 1601 844 1668 velimus
862 1607 948 1669 etex
966 1599 1073 1668 debito
1100 1601 1202 1686 Regic

81 1705 283 1773 Celsitudinis
315 1713 483 1775 teneamur
508 1715 641 1776 cunctos
656 1709 805 1794 populos,
824 1730 903 1793 quos
920 1719 1029 1776 nostre
1046 1710 1197 1776 clemccic

80 1816 154 1896 regit
171 1815 352 1900 imperium,
370 1825 403 1880 ct
420 1815 560 1880 maxime
576 1817 740 1881 Ecclesiae
766 1813 826 1881 Dei
843 1836 883 1881 ac
915 1837 1068 1902 personas
1101 1820 1202 1884 ecclc-

80 1919 224 1990 siusticas
257 1923 386 1989 illibate
418 1925 450 1988 in
467 1944 525 1989 suo
542 1921 653 1989 debito
679 1931 766 1990 statu
782 1943 821 1990 ac
837 1925 903 1990 suis
920 1921 1043 1991 iuribus
1075 1945 1202 1992 conser-

82 2048 168 2110 rare3
192 2031 341 2097 volumus
359 2040 389 2098 et
406 2031 608 2097 decernendo
634 2031 834 2116 mandamns,
866 2037 1025 2115 qrratenus
1056 2033 1203 2117 predicto

83 2139 256 2206 reverendo
289 2137 424 2203 domine
457 2145 560 2203 maier
591 2147 710 2222 nostra,
732 2159 791 2205 nec
823 2139 936 2220 quevis
967 2139 1035 2204 alia
1066 2159 1205 2224 porsona

81 2244 178 2312 eidem
195 2268 237 2312 ex
255 2248 356 2330 Regis
373 2246 557 2313 Maiestatis
590 2247 701 2329 gracia
733 2246 909 2313 succedens
940 2267 1095 2330 processu
1127 2254 1205 2312 tem-

80 2371 186 2434 pomm
218 2355 259 2420 de
291 2355 426 2422 decimis
457 2359 489 2423 et
505 2355 628 2421 iuribus
655 2355 849 2440 supradictis
869 2357 1201 2422 contraroluntatcm

81 2461 211 2543 predicti
228 2462 381 2547 Episcopi
398 2462 626 2544 Zugrabiensis
644 2461 759 2528 eteius
777 2482 998 2529 successorum
1027 2464 1061 2528 in
1087 2484 1202 2547 gravu-

81 2589 149 2635 meu
160 2570 416 2654 ctprciudicinm
433 2570 578 2637 Ecclesie
594 2569 824 2654 Zagrabiensis
841 2570 972 2635 ulterius
990 2571 1204 2636 intromittere

81 2695 113 2741 se
128 2684 305 2760 presumat.
324 2675 419 2754 Quod
430 2676 458 2743 si
468 2675 629 2761 quispiam
646 2683 758 2742 contra
773 2675 834 2741 hoc
850 2685 995 2743 nostrum
1013 2678 1200 2744 mandatnm

82 2783 147 2850 sire
178 2784 343 2851 decretum
361 2805 441 2851 ausu
457 2783 626 2850 temerarie
644 2787 874 2870 presumpserit
891 2791 1095 2870 attemptare,
1112 2805 1201 2850 occu·

82 2893 184 2974 pando
201 2891 356 2958 uidelicet
371 2893 423 2959 vel
440 2883 624 2976 usurpando
642 2893 713 2958 iure
747 2896 779 2958 et
809 2891 953 2959 decimas
985 2893 1202 2978 supradictas,

83 2999 342 3084 indignacionem
369 3020 424 3066 seu
452 3001 588 3083 Regiam
619 3002 779 3067 ulcionem
796 3021 832 3067 se
847 3003 973 3067 noverit
992 3001 1205 3068 incursurum.

83 3107 118 3171 ln
134 3111 224 3178 cuins
242 3109 291 3174 rei
308 3107 492 3177 memoriam
511 3117 542 3176 et
559 3117 746 3194 perpetuam
761 3111 945 3175 tir-mitatem
979 3117 1078 3192 atque
1109 3111 1206 3175 robur

83 3226 246 3300 presentes
289 3216 331 3282 ad
362 3217 555 3284 instanciam
594 3225 625 3283 et
665 3217 781 3284 iustam
822 3217 1016 3301 peticionem
1058 3217 1206 3302 superius

83 3327 249 3392 memorati
278 3327 404 3392 domini
435 3325 607 3410 Thymotei
647 3325 782 3411 Epicopi
823 3323 1040 3392 concessimus
1080 3325 1206 3390 litteras

82 3432 219 3518 duplicis
251 3434 357 3516 sigilli
374 3433 474 3499 nostri
491 3433 690 3518 appensione
707 3441 739 3498 et
755 3433 931 3498 munimine
948 3431 1124 3498 roboratas.
1142 3432 1205 3496 Da-

83 3550 148 3606 tum
165 3562 222 3627 per
240 3563 355 3608 monus
371 3541 568 3608 venerabilis
585 3543 687 3624 patris
703 3540 837 3624 Thomu
850 3540 910 3605 Dei
922 3539 1037 3623 gracia
1052 3539 1206 3624 Episcepi

82 3649 272 3735 Wacieusis,
300 3652 374 3716 aule
389 3657 497 3716 nostre
514 3647 708 3716 Concollarii
737 3655 768 3714 et
785 3649 917 3714 Comitis
935 3647 976 3714 de
993 3647 1079 3733 Plys,
1097 3646 1207 3712 dilecti

82 3762 113 3821 ct
128 3758 232 3824 tidelis
248 3759 358 3840 nostri,
375 3777 460 3824 anno
477 3757 606 3824 Domini
624 3757 717 3823 llGC.
735 3757 957 3838 octuagesimo
981 3761 1106 3838 quarto,
1138 3753 1207 3818 Vll.

83 3865 154 3932 idus
169 3865 259 3931 Junii
275 3867 381 3949 Regni
396 3872 502 3932 antem
519 3867 620 3934 nostri
638 3886 724 3933 anuo
740 3865 938 3932 duodecimo.

154 4065 302 4128 (Etruscis,
321 4065 446 4114 Menum.
465 4064 564 4115 histor.
584 4065 675 4128 Episc.
696 4064 814 4128 Zagrou.
843 4065 865 4113 Ι.
895 4065 953 4112 kot.
984 4066 1043 4112 213.
1065 4062 1131 4124 lap.)
