3148 5146
812 283 960 379 Q

316 493 389 576 ipse
420 483 576 570 Magister
607 478 785 560 (ieramus,
816 495 913 560 quam
930 475 1001 542 eius
1018 473 1153 560 posteri,
1174 479 1293 540 terram
1309 475 1444 544 eandem

318 597 352 663 in
385 593 482 660 metis
510 588 670 675 prioribus
702 592 734 652 et
764 581 904 669 antiquis
937 581 1147 650 terminorum
1178 579 1448 653 distinocionibus

319 704 389 772 sine
420 697 661 782 inquietatione
691 691 908 780 quorumlibet
938 695 1096 774 perpetuo
1128 689 1298 776 possidere
1316 693 1448 762 valeant

321 819 353 879 et
369 809 503 877 habere.
523 795 567 874 Ut
599 803 701 889 igitur
731 801 829 867 huius
858 804 968 866 nostre
999 796 1188 866 colluvionis
1218 800 1320 866 series
1352 804 1448 871 robur

319 917 466 987 obtineat
496 918 653 999 perpetue
685 909 859 992 imitatio,
889 925 948 973 ueo
973 925 1128 991 processu
1144 913 1324 992 temporum
1339 909 1448 978 valeat

323 1045 383 1111 per
400 1021 587 1107 quempiam
602 1016 786 1102 retractari,
806 1015 912 1082 autin
929 1013 1056 1080 irritum
1087 1012 1333 1098 quomodolibet
1364 1036 1453 1084 revo-

324 1131 405 1219 cari,
436 1133 605 1216 presentes
633 1124 741 1193 eidem
757 1121 914 1207 Magistro
931 1117 1077 1188 Gerardo
1092 1119 1312 1188 concessimus
1328 1121 1454 1192 litteras

323 1236 467 1324 duplicis
482 1234 585 1321 sigilli
602 1231 705 1301 nostri
721 1228 898 1298 munimine
914 1229 1094 1295 roboratas.
1116 1229 1239 1295 Datum
1256 1248 1314 1314 per
1340 1250 1454 1300 manus

322 1343 472 1429 Magistri
512 1340 692 1424 Benedicti,
734 1339 855 1406 Sancte
895 1334 1127 1419 Strigouieusis
1167 1335 1312 1403 Ecclesia
1343 1338 1457 1425 Electi,

323 1451 531 1534 eiusdemque
548 1448 610 1514 loci
626 1444 763 1514 Comitis
781 1444 948 1532 Perpetui,
963 1441 1127 1528 Prepesiti
1152 1441 1313 1512 Budeusis
1331 1453 1365 1512 et
1381 1446 1457 1515 aule

325 1560 416 1644 regie
445 1553 724 1638 vicecancellarii,
755 1552 868 1620 dilecti
885 1559 917 1618 et
936 1549 1040 1618 fidelis
1072 1551 1184 1636 nostri,
1216 1570 1301 1618 auno
1326 1551 1468 1620 Dominir

324 1663 507 1733 etecnxx
522 1661 654 1749 quiudo,
671 1661 730 1728 IX.
752 1659 915 1726 kalendas
930 1659 1054 1745 Aprilis
1078 1657 1183 1743 Regni
1214 1665 1325 1726 autem
1355 1661 1460 1728 nostri

326 1795 413 1842 anuo
445 1773 558 1840 tercio.
591 1769 838 1838 venerabilibus
868 1768 1016 1855 patribus
1045 1765 1213 1852 Stephano
1238 1766 1410 1835 Oolocensi
1427 1775 1461 1836 et

326 1881 477 1950 Johanne
492 1877 681 1964 Spalatensi
698 1875 971 1962 archiepiscopis,
1003 1873 1153 1960 Philippo
1184 1875 1353 1942 Waeiensi
1384 1877 1462 1944 aule

329 1986 460 2054 domine
491 1985 617 2070 Regina
648 1983 806 2052 consortie
837 1989 948 2050 nostre
966 1981 1142 2049 karissime
1158 1978 1380 2070 Cancellario,
1395 1983 1464 2051 Job

330 2090 685 2178 Quinqueecolesieusi,
703 2090 951 2178 Wesprimieusi
967 2088 1051 2157 Sede
1084 2095 1233 2176 vacante,
1265 2090 1463 2160 Thimotheo

329 2199 555 2286 Zagrabiensi,
588 2197 735 2266 Dionisio
767 2198 934 2267 lauriensi
952 2204 984 2262 et
1000 2195 1099 2264 Petro
1115 2195 1353 2264 Trausslluano
1369 2199 1465 2284 Epis-

330 2309 431 2396 copis,
449 2307 612 2374 lloolesias
627 2307 690 2375 Dei
705 2306 845 2376 feliciter
861 2305 1127 2392 gubernantibus.
1144 2304 1294 2373 Rolando
1308 2303 1465 2372 Palatino

329 2415 446 2485 Judice
477 2413 700 2500 Gomauorum,
730 2413 853 2498 Vgriuo
885 2414 978 2481 Bauo
1009 2411 1051 2481 de
1067 2411 1218 2496 Zeurino,
1250 2411 1379 2480 Thema
1394 2411 1468 2482 tilio

332 2521 468 2608 Chelley
494 2519 610 2590 Judice
627 2523 725 2589 Ourie
743 2527 852 2588 nostre
870 2519 994 2588 Oomite
1025 2521 1227 2605 Posouiensi,
1259 2519 1377 2605 Egidio
1393 2522 1466 2592 lIa-

331 2632 434 2716 gistro
464 2629 741 2714 Tamaruicorum,
758 2630 892 2696 Nieolao
912 2629 1067 2715 Magistro
1083 2628 1313 2714 Dapilerorum
1334 2627 1466 2698 comite

331 2738 547 2825 Musuniensi,
573 2737 729 2822 Ohepano
745 2737 904 2821 Magistro
919 2735 1160 2820 Pincernarum,
1179 2735 1275 2802 Petro
1301 2736 1470 2820 Magistro

331 2845 522 2930 agasonum
550 2851 743 2928 nostrorum,
769 2845 865 2930 Moys
882 2843 1039 2928 Magistro
1054 2843 1315 2910 Taremicorum
1332 2844 1468 2912 domine

330 2953 457 3037 Regina
473 2950 635 3020 consortis
651 2955 760 3019 nostre
775 2951 960 3039 karissime,
979 2949 1149 3017 Herrendo
1168 2950 1328 3034 Magistro
1358 2953 1470 3037 Depi-

245 3081 250 3091 ·
329 3059 470 3128 ferorum
502 3057 649 3127 eiusdem
681 3057 810 3126 domine
840 3057 965 3143 Regina
996 3057 1120 3125 comite
1136 3057 1337 3144 Zaladiensi,
1353 3060 1467 3126 Maleo

331 3164 513 3251 Woywoda
528 3164 749 3232 Transiluano
765 3166 888 3233 Comite
903 3165 945 3235 de
977 3164 1100 3251 Zonuk,
1134 3166 1229 3232 Petro
1262 3165 1387 3233 Gemite
1403 3168 1467 3234 Su-

330 3273 499 3360 pruniensi
531 3271 789 3358 etfisymigiensi,
816 3273 973 3358 Magistro
991 3273 1158 3358 Stephano
1175 3272 1298 3343 &mite
1315 3273 1468 3360 Wespri·

331 3380 460 3466 miensi,
477 3387 508 3446 ct
523 3381 601 3447 aliis
618 3399 716 3466 quam
733 3379 880 3464 pluribus
897 3379 1079 3448 Comitatus
1099 3380 1202 3466 Regni
1221 3379 1326 3449 nostri
1350 3388 1469 3448 tenen-

254 3529 256 3532 ·
330 3485 420 3550 tibus
437 3492 469 3552 et
484 3485 633 3554 honores.
848 3475 854 3486 ’

386 3677 546 3750 (Tkalcsice,
566 3685 692 3736 Monam.
710 3685 847 3737 historica
865 3686 957 3750 Episc.
976 3685 1170 3752 Zagrabiensis
1190 3685 1213 3736 I.
1233 3685 1293 3736 luitt.
1317 3687 1374 3735 174.
1393 3681 1426 3745 1.)
