3112 5154
832 233 992 338 goo-

349 455 411 522 que
436 437 662 522 quoadunatus
688 433 795 517 vergit
810 434 924 502 iterum
945 434 988 502 ad
1005 431 1173 500 meridiem
1190 434 1223 500 in
1253 433 1476 502 oummetanoi-

348 551 414 612 tute
444 546 659 631 predictorum
691 542 828 612 tiliorum
861 542 1075 632 lssadoubuet
1107 550 1139 610 et
1155 543 1220 610 exit
1235 542 1276 609 de
1290 543 1363 629 ipso
1378 542 1475 610 fluvio

349 653 391 720 ad
406 673 503 720 unam
520 661 655 724 stratam
673 651 714 718 ad
733 651 816 718 duas
832 653 964 720 arbores
989 651 1094 735 noeis,
1111 657 1143 719 et
1159 649 1251 718 vadit
1280 671 1338 738 per
1368 652 1473 738 ipsam

346 767 482 828 sbatam
516 761 549 828 in
565 769 652 829 terra
674 759 793 826 arabili
811 779 911 844 penes
927 761 1060 827 arbores
1077 759 1247 842 fruetuum,
1262 765 1296 826 et
1310 757 1473 826 veniendo

345 867 379 933 in
396 868 508 935 eadem
526 889 637 936 versus
653 868 762 934 villam
786 864 894 934 (laena
926 866 1098 934 revertitur
1129 864 1303 934 iterumad
1334 868 1472 953 primam

344 983 472 1063 metam,
497 983 530 1043 et
545 975 592 1043 ibi
608 977 809 1044 terminatur.
827 973 867 1040 Et
883 979 919 1040 nt
935 993 1068 1059 presens
1098 980 1211 1042 nostra
1227 972 1363 1041 donacio
1379 973 1471 1038 firma

345 1101 417 1152 esso
431 1085 537 1172 possit
553 1091 585 1151 et
600 1085 718 1169 valeat,
734 1083 768 1148 in
784 1080 967 1150 huiusmodi
987 1081 1033 1148 rei
1050 1081 1274 1152 certitudinem
1290 1088 1324 1149 et
1339 1079 1471 1147 maioris

344 1193 441 1258 robur
470 1191 630 1260 firmitatis
662 1198 830 1278 presentes
863 1191 1056 1257 contulimus
1087 1190 1228 1275 duplieis
1252 1189 1353 1274 sigilli
1368 1190 1470 1257 nostri

344 1299 523 1366 munimine
538 1301 718 1368 roboratas.
734 1297 854 1365 Datum
872 1318 930 1382 per
949 1317 1063 1364 manus
1094 1296 1290 1364 venerabilis
1321 1297 1384 1364 viri
1404 1299 1470 1364 lla·

342 1407 437 1492 gistri
466 1407 632 1490 Demetrii,
662 1405 816 1474 Albensis
848 1405 994 1472 Euelesie
1020 1404 1190 1492 l’repositi‚
1222 1404 1344 1472 domini
1379 1407 1470 1491 Pape

342 1515 525 1602 Capeliani,
542 1515 617 1582 aule
632 1521 741 1582 nostre
758 1511 1043 1603 Vionaneellarii‚
1064 1512 1173 1580 dilecti
1190 1519 1222 1580 et
1236 1511 1338 1580 tidelis
1354 1513 1466 1597 nasim

341 1644 428 1690 anno
444 1623 486 1688 ab
502 1622 734 1689 Inoarnaeione
759 1621 892 1688 Domini
909 1622 1078 1689 millesimo
1095 1623 1318 1689 ducentesimo
1335 1629 1469 1708 septua-

342 1733 467 1818 gesimo
483 1733 631 1819 septimo,
649 1737 764 1799 octavo
780 1730 854 1797 idus
869 1729 992 1819 Marcii,
1011 1731 1114 1815 Regni
1134 1737 1242 1797 antem
1263 1730 1348 1798 notri
1380 1751 1466 1797 anno

342 1842 464 1925 quinto.

413 2037 575 2103 (Ualesios,
593 2039 717 2090 Monam.
735 2038 800 2090 hiat.
820 2038 912 2104 Epioe.
931 2039 1126 2104 Zagrebiensis
1148 2039 1169 2088 L
1191 2039 1250 2089 not.
1272 2041 1331 2089 18³.
1352 2039 1383 2102 1.)

868 2932 941 3001 lot.

343 3133 363 3196 1
371 3131 404 3197 V.
423 3131 537 3196 Ldrzlo
552 3132 659 3218 tirolp
680 3129 830 3198 Terrena
841 3129 1177 3218 helysepetfelmentio
1189 3129 1468 3218 zdprdbifbispctu

652 3241 942 3325 torotayhotooopo
959 3240 1036 3305 αῑόὶ.
1062 3239 1158 3307 1277.

444 3434 620 3502 Ladinlaus
651 3434 711 3500 Dei
729 3435 842 3520 grauia
872 3433 1024 3522 Vngarie,
1042 3434 1218 3517 Dalmaoie,
1237 3433 1382 3520 Groneia,
1402 3433 1467 3502 Ra-

337 3543 534 3630 masor-uie,
552 3541 697 3628 Galliole,
714 3543 916 3626 Lodomerie,
943 3543 1109 3628 (inmania,
1141 3543 1359 3626 Bulgorieque
1393 3543 1467 3608 Rex
1536 3603 1537 3618 ἶ

337 3647 485 3717 omnibus
518 3649 635 3716 Christi
666 3649 815 3718 fidelibus
842 3659 1009 3736 presentes
1026 3650 1153 3716 litteras
1170 3649 1363 3738 inspecturis
1378 3654 1470 3718 salu·
1535 3697 1536 3723 ι

337 3763 402 3824 tem
420 3759 452 3824 in
469 3757 585 3824 salutis
599 3755 746 3841 lagitore.
761 3759 873 3825 Inesse
889 3757 985 3826 debet
1001 3757 1144 3843 Regibus
1175 3759 1259 3825 iuste
1290 3757 1470 3825 mmulens
1534 3785 1535 3829 ι

335 3863 517 3958 liberalitas
549 3871 582 3929 et
597 3863 651 3951 pie
670 3863 812 3932 suadens
837 3865 1035 3951 benignitas,
1052 3873 1088 3932 ut
1102 3865 1238 3947 siugulis
1255 3871 1287 3931 et
1303 3863 1470 3932 universis
1533 3869 1534 3872 ’

335 3969 388 4054 qui
404 3971 446 4038 de
462 3979 574 4038 extera
590 3973 724 4038 nacione
741 3973 951 4040 advenientes
975 3993 1037 4056 que
1052 3992 1113 4041 sua
1143 3979 1220 4038 sunt
1251 3971 1468 4058 reliquerunt,
1531 3969 1533 4062 4

336 4077 438 4160 Regio
455 4097 513 4162 pro
530 4077 640 4145 lavore
657 4079 689 4144 in
705 4077 772 4145 suis
787 4087 934 4148 creseunt
950 4080 1112 4148 benefieiis
1130 4079 1212 4147 alios
1228 4077 1270 4145 ad
1280 4077 1472 4146 consimilia
1529 4065 1532 4143 4

337 4183 516 4272 invitando.
532 4185 618 4252 Hine
634 4191 693 4272 est,
710 4185 796 4270 quod
813 4205 884 4254 uum
902 4188 1056 4272 Magister
1073 4187 1252 4270 Gerendus,
1276 4185 1420 4253 dilectus
1439 4193 1472 4252 et

336 4289 439 4358 fidelis
471 4291 593 4377 tysious
624 4302 742 4380 noster,
759 4293 926 4362 universas
947 4294 1167 4382 possessiones
1188 4315 1266 4362 suas
1282 4301 1314 4360 et
1327 4313 1391 4362 sua
1409 4315 1473 4381 pa·

335 4397 489 4464 trimoniu
520 4398 562 4465 ad
593 4401 747 4484 Regalem
780 4405 920 4470 conlisus
951 4403 1196 4487 providenciam
1225 4421 1284 4488 pro
1314 4399 1462 4471 dominis

334 4503 414 4570 Bela
445 4525 506 4572 avo
522 4513 631 4574 nostro
647 4516 677 4574 et
693 4509 859 4595 Stephano
885 4519 979 4596 patre
995 4519 1104 4580 nostro
1121 4511 1313 4600 karissimis,
1331 4509 1471 4577 illustri-
