3148 5146
808 240 967 338 Ar.

319 455 406 522 nem,
438 432 526 518 quod
557 429 712 516 quioquid
743 429 859 500 Comes
889 431 1092 521 Dominicus,
1125 434 1208 502 cinis
1241 433 1283 503 dc
1305 443 1463 505 contrata

241 623 251 632 ,
323 539 442 609 Latina
471 537 607 624 Regalis
638 537 789 606 Ciuitatis
816 535 1045 628 Stigoniensis,
1077 539 1193 608 Comes
1224 541 1397 612 Lorandns
1414 546 1459 613 de

322 645 438 734 Gywa,
468 643 626 730 Magister
655 644 806 730 liychael
846 644 1034 714 vicecomes
1076 645 1262 736 Nitriensis,
1294 651 1453 735 Magister

320 752 507 840 Stephanus
521 749 610 819 filius
628 751 757 833 Terens,
789 749 904 818 Comes
920 750 1063 820 Jacohus
1081 751 1122 820 de
1155 756 1259 824 Tener
1275 763 1308 822 et
1339 757 1459 825 Comes

319 859 516 930 Benedictus
546 855 667 924 nobilis
700 854 741 922 de
772 855 867 944 Nyir,
898 877 958 944 pro
974 858 1121 948 arbitrys
1136 881 1194 946 per
1218 880 1279 928 uos
1294 864 1403 946 rogati
1421 873 1454 932 ct

321 965 466 1052 asumpti
497 981 595 1050 super
625 962 706 1048 ipsis
733 960 836 1045 metis,
852 963 957 1030 Deum
975 963 1127 1033 habendo
1142 986 1199 1052 pre
1215 967 1319 1036 oculis
1335 972 1454 1040 eteius

320 1073 497 1154 iusticiam,
528 1073 589 1140 sub
620 1067 712 1156 penis
743 1075 871 1136 centnm
906 1089 1088 1140 marcarum
1119 1081 1228 1159 preter
1266 1077 1455 1161 porcionem

318 1181 435 1249 indicis
464 1197 523 1266 per
552 1177 682 1246 eosdem
713 1175 808 1244 nobis
839 1177 1010 1261 impositis,
1038 1179 1276 1250 arbitrarentur
1291 1184 1379 1252 inter
1393 1207 1457 1255 nos

321 1295 354 1357 ct
370 1285 535 1356 dominum
564 1283 727 1370 Philipum
759 1283 1051 1374 Archiepiscopnm
1082 1295 1234 1357 etenum
1264 1287 1452 1378 Capitulum

319 1395 554 1482 Strigouienee,
586 1391 691 1460 modis
723 1392 872 1460 omuibus
905 1400 1089 1462 teneremur
1104 1402 1285 1480 acceptare.
1301 1397 1367 1478 Qui
1384 1403 1454 1484 qui-

321 1505 395 1572 dem
412 1501 528 1570 Comes
542 1499 732 1569 Dominicns
749 1505 782 1566 et
796 1499 924 1568 nobiles
950 1501 1130 1588 supradicti
1145 1503 1208 1571 hoc
1239 1506 1335 1573 modo
1367 1507 1452 1576 iuter

320 1631 380 1680 nos
397 1612 576 1678 extiterunt
605 1606 649 1676 ad
664 1607 807 1691 ipsorum
836 1607 933 1676 fidem
965 1609 1117 1678 arbitrati
1132 1609 1167 1678 in
1182 1611 1278 1679 metis
1295 1611 1452 1685 villarum

323 1715 542 1806 predictarum
558 1722 591 1782 et
609 1733 711 1782 causa
728 1719 842 1780 nostra
872 1715 1063 1800 supradicta
1080 1741 1088 1782 :
1106 1718 1194 1802 quod
1224 1719 1302 1801 quia
1332 1719 1451 1790 iustru

303 1833 428 1893 meuta
458 1831 571 1893 nostra
601 1827 633 1890 et
648 1819 823 1908 priuilegia
853 1821 895 1890 de
911 1823 1003 1890 metis
1035 1821 1192 1892 dictarum
1209 1824 1362 1894 villarum
1378 1848 1451 1898 uos·

319 1941 442 2002 trarum
473 1953 539 1999 non
570 1931 668 2016 plene
698 1928 928 2014 informabant,
959 1937 995 2000 ut
1025 1931 1143 2001 exinde
1173 1932 1259 2001 idem
1299 1933 1450 2004 domium

319 2039 594 2127 Archiepiscopus
625 2045 658 2106 et
672 2057 765 2105 scum
801 2035 988 2122 Capitulum
1018 2043 1201 2108 contentari
1245 2044 1452 2130 potuissent;

320 2147 395 2215 ideo
411 2146 474 2230 ipsi
490 2145 616 2232 arbitry
631 2145 725 2212 uobis
740 2143 897 2229 Magistro
913 2153 945 2213 et
961 2147 1132 2216 Dominico
1151 2146 1286 2216 Custodi
1304 2150 1449 2219 eiusdem

319 2253 466 2320 Ecclesia
497 2258 607 2319 nostre
638 2250 749 2320 Sancti
764 2249 923 2337 Stephani
948 2253 1058 2339 Regis,
1076 2273 1115 2322 eo
1131 2254 1220 2338 quod
1236 2261 1365 2325 actores
1381 2278 1452 2326 era·

319 2381 401 2450 mne,
418 2361 633 2428 iuramentum
664 2361 886 2446 imposuerunt
901 2361 961 2428 tali
986 2362 1094 2449 modo,
1120 2370 1158 2432 nt
1187 2362 1373 2450 ubicunque
1387 2366 1453 2434 tide

320 2475 432 2536 nostra
462 2463 633 2552 mediante,
666 2464 938 2548 quemadmodum
964 2467 1141 2539 secuudum
1158 2468 1265 2553 Regni
1281 2478 1451 2540 consuetu·

321 2576 429 2644 dinem
446 2575 480 2642 iu
495 2571 589 2642 terris
599 2574 736 2642 etmctis
752 2572 902 2656 litigiosis
921 2573 1107 2644 iuramenta
1121 2575 1192 2646 fieri
1208 2575 1328 2660 soient,
1345 2588 1454 2650 metes¹

322 2683 529 2768 erigeremus,
545 2679 631 2747 idem
646 2680 797 2748 dominus
813 2679 1088 2770 Archiepiscopns
1104 2689 1137 2751 et
1153 2703 1247 2752 suum
1263 2683 1452 2772 Capitulum

324 2791 430 2877 ipsam
462 2787 661 2856 creceiouem
693 2793 881 2856 tenerentur
922 2797 1107 2876 acceptare,
1137 2791 1223 2858 alias
1254 2791 1288 2857 in
1320 2803 1452 2864 centum

209 2889 212 2898 ’
320 2899 438 2967 marcis
468 2903 584 2964 contra
613 2915 682 2980 uos,
701 2901 734 2962 vt
750 2896 965 2980 premisimus,
996 2905 1107 2981 preter
1126 2899 1312 2982 porcionem
1327 2901 1448 2972 iudicis

318 3010 522 3075 remanerent
537 3005 608 3090 ipso
624 3006 711 3071 iacto
728 3011 803 3070 autc
817 3003 885 3071 litis
900 3005 1086 3088 ingressum
1101 3005 1194 3074 nobis
1205 3008 1449 3092 persoluendis.

320 3115 389 3181 Nos
421 3111 533 3195 itaque
562 3110 653 3176 iuxta
682 3109 822 3177 sormam
849 3111 975 3200 arbitrij
994 3111 1150 3182 dictorum
1166 3115 1401 3184 arbitratorum
1416 3119 1455 3186 in

324 3221 453 3292 octauis,
465 3218 676 3288 Ascensionis
691 3216 831 3305 Domini,
848 3220 1056 3304 presentibus
1072 3222 1169 3290 dictis
1185 3223 1344 3310 arbitrys,
1356 3225 1455 3294 Judi-
1552 3237 1553 3242 ’

320 3349 368 3416 cc,
393 3326 517 3396 Joratis
548 3325 589 3392 de
605 3331 752 3393 contrata
782 3327 903 3392 Latina
927 3327 1062 3413 Regalis
1080 3326 1232 3396 Ciuitatis
1246 3327 1455 3414 Strigouien-

320 3437 366 3504 sis
382 3433 427 3502 ad
451 3435 548 3502 tinem
580 3433 666 3500 Villo
697 3433 810 3500 Sancti
839 3433 933 3502 Pauli
964 3437 1171 3520 accessimus,
1187 3437 1230 3504 de
1246 3437 1321 3523 ripa
1350 3444 1455 3526 parui

318 3539 461 3628 Danubij
493 3539 615 3608 directe
645 3541 774 3608 exundo
807 3539 894 3629 (igy)
926 3539 969 3610 ad
999 3542 1078 3611 litns
1103 3543 1207 3627 ipsius
1223 3561 1309 3626 aque
1323 3545 1359 3612 iu
1375 3546 1455 3633 ipso

317 3649 414 3717 litore
429 3647 465 3714 in
480 3647 583 3714 latere
597 3647 702 3731 ipsius
716 3647 819 3716 litoris
835 3647 927 3716 iuxta
942 3669 1040 3717 uuam
1066 3649 1153 3718 niam
1185 3651 1367 3740 anhquam,
1385 3675 1457 3739 que

319 3777 453 3842 gregum
484 3757 542 3824 uia
557 3751 683 3841 dicitnr,
716 3755 900 3825 uenientem
927 3755 1049 3824 directe
1072 3757 1113 3826 de
1143 3755 1233 3825 Villa
1248 3757 1364 3826 Sancti
1379 3758 1460 3830 Sta·

317 3861 421 3950 phani
436 3860 479 3930 ad
493 3881 630 3948 paruum
642 3863 839 3950 Danobium,
856 3863 1019 3931 ereximus
1030 3864 1175 3933 iurantes
1189 3885 1288 3933 uuam
1305 3871 1458 3936 terream

317 3979 451 4058 metam,
481 3969 516 4035 iu
532 3968 624 4036 cuius
656 3969 764 4037 medio
794 3991 892 4041 vnum
925 3977 1067 4039 erectum
1083 3971 1228 4057 lapidem
1244 3972 1381 4040 lecimus
1400 3974 1459 4042 in-

314 4079 414 4165 poni3
438 4076 559 4144 deinde
583 4078 674 4145 iuxta
704 4078 841 4146 eandem
873 4079 961 4147 uiam
995 4079 1100 4146 enndo
1131 4078 1371 4163 aliquantulum
1409 4085 1463 4150 ad

315 4195 442 4272 partem
473 4183 559 4252 Ville
589 4185 701 4253 Sancti
733 4185 891 4270 Stephani
922 4185 1025 4254 aliam
1057 4193 1197 4256 terream
1218 4187 1394 4270 ereximus,
1416 4191 1460 4260 in

313 4295 409 4362 caius
425 4288 534 4359 medio
550 4290 699 4360 similiter
713 4311 812 4360 unum
830 4291 973 4379 lapidem
1004 4293 1141 4363 lecimus
1172 4293 1286 4380 inponi
1317 4303 1475 4378 propter

315 4401 480 4468 cautelam
517 4397 713 4486 firmiorem
752 4397 871 4468 exinde
909 4400 1001 4468 iuxta
1038 4401 1177 4472 eandem
1217 4420 1336 4487 parum
1374 4421 1470 4487 pro-

317 4506 497 4591 grediendo
528 4509 688 4576 ereximus
719 4507 851 4576 terciam
883 4514 1004 4578 metam
1015 4561 1026 4599 ,
1058 4510 1092 4578 in
1124 4510 1217 4578 caius
1247 4507 1358 4575 medio
1392 4531 1480 4596 pro-
1551 4585 1552 4590 ,
