3148 5164
122 530 268 608 tempore
288 525 322 588 in
341 520 520 590 ratitudine
547 521 675 602 habeat,
693 522 926 607 scripturarum
959 525 1152 609 testimonijs
1184 547 1262 593 con·

124 637 302 698 euenerunt
319 627 454 694 solidari
471 653 479 693 ε
496 627 631 715 proinde
647 627 689 694 ad
706 630 928 696 ruinersorum
955 637 1020 696 lam
1053 634 1255 716 presencium

119 736 419 820 quamlutu‘rcrum
437 735 591 801 noticiam
623 735 735 801 harum
767 736 853 802 serie
883 738 1032 806 volumus
1064 740 1257 822 peruenire:

123 841 210 926 quod
226 842 320 927 Ipoth
347 841 431 908 lilius
448 840 597 924 Bachlor,
629 848 660 907 et
676 841 891 909 Loustacbius
917 841 1001 908 filins
1024 841 1180 930 'Aladarij
1214 845 1257 912 de

121 950 261 1033 Lyptow
277 946 321 1013 ad
337 955 476 1014 nostram
493 950 706 1034 personaliter
721 947 914 1014 accedentes
931 949 1134 1034 presenciam
1167 951 1255 1018 exhi·

119 1059 262 1121 bueront
279 1054 370 1121 nobis
389 1054 545 1137 quasdam
562 1054 691 1119 litteras
707 1053 932 1140 priuilegialcs
958 1055 1080 1121 domini
1106 1058 1252 1124 Ladinlai

120 1163 200 1227 olim
232 1162 374 1228 Illustris
404 1161 505 1244 Regis
536 1162 714 1248 Hungarie‚
746 1181 843 1245 super
875 1162 1079 1247 possessione
1110 1163 1254 1247 ipsorum

118 1269 249 1354 Lybnlc
267 1277 384 1334 uocata
399 1268 565 1334 consectas
582 1276 614 1335 ct
630 1267 770 1354 habitas,
802 1275 952 1354 petentes
969 1289 990 1334 a
1007 1271 1101 1337 nobis
1127 1269 1257 1338 humili-

117 1385 170 1442 ter
190 1385 222 1443 et
238 1375 363 1458 denote,
383 1385 414 1442 rt
431 1375 560 1443 easdem
578 1376 619 1443 de
636 1379 734 1443 verbo
751 1377 794 1442 ad
812 1378 943 1443 verbnm
960 1379 1000 1442 ob
1017 1377 1172 1444 maiorem
1190 1399 1257 1446 cer-

117 1483 297 1550 titudinem
314 1491 346 1550 ct
362 1483 574 1550 stabilitatem
594 1503 650 1549 seu
668 1484 714 1550 rei
747 1483 947 1550 arridenciam
979 1487 1038 1552 sub
1070 1486 1254 1552 testimonio

117 1589 225 1658 nostri
242 1589 342 1674 sigilli
358 1591 491 1658 rescribi
508 1590 697 1675 faceremus,
715 1590 900 1674 specialiter
916 1609 975 1673 pro
992 1611 1042 1678 ec,
1059 1597 1094 1656 rt
1109 1591 1137 1657 si
1148 1592 1255 1676 ipsum

118 1699 331 1783 priuilegium
348 1699 501 1784 temporis
517 1700 551 1764 in
567 1718 722 1787 processu
738 1716 868 1780 quoquo
885 1698 979 1764 modo
1012 1697 1103 1783 perdi
1135 1701 1256 1766 contin-

119 1805 217 1891 gerit,
249 1803 386 1870 donacio
401 1806 535 1887 Regalis
553 1811 585 1870 ct
600 1803 740 1872 collacic
757 1813 898 1887 nequeat
930 1824 986 1889 per
1003 1805 1187 1890 quempiam
1220 1809 1254 1872 in

118 1913 248 1977 irritum
266 1911 423 1976 reuocari.
449 1909 549 1976 Cuius
567 1910 697 1994 quidem
714 1909 876 1994 priuilegij
894 1917 986 1976 tenor
1001 1909 1078 1978 talis
1095 1917 1163 1978 est:

231 2015 409 2083 Ladialaus
425 2019 464 2082 D.
482 2037 529 2100 gr.
546 2017 715 2101 Hungarie
746 2019 806 2085 stb.
838 2017 907 2082 Rex
939 2016 1000 2084 stb.
1033 2015 1251 2100 (toretkcztk

111 2125 176 2190 lv.
191 2125 309 2192 Lbszlb
326 2113 508 2210 kirtlynak
527 2123 662 2193 lass-ki
687 2123 882 2212 adombnya,
913 2123 993 2189 mint
1019 2123 1149 2192 fentebb
1178 2129 1254 2192 371.

109 2237 210 2299 snam
228 2229 337 2310 alatt.)

232 2339 299 2404 Nos
324 2338 434 2421 itaque
459 2337 552 2404 iustis
585 2341 618 2401 et
649 2335 758 2418 dignis
790 2337 1008 2420 peticionibus
1039 2337 1257 2424 predictorum

115 2443 218 2532 Ipoth
244 2450 276 2510 et
291 2441 479 2524 Leustacbij
495 2442 724 2510 fauorabiliter
755 2442 905 2510 inclinati
936 2443 1101 2530 predictas
1132 2445 1257 2512 litteras

115 2551 345 2638 priuilegialcs
362 2569 425 2614 non
443 2549 654 2632 cancellatas,
686 2569 750 2614 non
767 2551 915 2636 abrasas,
947 2551 1057 2617 necin
1074 2551 1187 2634 aliqua
1202 2553 1254 2619 sni

114 2657 378 2746 parteacutus,
409 2656 565 2723 dererbo
583 2655 777 2722 adverbum
803 2656 1006 2742 presentibus
1038 2657 1177 2726 insertas
1209 2656 1252 2724 ad

110 2767 277 2832 maiorem
319 2765 366 2830 rei
384 2761 601 2830 .euidcnciam
633 2763 791 2831 conscribi
823 2763 972 2830 iaciendo
1003 2764 1109 2846 sigillo
1141 2770 1250 2830 nostro

112 2871 308 2940 authentico
325 2871 478 2938 duximus
495 2870 747 2956 consignandas.
788 2872 906 2935 Datum
922 2871 957 2934 in
982 2869 1105 2936 octauis
1136 2871 1252 2936 Pente-

101 2987 226 3047 ·ccstes
242 2999 328 3045 anno
345 2977 477 3045 Domini
492 2975 612 3044 ΜῦῦΟο
628 2978 837 3061 nonagesimo
854 2982 956 3043 sexto.

264 3175 381 3236 (Hiteles
401 3175 534 3224 mdaolata
556 3190 573 3225 a
591 3173 675 3224 budai
696 3174 748 3223 kir.
768 3172 895 3224 kamarai
910 3173 1105 3235 levclttrban.)
