3148 5164
656 284 728 380 5,,69,
750 373 763 379 -

111 497 172 560 pro
191 476 321 544 eisdem
337 477 531 544 dominabus
547 498 617 542 eum
645 475 848 543 euidentibus
873 481 1101 564 procuraterijs
1134 480 1248 548 litteris

108 586 153 652 ab
171 605 240 651 una
258 593 370 670 parte3
396 591 428 652 st
444 584 593 652 Fabiano
611 585 677 651 lilio
692 585 781 652 Petri
799 583 928 652 ollieiali
945 587 1081 672 predicti
1114 588 1248 655 Comitis
1341 583 1344 588 ’

109 691 230 758 Jacobi
249 711 321 758 eom
338 692 572 777 procuratorijs
588 693 708 758 litteris
724 691 867 776 Capituli
884 693 1243 778 Quinqueeoelesiensis

111 819 170 882 pro
188 800 306 865 eodem
324 799 446 866 Comite
462 799 586 866 Jacobo
603 819 643 865 ex
667 799 773 866 altera
798 803 1078 884 comparentibus3
1100 802 1246 887 utrisque

110 905 264 989 partibus
275 906 309 971 in
319 906 424 991 figura
429 906 546 994 judicij
565 905 708 974 eiusdem
725 905 859 993 Comitis
875 907 1007 973 Martini
1022 928 1245 995 assumpmen·

110 1013 211 1091 tibus,
229 1031 286 1098 per
301 1012 439 1080 eundem
466 1013 622 1080 Comitem
654 1013 825 1081 Martinum
858 1014 1020 1082 decretum
1053 1014 1178 1102 luisset,
1210 1026 1246 1085 vt

110 1121 260 1203 predicte
277 1120 550 1188 domines0r01·es
567 1121 782 1188 instrumenta
799 1142 856 1188 seu
871 1122 997 1190 litteras
1028 1143 1142 1192 eoram
1174 1125 1245 1209 ipse

110 1228 273 1294 deberent
290 1227 453 1315 exhibere,
472 1231 682 1316 continentes,
701 1230 786 1312 qued
804 1231 918 1298 eadem
934 1233 1095 1316 possessio
1119 1233 1245 1319 Vayzlo

109 1334 229 1401 luisset
247 1340 278 1400 et
298 1343 383 1403 esset
399 1339 543 1420 ipsarum
562 1344 592 1402 et
618 1339 809 1422 Monasterij
837 1337 981 1420 Virginis
1013 1339 1168 1408 Gloriose
1201 1341 1243 1406 ab
1301 1410 1306 1419 ,

109 1443 270 1526 antiqu03
296 1447 328 1507 et
345 1461 362 1507 e
379 1461 536 1510 conuerso
552 1441 640 1510 idem
661 1443 775 1510 Comes
797 1443 938 1512 Jacobus
955 1445 1103 1514 similiter
1121 1447 1243 1514 litteras

109 1567 169 1614 seu
188 1549 403 1616 instrumenta
414 1569 606 1634 quecunque
616 1549 738 1617 habere
749 1551 973 1619 dinosceretur
984 1556 1132 1622 conlecta
1142 1575 1242 1640 super

110 1676 161 1739 eo,
181 1655 268 1738 qued
284 1657 358 1740 ipsa
373 1657 537 1742 possessio
554 1658 657 1742 ipsius
674 1657 791 1724 fuisset
807 1664 839 1726 et
855 1667 951 1743 esset,
984 1659 1138 1729 exhibere
1155 1668 1242 1728 tene-

111 1770 252 1846 rentur,
275 1765 420 1830 terminis
447 1764 558 1847 itaque
585 1763 762 1832 seeundum
794 1767 1029 1834 continenciam
1063 1767 1242 1837 litterarum

108 1890 244 1936 suarum
273 1873 391 1938 exinde
416 1873 646 1956 coniecturum,
679 1894 873 1958 quamquam
906 1874 1065 1942 officiales
1096 1875 1242 1960 ipsarum

108 1977 315 2046 dominarum
332 1980 548 2048 iustrumenta
565 1999 621 2048 seu
638 1981 764 2047 litteras
781 1981 957 2048 earundem
968 1983 1011 2048 ad
1022 1983 1240 2050 exhibendum

107 2086 217 2171 parati
249 2087 386 2153 luissent
416 2106 474 2170 per
505 2094 616 2171 partes
647 2089 839 2174 assumptis;
872 2094 981 2156 tamen
1011 2088 1098 2158 idem
1128 2090 1244 2159 Comes

107 2193 251 2260 lacobus
269 2193 303 2259 in
319 2192 463 2262 terminis
480 2193 619 2261 diuersis
637 2195 851 2261 instrumenta
867 2195 976 2262 suain
1001 2195 1087 2265 sacto
1112 2217 1244 2281 posses·

107 2300 212 2366 sionis
230 2307 405 2368 memorate
422 2299 576 2367 exhibere
593 2321 657 2368 nen
674 2308 828 2386 curasset,
846 2322 921 2386 ymo
937 2302 970 2367 iu
982 2305 1116 2372 termino
1127 2305 1241 2372 ultimo

108 2407 150 2474 ad
167 2407 273 2492 ipsius
290 2405 424 2475 Comitis
439 2407 573 2475 Martini
589 2408 790 2492 presenciam
808 2429 872 2476 non
888 2410 1031 2478 venisset
1048 2433 1110 2479 nec
1140 2414 1244 2482 misis-

109 2521 175 2599 set;
224 2513 384 2580 officiales
418 2535 495 2582 uere
528 2513 747 2599 predictarum
778 2515 982 2583 dominarum
1021 2519 1243 2590 exhibuissent

108 2627 262 2706 patentes
280 2621 407 2689 litteras
424 2621 547 2688 domini
566 2621 697 2688 Andree
721 2623 821 2707 Regis
854 2625 1057 2708 presentibus
1089 2627 1237 2712 superius

108 2729 309 2797 sensualiter
325 2729 527 2813 conscriptas
545 2727 662 2798 Comiti
679 2730 818 2797 Martino
834 2731 1009 2801 antedicto.
1026 2733 1090 2811 Qui
1106 2735 1238 2817 quidem

106 2834 226 2902 Comes
242 2829 401 2904 Martinus
417 2837 508 2920 ipsas
524 2838 650 2904 litteras
667 2835 787 2903 domini
803 2837 936 2905 Andree
952 2847 1101 2923 patentes
1128 2843 1241 2910 verbo·

105 2953 203 3010 tenus
236 2943 332 3011 <lictis
365 2944 432 3010 suis
466 2945 585 3011 litteris
618 2944 877 3030 priuilegislibus
909 2945 1008 3012 scribi
1039 2945 1172 3034 faciens,
1205 2959 1237 3016 et

104 3052 233 3116 nemini
249 3053 281 3117 in
299 3073 356 3119 suo
373 3053 442 3120 iure
458 3051 571 3120 deesse
588 3053 710 3140 volens,
727 3073 865 3120 unacum
881 3053 1063 3122 Baronibus
1079 3059 1111 3122 et
1123 3056 1239 3123 nobili-

105 3160 170 3224 bus
185 3159 291 3242 Regni
310 3181 406 3244 quam
425 3159 570 3245 pluribus
586 3180 693 3227 seeum
710 3163 744 3226 in
759 3160 889 3228 Judieie
905 3158 1137 3249 assidentibus,
1155 3164 1236 3234 visis

105 3275 138 3332 et
155 3267 309 3352 perlectis
327 3267 449 3336 eisdem
477 3269 665 3353 patentibus
697 3269 815 3335 litteris
847 3268 925 3334 dieti
957 3269 1078 3336 domiui
1110 3271 1240 3341 Andree

104 3372 220 3458 Regis,
236 3375 341 3460 ipsum
357 3375 514 3442 Comitem
530 3377 689 3444 Jacobum
707 3381 817 3444 eontra
833 3377 964 3444 easdem
981 3376 1129 3446 dominas
1153 3399 1241 3448 soro·

106 3499 161 3547 res
178 3480 315 3548 infacto
332 3480 475 3567 predicte
492 3481 707 3568 possessionis
723 3485 848 3570 Vayzlo
865 3485 1108 3554 sentencialiter
1126 3486 1236 3554 decre-

106 3587 214 3654 uisset
231 3586 300 3654 lore
316 3591 508 3675 conuictum,
543 3599 574 3658 et
590 3591 725 3657 eandem
742 3591 981 3676 possessionem
998 3593 1120 3660 eisdem
1138 3593 1239 3661 domi-

106 3697 217 3763 nabus
234 3695 398 3764 sororibus
414 3715 469 3763 seu
487 3698 680 3765 Monasterio
697 3697 840 3781 Virginis
874 3698 1019 3767 Glorioso
1048 3699 1088 3766 de
1118 3700 1236 3766 Insula

108 3801 299 3885 reliquisse*-
315 3811 347 3870 et
363 3804 532 3872 statuisset
546 3812 702 3892 perpetuo
718 3805 852 3891 pacifice
868 3805 1040 3873 tenendam
1058 3814 1089 3870 ct
1115 3806 1240 3906 haben·

102 3911 195 3977 dam.
220 3911 290 3980 Hoc
306 3911 410 3978 eciam
427 3911 513 3979 idem
532 3914 647 3981 Comes
663 3914 822 3982 Martinus
840 3914 933 3980 dietis
951 3913 1018 3980 suis
1036 3912 1154 3982 litteris
1172 3916 1238 3998 pri·

104 4017 319 4102 uilegialibus
334 4019 519 4088 necessario
536 4019 684 4089 duxisset
700 4021 910 4111 inferendum,
944 4021 1030 4106 quod
1047 4041 1118 4087 eum
1135 4022 1240 4106 Magi·

104 4135 171 4194 ster
188 4125 342 4212 slyehael
359 4126 400 4195 de
417 4127 531 4196 Castro
547 4131 674 4216 Ferrea,
702 4129 855 4196 Notarius
871 4128 1022 4214 Magistri
1039 4127 1129 4214 Aper
1145 4126 1238 4195 ludi-

103 4237 150 4301 eis
168 4233 265 4301 Curis
280 4234 384 4322 ipsius
402 4235 526 4303 domiui
542 4235 672 4304 Andree
687 4238 784 4324 Regis
802 4259 843 4306 ex
859 4235 1082 4304 commissione
1092 4233 1237 4303 eiusdem

103 4344 227 4409 domini
245 4345 295 4410 sui
311 4343 355 4410 ad
371 4343 566 4430 exigendum
580 4346 658 4430 jura
674 4366 734 4413 sua
748 4346 782 4412 in
797 4345 954 4414 societate
964 4365 1036 4424 ,vna
1060 4364 1134 4410 eum
1165 4343 1251 4429 ipso.

101 4451 228 4520 Gemite
248 4450 389 4519 Martino
404 4457 559 4540 maneret,
576 4459 608 4519 ct
624 4451 711 4520 idem
727 4454 842 4522 Comes
857 4453 1016 4520 Martinus
1032 4452 1067 4517 in
1083 4448 1232 4516 omnibus

103 4557 198 4628 lactis
215 4581 273 4628 seu
290 4561 437 4646 negeeijs
455 4560 533 4647 suis,
550 4568 581 4628 et
598 4561 783 4646 specialiter
798 4561 832 4628 in
848 4563 935 4628 laeto
953 4559 1055 4646 sigilli
1066 4557 1115 4626 sui
1127 4555 1234 4625 eidem
