3068 5150
858 929 933 1001 ata.

330 1139 350 1204 1
357 1139 391 1204 V.
406 1139 524 1204 Ldaalo'
540 1137 650 1222 barely
666 1136 754 1223 teljao
778 1137 876 1201 kercit
893 1130 1226 1216 eleemomosynam
1243 1123 1373 1193 1277-ᾸῚΙ
1386 1121 1441 1208 pri·

333 1248 534 1333 eripiamur,
564 1245 707 1331 ooclylyel
739 1242 915 1309 Gerzancac
945 1243 1066 1326 meppc't
1083 1261 1106 1302 a
1121 1234 1257 1323 adqrcibi
1274 1230 1442 1319 epybdaoclr

709 1351 952 1434 adorauduycztc.
986 1347 1084 1414 1284.
1160 1409 1168 1422 ,

438 1548 615 1616 Ladinlaua
647 1547 712 1615 Dei
743 1545 855 1634 gracia
897 1543 1052 1628 Vngarie,
1082 1539 1263 1625 Dalmacie,
1295 1533 1434 1602 Obroacie

331 1661 439 1741 Rarus,
472 1657 594 1738 Seruis,
626 1653 776 1744 Gallicis,
802 1651 1003 1736 Lodomerie,
1038 1647 1205 1732 Comanie,
1239 1641 1443 1728 Bulgariaqoe

330 1767 399 1834 Rex
431 1766 577 1832 omnibns
610 1765 730 1832 Christi
748 1763 900 1831 fidelibus
915 1767 981 1826 mm
1008 1755 1212 1843 presentibus
1229 1772 1326 1836 quam
1341 1748 1444 1816 tuturis

333 1881 516 1960 presentem
532 1873 687 1959 paginam
701 1871 896 1958 inspecturis
911 1869 1048 1934 salutem
1064 1863 1097 1930 in
1114 1861 1258 1930 omnium
1284 1859 1444 1926 salvatore.

331 1983 384 2049 Ad
416 1981 638 2048 universorum
656 1981 811 2049 noticiam
836 1987 950 2046 tenore
966 1973 1169 2062 presencium
1185 1971 1330 2038 volumus
1346 1983 1446 2052 porse

332 2092 411 2176 uire,
427 2090 512 2173 quod
529 2090 724 2158 venerabilis
743 2093 836 2175 pater
852 2085 1084 2172 Thymotbeus,
1100 2081 1162 2146 Dei
1179 2079 1293 2164 gracia
1325 2077 1445 2160 Episcc
1528 2171 1529 2176 Ἰ

334 2219 394 2283 pos
425 2198 665 2284 Zagrabiensis,
691 2197 826 2265 dilectus
843 2203 875 2261 et
890 2193 995 2260 fidelis
1011 2199 1133 2277 noster,
1149 2189 1193 2256 ad
1209 2192 1352 2254 nostram
1368 2202 1445 2250 acce·

333 2306 412 2372 deus
428 2307 629 2391 presenciam
646 2305 762 2372 Nostra
777 2301 942 2370 Maiestati
960 2295 1294 2384 quoddam]nostrum
1311 2290 1446 2360 exhibuit

333 2411 538 2497 privilegium
567 2433 664 2498 super·
682 2413 861 2480 donacione
879 2408 1058 2476 Comitatus
1073 2406 1113 2472 de
1130 2401 1309 2471 Gnersente
1328 2421 1383 2487 per
1398 2418 1447 2466 nos

333 2522 432 2607 lacta,
450 2527 481 2586 et
496 2519 595 2604 peciit
610 2521 715 2606 ipsam
737 2517 949 2586 donacionem
974 2535 1033 2582 seu
1065 2512 1273 2580 collacionem
1304 2505 1449 2582 innovari,

335 2650 376 2696 ac
392 2629 498 2714 ipsum
531 2629 732 2715 privilegium
750 2625 791 2694 de
815 2627 913 2694 verbo
930 2623 974 2691 ad
991 2625 1122 2690 verbnm
1137 2620 1368 2707 presentibus'
1360 2615 1448 2684 inseri
1527 2699 1528 2718 ἶ

337 2745 369 2802 et
389 2756 447 2820 per
462 2737 614 2803 Nostram
631 2734 863 2802 Celsitudinem
880 2731 1071 2800 confirmari.
1105 2729 1203 2797 Cuius
1221 2724 1450 2813 qnidcmpriri·
1527 2763 1528 2800 3

334 2843 413 2928 legii
429 2849 523 2911 tenor
542 2843 618 2912 talis
636 2851 709 2910 est:

442 2951 618 3019 ladizlaus
650 2951 713 3017 Dei
730 2952 845 3036 gracia
862 2951 1029 3034 Hongarie
1046 2949 1109 3016 stb.
1124 2947 1195 3013 Rex
1211 2945 1273 3013 slb.
1291 2941 1449 3032 (kdvedn-

332 3059 449 3126 zile.
459 3059 574 3126 Ldszld
590 3057 867 3144 lriralynakl
786 3059 867 3127 1273
872 3055 921 3124 -ki
936 3055 1216 3142 adomtnylevele,
1232 3055 1316 3120 mint
1331 3050 1450 3121 seulebb

336 3171 410 3236 159.
427 3189 471 3235 su
488 3165 533 3256 a.)

441 3273 510 3341 Nos
541 3275 651 3358 itaque
682 3273 816 3358 Regalis
846 3275 1079 3359 circumspecte
1110 3271 1216 3356 officii,
1246 3269 1405 3356 solempni
1417 3286 1451 3333 ae

335 3383 482 3468 diligenti
498 3391 640 3451 tractatu
657 3403 728 3450 cum
745 3383 865 3450 nostris
880 3381 1060 3450 Batonibus
1077 3380 1256 3469 prehabito,
1273 3401 1312 3448 ac
1328 3376 1450 3446 matini·

334 3498 400 3559 late
431 3491 542 3560 debita
572 3490 757 3576 observata,
788 3491 854 3558 ium
872 3509 912 3556 ex
944 3491 1061 3558 Divina
1077 3490 1333 3576 propiciacionis
1349 3485 1453 3573 gracia

334 3599 376 3666 ad
393 3600 569 3683 legittimus
593 3619 650 3667 sec
682 3599 893 3667 discrecionis
924 3619 1028 3666 annos
1060 3599 1197 3666 feliciter
1228 3599 1454 3683 pervenientes,

333 3708 453 3794 prelati
484 3707 679 3775 venerabilis
696 3707 799 3792 patris
825 3707 947 3775 domini
964 3705 1157 3793 Thymothci
1173 3707 1339 3793 Episcopi,
1355 3702 1455 3773 dilecti
1526 3751 1527 3754 ,

335 3816 489 3884 etfidelis
514 3815 626 3900 nostri,
658 3817 753 3884 iustis
784 3815 999 3904 peticionibus
1029 3815 1187 3898 inclinati,
1220 3814 1455 3882 considerantes
1526 3839 1527 3914 3

333 3925 545 4010 prescriptam
579 3923 789 3992 donacionem
823 3925 893 3994 fore
919 3925 1052 3992 licitam.
1069 3927 1197 4011 iustam,
1215 3924 1412 3992 salutiferam
1428 3927 1457 3987 et
1526 3919 1527 3940 ¹

333 4034 513 4116 honestum,
530 4035 723 4118 premissum
750 4033 956 4119 privilegium
988 4033 1190 4121 presentibus
1222 4035 1264 4103 de
1294 4037 1390 4104 verbo
1420 4031 1457 4099 ad

335 4143 466 4209 uerbum
479 4141 648 4222 insertum,
660 4141 912 4211 etoollaeionem
924 4164 980 4211 seu
991 4143 1215 4230 donacionem,
1233 4145 1456 4226 immunitates,

335 4251 560 4335 exempeiones
577 4256 608 4316 et
634 4249 802 4320 libertates
834 4255 868 4318 in
900 4251 1014 4320 eodem
1045 4261 1216 4322 contentas
1247 4254 1413 4322 universas
1430 4259 1458 4318 et

334 4358 481 4442 singulus
513 4357 714 4441 innovamus,
745 4361 975 4449 approbamus,
1008 4361 1183 4430 laudamus
1215 4369 1247 4428 et
1270 4359 1459 4431 auctoritate

332 4465 436 4550 Regia
465 4465 720 4534 irrevocabiliter
750 4489 789 4535 ac
820 4467 1000 4537 stabilitate
1031 4477 1190 4558 perpetua
1216 4471 1458 4548 confirmamns;

333 4593 408 4658 ymo
439 4571 514 4658 iarn,
547 4583 581 4640 ut
597 4581 778 4660 protectum
810 4585 869 4664 est,
885 4576 919 4641 iu
936 4579 1032 4645 urinis
1048 4581 1217 4666 legittimis
1233 4580 1411 4666 constituti,
1428 4589 1459 4645 ut
