<?xml version="1.0" encoding="UTF-8"?>
<!DOCTYPE html PUBLIC "-//W3C//DTD XHTML 1.0 Transitional//EN"
    "http://www.w3.org/TR/xhtml1/DTD/xhtml1-transitional.dtd">
<html xmlns="http://www.w3.org/1999/xhtml" xml:lang="en" lang="en">
 <head>
  <title>
</title>
<meta http-equiv="Content-Type" content="text/html;charset=utf-8" />
  <meta name='ocr-system' content='tesseract 3.04.00' />
  <meta name='ocr-capabilities' content='ocr_page ocr_carea ocr_par ocr_line ocrx_word'/>
</head>
<body>
  <div class='ocr_page' id='page_1' title='image "./codexdiplomatic06wenzgoog_0247.png"; bbox 0 0 3112 5154; ppageno 0'>
   <div class='ocr_carea' id='block_1_1' title="bbox 821 429 982 528">
    <p class='ocr_par' dir='ltr' id='par_1_1' title="bbox 821 429 982 528">
     <span class='ocr_line' id='line_1_1' title="bbox 821 429 982 528; baseline 0 -37"><span class='ocrx_word' id='word_1_1' title='bbox 821 429 982 528; x_wconf 42' lang='lat'>„393-</span> 
     </span>
    </p>
   </div>
   <div class='ocr_carea' id='block_1_2' title="bbox 332 621 1540 2532">
    <p class='ocr_par' dir='ltr' id='par_1_2' title="bbox 333 621 1540 1034">
     <span class='ocr_line' id='line_1_2' title="bbox 338 621 1540 710; baseline -0.002 -17"><span class='ocrx_word' id='word_1_2' title='bbox 338 627 451 694; x_wconf 87' lang='lat' dir='ltr'>dumos</span> <span class='ocrx_word' id='word_1_3' title='bbox 470 627 645 710; x_wconf 84' lang='lat' dir='ltr'>spinarum,</span> <span class='ocrx_word' id='word_1_4' title='bbox 669 630 702 692; x_wconf 89' lang='lat' dir='ltr'>et</span> <span class='ocrx_word' id='word_1_5' title='bbox 731 623 878 707; x_wconf 85' lang='lat' dir='ltr'>pervenit</span> <span class='ocrx_word' id='word_1_6' title='bbox 909 621 952 688; x_wconf 83' lang='lat' dir='ltr'>ad</span> <span class='ocrx_word' id='word_1_7' title='bbox 984 621 1152 706; x_wconf 72' lang='lat' dir='ltr'>quendem</span> <span class='ocrx_word' id='word_1_8' title='bbox 1184 623 1330 690; x_wconf 75' lang='lat' dir='ltr'><strong>arborem</strong></span> <span class='ocrx_word' id='word_1_9' title='bbox 1360 625 1457 710; x_wconf 80' lang='lat' dir='ltr'>yliois,</span> <span class='ocrx_word' id='word_1_10' title='bbox 1539 667 1540 680; x_wconf 39' lang='lat' dir='ltr'>r</span> 
     </span>
     <span class='ocr_line' id='line_1_3' title="bbox 333 729 1456 819; baseline 0 -18"><span class='ocrx_word' id='word_1_11' title='bbox 333 753 427 802; x_wconf 85' lang='lat' dir='ltr'>ornoe</span> <span class='ocrx_word' id='word_1_12' title='bbox 470 736 657 819; x_wconf 78' lang='lat' dir='ltr'>signatam3</span> <span class='ocrx_word' id='word_1_13' title='bbox 695 729 813 798; x_wconf 87' lang='lat' dir='ltr'>deinde</span> <span class='ocrx_word' id='word_1_14' title='bbox 844 729 1043 797; x_wconf 79' lang='lat' dir='ltr'>descendens</span> <span class='ocrx_word' id='word_1_15' title='bbox 1075 732 1223 816; x_wconf 82' lang='lat' dir='ltr'>pervenit</span> <span class='ocrx_word' id='word_1_16' title='bbox 1253 730 1297 798; x_wconf 82' lang='lat' dir='ltr'>ad</span> <span class='ocrx_word' id='word_1_17' title='bbox 1327 734 1456 800; x_wconf 77' lang='lat' dir='ltr'>alteram</span> 
     </span>
     <span class='ocr_line' id='line_1_4' title="bbox 333 835 1540 927; baseline 0 -21"><span class='ocrx_word' id='word_1_18' title='bbox 333 843 479 909; x_wconf 84' lang='lat' dir='ltr'>arborem</span> <span class='ocrx_word' id='word_1_19' title='bbox 495 840 602 927; x_wconf 83' lang='lat' dir='ltr'>yliois,</span> <span class='ocrx_word' id='word_1_20' title='bbox 620 837 708 906; x_wconf 86' lang='lat' dir='ltr'>unde</span> <span class='ocrx_word' id='word_1_21' title='bbox 724 837 902 922; x_wconf 75' lang='lat' dir='ltr'>procedens</span> <span class='ocrx_word' id='word_1_22' title='bbox 918 837 1009 902; x_wconf 86' lang='lat' dir='ltr'>venit</span> <span class='ocrx_word' id='word_1_23' title='bbox 1024 835 1067 904; x_wconf 81' lang='lat' dir='ltr'>ed</span> <span class='ocrx_word' id='word_1_24' title='bbox 1095 857 1248 924; x_wconf 80' lang='lat' dir='ltr'>magnam</span> <span class='ocrx_word' id='word_1_25' title='bbox 1278 838 1375 926; x_wconf 75' lang='lat' dir='ltr'>dom,</span> <span class='ocrx_word' id='word_1_26' title='bbox 1405 861 1457 924; x_wconf 88' lang='lat' dir='ltr'>per</span> <span class='ocrx_word' id='word_1_27' title='bbox 1539 907 1540 912; x_wconf 68' lang='grc'>,</span> 
     </span>
     <span class='ocr_line' id='line_1_5' title="bbox 333 943 1456 1034; baseline 0.001 -20"><span class='ocrx_word' id='word_1_28' title='bbox 333 967 432 1032; x_wconf 79' lang='lat' dir='ltr'>quom</span> <span class='ocrx_word' id='word_1_29' title='bbox 464 947 551 1015; x_wconf 81' lang='lat' dir='ltr'>viem</span> <span class='ocrx_word' id='word_1_30' title='bbox 582 965 713 1015; x_wconf 79' lang='lat' dir='ltr'>currens</span> <span class='ocrx_word' id='word_1_31' title='bbox 745 964 852 1031; x_wconf 80' lang='lat' dir='ltr'>supra,</span> <span class='ocrx_word' id='word_1_32' title='bbox 878 943 1082 1027; x_wconf 81' lang='lat' dir='ltr'>pervenitad</span> <span class='ocrx_word' id='word_1_33' title='bbox 1099 945 1261 1029; x_wconf 83' lang='lat' dir='ltr'>quoddam</span> <span class='ocrx_word' id='word_1_34' title='bbox 1277 948 1456 1034; x_wconf 81' lang='lat' dir='ltr'>virgultum,</span> 
     </span>
    </p>

    <p class='ocr_par' dir='ltr' id='par_1_3' title="bbox 332 1049 1456 1355">
     <span class='ocr_line' id='line_1_6' title="bbox 333 1049 1456 1138; baseline 0.003 -18"><span class='ocrx_word' id='word_1_35' title='bbox 333 1055 388 1120; x_wconf 86' lang='lat' dir='ltr'>nbi</span> <span class='ocrx_word' id='word_1_36' title='bbox 402 1059 478 1122; x_wconf 85' lang='lat' dir='ltr'>sunt</span> <span class='ocrx_word' id='word_1_37' title='bbox 495 1055 556 1122; x_wconf 89' lang='lat' dir='ltr'>dne</span> <span class='ocrx_word' id='word_1_38' title='bbox 572 1061 656 1121; x_wconf 84' lang='lat' dir='ltr'>mete</span> <span class='ocrx_word' id='word_1_39' title='bbox 672 1059 776 1120; x_wconf 84' lang='lat' dir='ltr'>terroe</span> <span class='ocrx_word' id='word_1_40' title='bbox 786 1079 799 1136; x_wconf 88' lang='lat'>‚·</span> <span class='ocrx_word' id='word_1_41' title='bbox 822 1049 901 1118; x_wconf 86' lang='lat' dir='ltr'>inde</span> <span class='ocrx_word' id='word_1_42' title='bbox 925 1051 1105 1136; x_wconf 89' lang='lat' dir='ltr'>proosdens</span> <span class='ocrx_word' id='word_1_43' title='bbox 1135 1053 1344 1138; x_wconf 71' lang='lat' dir='ltr'>pervenitad</span> <span class='ocrx_word' id='word_1_44' title='bbox 1375 1057 1456 1122; x_wconf 78' lang='lat' dir='ltr'>riom</span> 
     </span>
     <span class='ocr_line' id='line_1_7' title="bbox 332 1159 1454 1248; baseline 0.002 -20"><span class='ocrx_word' id='word_1_45' title='bbox 332 1163 479 1247; x_wconf 81' lang='lat' dir='ltr'>alteram,</span> <span class='ocrx_word' id='word_1_46' title='bbox 510 1169 542 1229; x_wconf 84' lang='lat' dir='ltr'>et</span> <span class='ocrx_word' id='word_1_47' title='bbox 561 1181 618 1245; x_wconf 94' lang='grc' dir='ltr'>ρετ</span> <span class='ocrx_word' id='word_1_48' title='bbox 648 1160 785 1228; x_wconf 85' lang='lat' dir='ltr'>eandem</span> <span class='ocrx_word' id='word_1_49' title='bbox 818 1160 904 1225; x_wconf 82' lang='lat' dir='ltr'>viem</span> <span class='ocrx_word' id='word_1_50' title='bbox 935 1159 1084 1244; x_wconf 82' lang='lat' dir='ltr'>pervenit</span> <span class='ocrx_word' id='word_1_51' title='bbox 1113 1159 1157 1226; x_wconf 78' lang='lat' dir='ltr'>od</span> <span class='ocrx_word' id='word_1_52' title='bbox 1174 1179 1294 1244; x_wconf 78' lang='lat' dir='ltr'>aquam</span> <span class='ocrx_word' id='word_1_53' title='bbox 1318 1161 1454 1248; x_wconf 81' lang='lat' dir='ltr'>Blizyne</span> 
     </span>
     <span class='ocr_line' id='line_1_8' title="bbox 332 1267 1451 1355; baseline -0.002 -19"><span class='ocrx_word' id='word_1_54' title='bbox 332 1275 500 1355; x_wconf 77' lang='lat' dir='ltr'>voontnm3</span> <span class='ocrx_word' id='word_1_55' title='bbox 524 1289 583 1354; x_wconf 89' lang='lat' dir='ltr'>per</span> <span class='ocrx_word' id='word_1_56' title='bbox 598 1289 696 1354; x_wconf 83' lang='lat' dir='ltr'>qnam</span> <span class='ocrx_word' id='word_1_57' title='bbox 711 1268 781 1336; x_wconf 83' lang='lat' dir='ltr'>iens</span> <span class='ocrx_word' id='word_1_58' title='bbox 797 1285 897 1351; x_wconf 75' lang='lat' dir='ltr'>snpra</span> <span class='ocrx_word' id='word_1_59' title='bbox 928 1267 1075 1352; x_wconf 83' lang='lat' dir='ltr'>pervenit</span> <span class='ocrx_word' id='word_1_60' title='bbox 1106 1268 1150 1333; x_wconf 83' lang='lat' dir='ltr'>sd</span> <span class='ocrx_word' id='word_1_61' title='bbox 1181 1269 1343 1352; x_wconf 80' lang='lat' dir='ltr'>qnondam</span> <span class='ocrx_word' id='word_1_62' title='bbox 1360 1271 1451 1355; x_wconf 78' lang='lat' dir='ltr'>niam,</span> 
     </span>
    </p>

    <p class='ocr_par' dir='ltr' id='par_1_4' title="bbox 333 1373 1540 2532">
     <span class='ocr_line' id='line_1_9' title="bbox 333 1373 1540 1464; baseline 0.002 -24"><span class='ocrx_word' id='word_1_63' title='bbox 333 1375 369 1440; x_wconf 90' lang='lat' dir='ltr'>in</span> <span class='ocrx_word' id='word_1_64' title='bbox 384 1395 449 1459; x_wconf 82' lang='lat' dir='ltr'>qun</span> <span class='ocrx_word' id='word_1_65' title='bbox 480 1385 512 1444; x_wconf 87' lang='lat' dir='ltr'>et</span> <span class='ocrx_word' id='word_1_66' title='bbox 527 1397 585 1464; x_wconf 89' lang='lat' dir='ltr'>per</span> <span class='ocrx_word' id='word_1_67' title='bbox 602 1395 699 1461; x_wconf 79' lang='lat' dir='ltr'>qnam</span> <span class='ocrx_word' id='word_1_68' title='bbox 714 1375 801 1442; x_wconf 82' lang='lat' dir='ltr'>vism</span> <span class='ocrx_word' id='word_1_69' title='bbox 818 1373 965 1440; x_wconf 75' lang='lat' dir='ltr'>aseendit</span> <span class='ocrx_word' id='word_1_70' title='bbox 981 1393 1080 1461; x_wconf 81' lang='lat' dir='ltr'>supra</span> <span class='ocrx_word' id='word_1_71' title='bbox 1095 1375 1129 1440; x_wconf 92' lang='lat' dir='ltr'>in</span> <span class='ocrx_word' id='word_1_72' title='bbox 1146 1384 1285 1444; x_wconf 90' lang='lat' dir='ltr'>montem</span> <span class='ocrx_word' id='word_1_73' title='bbox 1306 1377 1348 1444; x_wconf 84' lang='lat' dir='ltr'>sd</span> <span class='ocrx_word' id='word_1_74' title='bbox 1365 1378 1458 1462; x_wconf 90' lang='lat' dir='ltr'>qnod·</span> <span class='ocrx_word' id='word_1_75' title='bbox 1539 1405 1540 1414; x_wconf 47' lang='lat'>¹</span> 
     </span>
     <span class='ocr_line' id='line_1_10' title="bbox 335 1481 1456 1571; baseline 0.001 -22"><span class='ocrx_word' id='word_1_76' title='bbox 335 1481 410 1550; x_wconf 80' lang='lat' dir='ltr'>dam</span> <span class='ocrx_word' id='word_1_77' title='bbox 425 1484 608 1571; x_wconf 80' lang='lat' dir='ltr'>virgultum,</span> <span class='ocrx_word' id='word_1_78' title='bbox 623 1483 680 1550; x_wconf 88' lang='lat' dir='ltr'>nbi</span> <span class='ocrx_word' id='word_1_79' title='bbox 696 1489 746 1550; x_wconf 87' lang='lat' dir='ltr'>est</span> <span class='ocrx_word' id='word_1_80' title='bbox 762 1485 862 1548; x_wconf 77' lang='lat' dir='ltr'>arbor</span> <span class='ocrx_word' id='word_1_81' title='bbox 888 1481 982 1568; x_wconf 83' lang='lat' dir='ltr'>yliois</span> <span class='ocrx_word' id='word_1_82' title='bbox 1013 1501 1155 1567; x_wconf 78' lang='lat' dir='ltr'>magna3</span> <span class='ocrx_word' id='word_1_83' title='bbox 1180 1483 1300 1552; x_wconf 88' lang='lat' dir='ltr'>deinde</span> <span class='ocrx_word' id='word_1_84' title='bbox 1331 1484 1456 1552; x_wconf 87' lang='lat' dir='ltr'>deseen-</span> 
     </span>
     <span class='ocr_line' id='line_1_11' title="bbox 335 1588 1456 1675; baseline 0.003 -22"><span class='ocrx_word' id='word_1_85' title='bbox 335 1588 416 1657; x_wconf 89' lang='lat' dir='ltr'>dens</span> <span class='ocrx_word' id='word_1_86' title='bbox 448 1590 595 1674; x_wconf 88' lang='lat' dir='ltr'>pervenit</span> <span class='ocrx_word' id='word_1_87' title='bbox 627 1590 669 1657; x_wconf 83' lang='lat' dir='ltr'>od</span> <span class='ocrx_word' id='word_1_88' title='bbox 685 1597 803 1656; x_wconf 82' lang='lat' dir='ltr'>metam</span> <span class='ocrx_word' id='word_1_89' title='bbox 820 1591 968 1675; x_wconf 78' lang='lat' dir='ltr'>primam,</span> <span class='ocrx_word' id='word_1_90' title='bbox 986 1591 1081 1656; x_wconf 85' lang='lat' dir='ltr'>etsie</span> <span class='ocrx_word' id='word_1_91' title='bbox 1097 1609 1211 1659; x_wconf 84' lang='lat' dir='ltr'>sursus</span> <span class='ocrx_word' id='word_1_92' title='bbox 1225 1598 1383 1659; x_wconf 80' lang='lat' dir='ltr'>metarum</span> <span class='ocrx_word' id='word_1_93' title='bbox 1398 1599 1456 1660; x_wconf 85' lang='lat' dir='ltr'>ter·</span> 
     </span>
     <span class='ocr_line' id='line_1_12' title="bbox 334 1697 1457 1786; baseline 0.004 -24"><span class='ocrx_word' id='word_1_94' title='bbox 334 1697 482 1766; x_wconf 82' lang='lat' dir='ltr'>minatur.</span> <span class='ocrx_word' id='word_1_95' title='bbox 493 1699 536 1764; x_wconf 83' lang='lat' dir='ltr'>Ut</span> <span class='ocrx_word' id='word_1_96' title='bbox 546 1705 654 1766; x_wconf 83' lang='lat' dir='ltr'>autom</span> <span class='ocrx_word' id='word_1_97' title='bbox 669 1699 731 1764; x_wconf 69' lang='lat' dir='ltr'>hro</span> <span class='ocrx_word' id='word_1_98' title='bbox 741 1703 855 1764; x_wconf 83' lang='lat' dir='ltr'>nostra</span> <span class='ocrx_word' id='word_1_99' title='bbox 870 1697 1010 1765; x_wconf 77' lang='lat' dir='ltr'>donacio</span> <span class='ocrx_word' id='word_1_100' title='bbox 1028 1701 1125 1766; x_wconf 90' lang='lat' dir='ltr'>robur</span> <span class='ocrx_word' id='word_1_101' title='bbox 1141 1699 1289 1782; x_wconf 75' lang='lat' dir='ltr'>optineat</span> <span class='ocrx_word' id='word_1_102' title='bbox 1305 1705 1457 1786; x_wconf 86' lang='lat' dir='ltr'>perpetue</span> 
     </span>
     <span class='ocr_line' id='line_1_13' title="bbox 335 1803 1458 1892; baseline 0.003 -23"><span class='ocrx_word' id='word_1_103' title='bbox 335 1803 499 1872; x_wconf 80' lang='lat' dir='ltr'>firmitatis</span> <span class='ocrx_word' id='word_1_104' title='bbox 524 1811 556 1871; x_wconf 90' lang='lat' dir='ltr'>et</span> <span class='ocrx_word' id='word_1_105' title='bbox 579 1823 621 1872; x_wconf 87' lang='lat' dir='ltr'>ne</span> <span class='ocrx_word' id='word_1_106' title='bbox 652 1823 804 1889; x_wconf 88' lang='lat' dir='ltr'>prooessn</span> <span class='ocrx_word' id='word_1_107' title='bbox 835 1810 1014 1889; x_wconf 87' lang='lat' dir='ltr'>temporum</span> <span class='ocrx_word' id='word_1_108' title='bbox 1045 1823 1102 1890; x_wconf 88' lang='lat' dir='ltr'>per</span> <span class='ocrx_word' id='word_1_109' title='bbox 1134 1807 1320 1892; x_wconf 84' lang='lat' dir='ltr'>quempiam</span> <span class='ocrx_word' id='word_1_110' title='bbox 1352 1808 1458 1874; x_wconf 79' lang='lat' dir='ltr'>voleat</span> 
     </span>
     <span class='ocr_line' id='line_1_14' title="bbox 334 1911 1456 1997; baseline 0.003 -20"><span class='ocrx_word' id='word_1_111' title='bbox 334 1912 503 1980; x_wconf 80' lang='lat' dir='ltr'>retraetari</span> <span class='ocrx_word' id='word_1_112' title='bbox 518 1921 575 1980; x_wconf 82' lang='lat' dir='ltr'>out</span> <span class='ocrx_word' id='word_1_113' title='bbox 591 1911 795 1996; x_wconf 81' lang='lat' dir='ltr'>aliquetenus</span> <span class='ocrx_word' id='word_1_114' title='bbox 812 1913 963 1997; x_wconf 78' lang='lat' dir='ltr'>revooari,</span> <span class='ocrx_word' id='word_1_115' title='bbox 980 1920 1149 1997; x_wconf 78' lang='lat' dir='ltr'>presentes</span> <span class='ocrx_word' id='word_1_116' title='bbox 1165 1913 1386 1982; x_wconf 88' lang='lat' dir='ltr'>oonoessimns</span> <span class='ocrx_word' id='word_1_117' title='bbox 1410 1915 1456 1980; x_wconf 71' lang='lat' dir='ltr'>lii</span> 
     </span>
     <span class='ocr_line' id='line_1_15' title="bbox 334 2017 1457 2108; baseline 0.003 -24"><span class='ocrx_word' id='word_1_118' title='bbox 334 2024 421 2086; x_wconf 79' lang='lat' dir='ltr'>teras</span> <span class='ocrx_word' id='word_1_119' title='bbox 438 2017 598 2105; x_wconf 84' lang='lat' dir='ltr'>duppliois</span> <span class='ocrx_word' id='word_1_120' title='bbox 613 2021 717 2104; x_wconf 74' lang='lat' dir='ltr'>sigilli</span> <span class='ocrx_word' id='word_1_121' title='bbox 732 2019 834 2086; x_wconf 78' lang='lat' dir='ltr'>nostri</span> <span class='ocrx_word' id='word_1_122' title='bbox 850 2021 1027 2086; x_wconf 87' lang='lat' dir='ltr'>munimine</span> <span class='ocrx_word' id='word_1_123' title='bbox 1054 2023 1232 2089; x_wconf 80' lang='lat' dir='ltr'>roboratas.</span> <span class='ocrx_word' id='word_1_124' title='bbox 1253 2022 1377 2088; x_wconf 85' lang='lat' dir='ltr'>Datum</span> <span class='ocrx_word' id='word_1_125' title='bbox 1401 2042 1457 2108; x_wconf 87' lang='lat' dir='ltr'>per</span> 
     </span>
     <span class='ocr_line' id='line_1_16' title="bbox 334 2117 1457 2210; baseline 0.003 -18"><span class='ocrx_word' id='word_1_126' title='bbox 334 2145 449 2192; x_wconf 84' lang='lat' dir='ltr'>manns</span> <span class='ocrx_word' id='word_1_127' title='bbox 465 2117 663 2194; x_wconf 76' lang='lat' dir='ltr'>venerebilis</span> <span class='ocrx_word' id='word_1_128' title='bbox 678 2127 739 2195; x_wconf 84' lang='lat' dir='ltr'>viri</span> <span class='ocrx_word' id='word_1_129' title='bbox 764 2127 913 2210; x_wconf 78' lang='lat' dir='ltr'>Magistri</span> <span class='ocrx_word' id='word_1_130' title='bbox 945 2128 1101 2195; x_wconf 86' lang='lat' dir='ltr'>Demetrii</span> <span class='ocrx_word' id='word_1_131' title='bbox 1133 2129 1281 2196; x_wconf 85' lang='lat' dir='ltr'>Albensis</span> <span class='ocrx_word' id='word_1_132' title='bbox 1312 2129 1457 2198; x_wconf 83' lang='lat' dir='ltr'>Eooiesie</span> 
     </span>
     <span class='ocr_line' id='line_1_17' title="bbox 335 2233 1456 2321; baseline 0.002 -22"><span class='ocrx_word' id='word_1_133' title='bbox 335 2233 506 2317; x_wconf 87' lang='lat' dir='ltr'>Prepesiti,</span> <span class='ocrx_word' id='word_1_134' title='bbox 538 2236 615 2300; x_wconf 81' lang='lat' dir='ltr'>sule</span> <span class='ocrx_word' id='word_1_135' title='bbox 629 2241 740 2302; x_wconf 82' lang='lat' dir='ltr'>nostre</span> <span class='ocrx_word' id='word_1_136' title='bbox 755 2234 1019 2321; x_wconf 82' lang='lat' dir='ltr'>Vioeoonoellarij</span> <span class='ocrx_word' id='word_1_137' title='bbox 1037 2233 1146 2304; x_wconf 86' lang='lat' dir='ltr'>dilooti</span> <span class='ocrx_word' id='word_1_138' title='bbox 1163 2243 1196 2302; x_wconf 86' lang='lat' dir='ltr'>et</span> <span class='ocrx_word' id='word_1_139' title='bbox 1227 2235 1332 2303; x_wconf 87' lang='lat' dir='ltr'>tidelis</span> <span class='ocrx_word' id='word_1_140' title='bbox 1359 2237 1456 2303; x_wconf 88' lang='lat' dir='ltr'>nostri</span> 
     </span>
     <span class='ocr_line' id='line_1_18' title="bbox 334 2337 1456 2428; baseline 0 -22"><span class='ocrx_word' id='word_1_141' title='bbox 334 2358 422 2406; x_wconf 81' lang='lat' dir='ltr'>anno</span> <span class='ocrx_word' id='word_1_142' title='bbox 447 2337 578 2405; x_wconf 91' lang='lat' dir='ltr'>Domini</span> <span class='ocrx_word' id='word_1_143' title='bbox 603 2340 644 2407; x_wconf 83' lang='lat' dir='ltr'>M.</span> <span class='ocrx_word' id='word_1_144' title='bbox 670 2339 891 2409; x_wconf 84' lang='lat' dir='ltr'>dueentesimo</span> <span class='ocrx_word' id='word_1_145' title='bbox 907 2343 1147 2427; x_wconf 82' lang='lat' dir='ltr'>septuagesimo</span> <span class='ocrx_word' id='word_1_146' title='bbox 1171 2343 1319 2428; x_wconf 88' lang='lat' dir='ltr'>septimo,</span> <span class='ocrx_word' id='word_1_147' title='bbox 1352 2343 1456 2426; x_wconf 76' lang='lat' dir='ltr'>Regni</span> 
     </span>
     <span class='ocr_line' id='line_1_19' title="bbox 335 2447 805 2532; baseline 0.011 -22"><span class='ocrx_word' id='word_1_148' title='bbox 335 2453 443 2513; x_wconf 84' lang='lat' dir='ltr'>antem</span> <span class='ocrx_word' id='word_1_149' title='bbox 460 2448 561 2513; x_wconf 82' lang='lat' dir='ltr'>nostri</span> <span class='ocrx_word' id='word_1_150' title='bbox 579 2467 666 2515; x_wconf 81' lang='lat' dir='ltr'>enno</span> <span class='ocrx_word' id='word_1_151' title='bbox 683 2447 805 2532; x_wconf 86' lang='lat' dir='ltr'>quinto.</span> 
     </span>
    </p>
   </div>
   <div class='ocr_carea' id='block_1_3' title="bbox 441 2641 1349 2714">
    <p class='ocr_par' dir='ltr' id='par_1_5' title="bbox 441 2641 1349 2714">
     <span class='ocr_line' id='line_1_20' title="bbox 441 2641 1349 2714; baseline 0.002 -18"><span class='ocrx_word' id='word_1_152' title='bbox 441 2641 604 2708; x_wconf 60' lang='lat' dir='ltr'>(meledo,</span> <span class='ocrx_word' id='word_1_153' title='bbox 624 2644 749 2696; x_wconf 79' lang='lat' dir='ltr'>Menum.</span> <span class='ocrx_word' id='word_1_154' title='bbox 769 2645 837 2698; x_wconf 83' lang='lat' dir='ltr'>hist.</span> <span class='ocrx_word' id='word_1_155' title='bbox 855 2646 947 2710; x_wconf 73' lang='lat' dir='ltr'>Epioe.</span> <span class='ocrx_word' id='word_1_156' title='bbox 966 2646 1162 2714; x_wconf 76' lang='lat' dir='ltr'>Zogrebiensis</span> <span class='ocrx_word' id='word_1_157' title='bbox 1172 2647 1194 2700; x_wconf 94' lang='lat'>1.</span> <span class='ocrx_word' id='word_1_158' title='bbox 1205 2648 1233 2700; x_wconf 82' lang='lat' dir='ltr'>k.</span> <span class='ocrx_word' id='word_1_159' title='bbox 1246 2651 1304 2701; x_wconf 82' lang='grc'>188.</span> <span class='ocrx_word' id='word_1_160' title='bbox 1317 2649 1349 2712; x_wconf 92' lang='lat' dir='ltr'>l.)</span> 
     </span>
    </p>
   </div>
   <div class='ocr_carea' id='block_1_4' title="bbox 761 2929 1026 2942">
    <p class='ocr_par' dir='ltr' id='par_1_6' title="bbox 761 2929 1026 2942">
     <span class='ocr_line' id='line_1_21' title="bbox 761 2929 1026 2942; baseline 0.011 -3"><span class='ocrx_word' id='word_1_161' title='bbox 761 2929 1026 2942; x_wconf 55' lang='lat' dir='ltr'>*nn-</span> 
     </span>
    </p>
   </div>
   <div class='ocr_carea' id='block_1_5' title="bbox 856 3459 930 3527">
    <p class='ocr_par' dir='ltr' id='par_1_7' title="bbox 856 3459 930 3527">
     <span class='ocr_line' id='line_1_22' title="bbox 856 3459 930 3527; baseline 0 -1"><span class='ocrx_word' id='word_1_162' title='bbox 856 3459 930 3527; x_wconf 77' lang='lat' dir='ltr'>lot.</span> 
     </span>
    </p>
   </div>
   <div class='ocr_carea' id='block_1_6' title="bbox 295 3651 1457 3944">
    <p class='ocr_par' dir='ltr' id='par_1_8' title="bbox 295 3651 1457 3944">
     <span class='ocr_line' id='line_1_23' title="bbox 328 3651 1457 3742; baseline 0.008 -24"><span class='ocrx_word' id='word_1_163' title='bbox 328 3651 351 3718; x_wconf 90' lang='lat' dir='ltr'><em>I</em></span> <span class='ocrx_word' id='word_1_164' title='bbox 355 3651 391 3718; x_wconf 88' lang='lat' dir='ltr'>V.</span> <span class='ocrx_word' id='word_1_165' title='bbox 408 3653 523 3721; x_wconf 68' lang='lat' dir='ltr'>Lento</span> <span class='ocrx_word' id='word_1_166' title='bbox 537 3657 717 3742; x_wconf 71' lang='lat' dir='ltr'>kirdtpnak</span> <span class='ocrx_word' id='word_1_167' title='bbox 733 3659 865 3726; x_wconf 70' lang='lat' dir='ltr'>ismetelt</span> <span class='ocrx_word' id='word_1_168' title='bbox 881 3661 1034 3726; x_wconf 66' lang='lat' dir='ltr'>rosselon</span> <span class='ocrx_word' id='word_1_169' title='bbox 1048 3661 1155 3728; x_wconf 81' lang='lat' dir='ltr'>Ja&#39;noe</span> <span class='ocrx_word' id='word_1_170' title='bbox 1171 3662 1352 3728; x_wconf 78' lang='lat' dir='ltr'>szlavonioo&#39;</span> <span class='ocrx_word' id='word_1_171' title='bbox 1379 3665 1457 3729; x_wconf 78' lang='lat' dir='ltr'>bdo-</span> 
     </span>
     <span class='ocr_line' id='line_1_24' title="bbox 328 3759 1457 3854; baseline 0.012 -32"><span class='ocrx_word' id='word_1_172' title='bbox 328 3759 393 3842; x_wconf 75' lang='grc' dir='ltr'><strong>Ιιοε,</strong></span> <span class='ocrx_word' id='word_1_173' title='bbox 409 3761 491 3848; x_wconf 75' lang='lat' dir='ltr'>hoyy</span> <span class='ocrx_word' id='word_1_174' title='bbox 512 3763 657 3829; x_wconf 81' lang='lat' dir='ltr'>Tornooo</span> <span class='ocrx_word' id='word_1_175' title='bbox 674 3766 828 3854; x_wconf 74' lang='lat' dir='ltr'>helysdpet</span> <span class='ocrx_word' id='word_1_176' title='bbox 846 3768 929 3852; x_wconf 80' lang='lat' dir='ltr'>ddja</span> <span class='ocrx_word' id='word_1_177' title='bbox 945 3769 1050 3835; x_wconf 78' lang='lat' dir='ltr'>oiseea</span> <span class='ocrx_word' id='word_1_178' title='bbox 1065 3769 1244 3835; x_wconf 75' lang='lat' dir='ltr'>oroosdnak</span> <span class='ocrx_word' id='word_1_179' title='bbox 1260 3765 1457 3836; x_wconf 64' lang='lat' dir='ltr'>(tollerent.</span> 
     </span>
     <span class='ocr_line' id='line_1_25' title="bbox 295 3867 934 3944; baseline 0.005 -7"><span class='ocrx_word' id='word_1_180' title='bbox 295 3867 300 3886; x_wconf 61' lang='lat'><strong>⁴</strong></span> <span class='ocrx_word' id='word_1_181' title='bbox 791 3871 795 3878; x_wconf 77' lang='grc'><strong>’</strong></span> <span class='ocrx_word' id='word_1_182' title='bbox 837 3877 934 3944; x_wconf 79' lang='grc'><strong><em>1277.</em></strong></span> 
     </span>
    </p>
   </div>
   <div class='ocr_carea' id='block_1_7' title="bbox 417 4063 1382 4141">
    <p class='ocr_par' dir='ltr' id='par_1_9' title="bbox 417 4063 1382 4141">
     <span class='ocr_line' id='line_1_26' title="bbox 417 4063 1382 4141; baseline 0.008 -28"><span class='ocrx_word' id='word_1_183' title='bbox 417 4063 579 4131; x_wconf 74' lang='grc' dir='ltr'><strong>(ΤΙτεΙεείετ,</strong></span> <span class='ocrx_word' id='word_1_184' title='bbox 597 4068 722 4120; x_wconf 78' lang='lat' dir='ltr'>Menum.</span> <span class='ocrx_word' id='word_1_185' title='bbox 741 4071 808 4122; x_wconf 79' lang='lat' dir='ltr'>hist.</span> <span class='ocrx_word' id='word_1_186' title='bbox 827 4071 920 4136; x_wconf 75' lang='lat' dir='ltr'>Epioe.</span> <span class='ocrx_word' id='word_1_187' title='bbox 939 4071 1136 4141; x_wconf 75' lang='lat' dir='ltr'>zagrsbiensis</span> <span class='ocrx_word' id='word_1_188' title='bbox 1153 4077 1176 4127; x_wconf 92' lang='lat'>1.</span> <span class='ocrx_word' id='word_1_189' title='bbox 1195 4075 1254 4126; x_wconf 76' lang='lat' dir='ltr'>kde</span> <span class='ocrx_word' id='word_1_190' title='bbox 1276 4077 1336 4122; x_wconf 82' lang='lat'>181.</span> <span class='ocrx_word' id='word_1_191' title='bbox 1348 4072 1382 4138; x_wconf 86' lang='lat' dir='ltr'>l.)</span> 
     </span>
    </p>
   </div>
   <div class='ocr_carea' id='block_1_8' title="bbox 0 0 1562 5154">
    <p class='ocr_par' dir='ltr' id='par_1_10' title="bbox 0 0 1562 5154">
     <span class='ocr_line' id='line_1_27' title="bbox 0 0 1562 5154; baseline 0 0"><span class='ocrx_word' id='word_1_192' title='bbox 0 0 1562 5154; x_wconf 95' lang='lat' dir='ltr'> </span> 
     </span>
    </p>
   </div>
  </div>
 </body>
</html>
