3148 5146
333 1145 360 1210 ·l
365 1143 398 1208 V.
414 1141 530 1208 Lanato
546 1139 731 1226 kirdlynok
763 1135 874 1204 Kavdl
906 1137 1066 1224 belpsepet
1098 1139 1254 1224 tdrppaad
1285 1138 1472 1226 adomctapo

508 1250 620 1316 Poura
634 1257 749 1314 mester
764 1245 937 1312 Patreaneb
944 1246 999 1329 fio
1014 1249 1172 1313 ommate.
1198 1240 1296 1312 1274.

445 1441 622 1511 Ladialaus
653 1439 716 1508 Dei
748 1440 866 1525 graoia
907 1438 1075 1523 Hungarie
1107 1439 1288 1526 Dalmaeis,
1321 1439 1469 1527 Groneia,

337 1555 450 1638 Reme,
476 1549 600 1638 Seruio,
631 1547 780 1636 Gallieie,
815 1547 1020 1636 Lodomerie,
1051 1547 1219 1632 Cumania,
1250 1546 1471 1634 Balgarieque

337 1661 408 1728 Rex
438 1655 587 1725 omnibns
618 1660 784 1741 presentes
800 1653 924 1722 litteras
945 1654 1142 1741 inspeeturis
1158 1655 1299 1724 salutern
1313 1654 1351 1721 in
1369 1655 1470 1722 omni·

338 1785 391 1832 um
407 1763 578 1832 saluators.
610 1764 671 1830 Pro
703 1761 826 1830 meritis
859 1761 1061 1830 subditorum
1091 1759 1193 1847 digno
1225 1781 1284 1830 nos
1316 1761 1471 1830 eonuenit

337 1871 612 1942 remuneracionis
642 1869 765 1957 premio
797 1867 1003 1955 respondere,
1036 1876 1072 1936 ut
1087 1867 1163 1936 dum
1196 1887 1305 1936 eorum
1333 1869 1469 1937 utilitati

339 1979 566 2066 prospicimus,
598 1975 674 2044 dum
706 1975 877 2044 commoda
907 1965 1132 2063 propinamus,
1163 1977 1252 2060 ipsos
1268 1977 1313 2044 ed
1343 1976 1468 2044 aleiora

338 2083 506 2154 fidelitatis
536 2083 647 2152 munia
671 2083 859 2152 deuoeionis
874 2084 1062 2152 inuitamus.
1082 2083 1225 2153 Proinde
1243 2083 1283 2150 ad
1303 2084 1469 2152 universo·

338 2183 409 2257 rum
424 2191 578 2258 notioiam
594 2197 662 2257 tam
676 2191 881 2277 presenoinm
900 2211 998 2274 quam
1026 2191 1205 2259 futurorum
1237 2191 1353 2258 baram
1387 2190 1469 2257 serie

335 2299 488 2366 nolumus
518 2296 712 2383 peruenire:
730 2295 818 2382 quod
849 2297 1005 2382 Magister
1034 2295 1143 2366 Pousa
1173 2297 1258 2364 filius
1289 2299 1407 2364 Petres
1425 2294 1468 2363 ad

331 2413 485 2474 nostram
500 2406 661 2474 secedens
676 2405 879 2492 presenciam
895 2425 916 2471 a
931 2411 1044 2474 nostra
1055 2404 1283 2475 munitioeneia
1300 2403 1467 2472 humiliter

337 2513 523 2600 postulauit,
556 2520 590 2582 vt
609 2511 771 2599 quandam
795 2520 916 2580 terram
947 2513 1079 2580 Andree
1110 2512 1168 2599 filij
1185 2512 1310 2580 Mikola
1329 2510 1401 2578 sine
1417 2508 1469 2577 be·

341 2619 419 2688 rede
450 2618 645 2708 decedentis,
674 2619 815 2688 Kaualu
846 2625 1009 2706 noestam,
1042 2637 1140 2704 quam
1172 2619 1259 2686 idern
1290 2617 1332 2687 de
1362 2617 1467 2702 Regni

336 2726 573 2794 consuetudine
597 2726 779 2813 approbata
794 2726 837 2792 ad
853 2731 982 2794 nostras
999 2746 1114 2794 manus
1130 2724 1261 2796 dieabat
1277 2745 1350 2796 esse
1366 2725 1466 2793 deuo·

339 2836 453 2916 lutam,
468 2835 534 2904 sibi
549 2835 695 2904 eonferre
708 2833 910 2918 benignitate
924 2834 1028 2920 Regia
1052 2833 1294 2920 dingnaremur.
1325 2833 1395 2900 Nos
1410 2832 1469 2900 ita·

339 2963 402 3028 qus
432 2942 637 3014 attendentes
669 2939 843 3012 fidelitates
859 2952 892 3012 et
908 2943 1120 3012 saruieiorum
1151 2942 1265 3012 merita
1280 2941 1384 3028 ipsius
1400 2940 1466 3009 Ma·

338 3049 433 3135 gistri
463 3053 581 3136 Pousa,
613 3069 676 3134 que
706 3047 793 3116 idem
824 3050 918 3118 nobis
950 3051 985 3118 in
1018 3050 1158 3118 diuersis
1201 3048 1466 3136 expedicionibus

338 3159 445 3242 Regni
475 3158 574 3225 nostri
605 3163 673 3224 tam
689 3157 810 3225 nostris
826 3178 923 3242 quam
949 3156 1116 3226 karissimi
1132 3156 1234 3244 patris
1250 3155 1353 3225 nostri
1368 3155 1468 3240 Regis

336 3265 497 3353 Stephani
513 3262 619 3332 felinis
635 3263 871 3332 reeordaeionis
903 3267 1103 3351 temporibus
1137 3264 1276 3333 fideliter
1305 3263 1468 3350 impendit

339 3379 371 3440 et
386 3371 513 3459 deuote,
544 3379 576 3438 et
594 3371 784 3458 speoialiter
816 3372 987 3458 sanguinis
1018 3373 1206 3442 effusionem
1238 3391 1298 3439 seu
1329 3377 1465 3438 mortem

338 3479 452 3547 fratris
476 3480 621 3550 eiusdem
653 3479 801 3562 Magistri
831 3481 951 3568 Pousa,
981 3478 1089 3548 Jadex
1119 3479 1306 3566 nunenpati,
1337 3477 1394 3562 qui
1409 3475 1468 3544 sub

340 3592 447 3655 eastra
470 3587 634 3655 Jauriensi
651 3590 764 3653 eontra
778 3585 1029 3656 Tertonieorum
1044 3588 1200 3656 insultum
1218 3585 1359 3656 uiriliter
1373 3585 1467 3652 dimi·

340 3693 444 3765 eando
459 3714 568 3763 eoram
583 3692 675 3762 nobis
692 3699 725 3760 et
740 3693 847 3777 Regni
864 3697 967 3764 nostri
982 3695 1145 3764 nobilibus
1175 3695 1283 3765 extitit
1314 3695 1467 3762 interem-

338 3807 425 3888 ptus,
442 3801 482 3875 in,
502 3801 689 3868 memoriam
708 3809 910 3888 resonantes,
927 3805 1089 3888 prefatam
1106 3811 1224 3871 terram
1236 3801 1379 3871 Kuwalu
1395 3821 1467 3869 oum

335 3911 488 3978 omnibus
508 3909 702 3978 utilitatibus
719 3915 752 3976 et
766 3909 977 3996 pertineneijs
1007 3909 1182 3998 uniuersis,
1215 3909 1278 3998 ipsi
1307 3910 1466 3994 Magistro

339 4018 456 4103 Pousa,
487 4020 519 4082 et
534 4034 594 4101 per
610 4034 684 4082 enm
715 4015 784 4084 suis
814 4016 989 4087 heredibus
1016 4017 1236 4103 heredumque
1250 4038 1383 4087 suornm
1399 4035 1468 4084 sue·

339 4123 522 4194 sessoribus
563 4121 722 4209 dedimus,
763 4123 956 4193 donauimus
987 4132 1020 4194 et
1049 4125 1256 4214 eontulimus,
1297 4131 1394 4211 prout
1425 4122 1468 4191 ad

339 4238 467 4301 nostras
498 4251 613 4298 manus
629 4231 669 4298 de
685 4231 792 4316 Regni
808 4233 1042 4302 eonsuetudine
1061 4233 1214 4302 deuolute
1231 4253 1304 4301 esse
1321 4233 1468 4318 dignora-

337 4339 423 4410 oitur
438 4338 508 4406 sine
524 4335 701 4422 preindioio
733 4339 812 4408 iuris
844 4339 945 4408 alieni
975 4347 1133 4428 perpetuo
1165 4339 1407 4428 possidendam.
1423 4337 1467 4406 Ut

339 4445 439 4528 igitur
468 4443 565 4513 buius
597 4452 706 4514 nostre
737 4445 925 4518 deuoeionis
958 4446 1044 4537 (igy)
1077 4451 1177 4520 series
1208 4451 1307 4518 robur
1322 4449 1468 4518 obtineat

340 4557 495 4638 perpetue
511 4551 683 4639 firmitatis,
701 4575 761 4625 nee
778 4575 932 4640 processu
965 4557 1117 4642 temporis
1145 4559 1257 4644 possit
1272 4583 1330 4648 por
1361 4577 1471 4645 quem-
