3148 5146
859 279 920 340 122

1566 360 1568 411 l

325 493 437 544 omnes
453 471 584 558 captivi,
600 472 655 554 qui
671 471 840 556 capientur
855 489 914 554 per
939 468 1103 554 predictas
1130 480 1240 557 partes
1256 473 1299 541 de
1323 477 1469 544 homini-

326 582 385 649 bus
401 577 583 646 Dalmaeiis
600 578 652 645 vel
668 575 912 645 coadiutoribns
934 577 1089 663 ipsorum,
1106 579 1300 663 perveniant
1315 582 1350 650 in
1366 582 1462 652 forci-

325 710 377 756 am
395 693 428 755 et
441 686 578 754 bailiam
594 683 698 772 ipsius
714 682 834 751 domini
850 683 960 770 Regis,
979 689 1012 750 et
1029 683 1168 769 deipsis
1192 687 1315 756 sacient
1345 695 1458 760 volun-

324 803 426 864 tatem
450 813 543 862 snam
570 795 622 858 vel
649 790 789 859 tenendo
806 789 896 876 ipsos
911 790 946 856 iu
962 811 1077 860 cauere
1092 793 1146 860 vel
1162 793 1276 862 ultimo
1292 797 1455 868 trahendo

326 901 496 990 supplicio.
528 901 568 966 nt
584 901 612 966 si
629 899 800 984 eontigerit
814 899 957 984 aliquem
976 919 1018 966 ex
1048 899 1203 985 predictis
1235 903 1376 990 captivis
1407 909 1454 976 ad

324 1010 578 1098 redemptionem
617 1007 693 1092 poni
724 1015 757 1076 et
786 1008 893 1092 ipsum
940 1005 1065 1094 redimi,
1112 1009 1199 1094 quod
1228 1010 1322 1099 illud,
1363 1014 1452 1096 qnod

324 1120 522 1206 reciperetur
537 1135 596 1203 pro
610 1113 829 1200 redemptione
844 1115 927 1202 ipsa,
945 1115 988 1182 sit
1002 1119 1104 1182 totum
1131 1115 1288 1184 dictarum
1317 1119 1455 1189 Univer-

325 1229 477 1310 ritatum;
502 1229 649 1292 teneatur
679 1229 788 1290 tamen
820 1221 927 1289 dictus
960 1221 1111 1290 dominns
1140 1225 1209 1292 Rex
1241 1225 1283 1294 de
1315 1231 1456 1314 captivis

252 1382 258 1388 -
325 1331 481 1420 predictis
497 1330 576 1400 dare
592 1330 676 1418 ipsis
705 1329 990 1414 Universitatibus,
1022 1330 1051 1398 si
1065 1331 1206 1415 aliquem
1237 1333 1291 1402 vel
1322 1335 1453 1418 aliquos

327 1441 400 1528 capi
434 1459 475 1508 ex
506 1437 587 1524 ipsis
618 1437 812 1522 contingerit
843 1437 993 1506 edictis
1024 1437 1235 1506 Dalmasibns
1270 1444 1455 1510 excambiat

325 1547 582 1636 prominentibus.
598 1545 680 1612 Item
711 1545 797 1628 quod
828 1543 1033 1612 ordinabitur
1063 1565 1123 1630 per
1136 1545 1305 1616 dominum
1330 1551 1451 1634 Regem

326 1654 506 1742 predictum
523 1673 606 1720 nnus
623 1653 831 1738 capitaneus,
848 1653 904 1738 qui
920 1654 1023 1739 presit
1040 1651 1134 1722 dictis
1150 1656 1263 1739 galeis,
1280 1664 1313 1725 et
1329 1678 1452 1746 omnes,

326 1765 381 1852 qui
398 1767 492 1831 erunt
508 1761 541 1826 in
559 1758 654 1827 dictis
670 1759 782 1846 galeis,
800 1759 952 1826 obedient
966 1761 1032 1846 ipsi
1049 1760 1243 1848 0apitaneo;
1258 1761 1320 1850 (et)
1336 1767 1409 1848 erit,
1424 1773 1455 1832 et

325 1872 499 1941 mutabitur
515 1875 547 1936 et
578 1869 655 1936 aliis
671 1867 901 1952 subrogabitur
919 1867 962 1936 ad
991 1869 1190 1937 voluntatem
1207 1871 1313 1956 ipsine
1330 1872 1452 1940 domini

324 1981 432 2066 Regis.
449 1980 530 2045 ltem
546 1976 632 2062 qnod
647 1975 676 2044 si
691 1975 793 2058 aliqui
809 1995 849 2042 ex
865 1975 1075 2044 Dalmasibns
1092 1977 1196 2046 velint
1211 1979 1324 2046 venire
1340 1987 1455 2065 sponte
1569 2015 1570 2068 1

325 2089 369 2156 ad
385 2085 534 2156 habitare
549 2103 622 2152 enm
652 2082 780 2152 familia
795 2103 855 2151 sua
865 2083 908 2150 ad
925 2093 1028 2152 terras
1055 2085 1312 2154 Universitatum
1329 2088 1455 2172 predio·

325 2203 440 2280 tarum,
472 2193 620 2258 homines
651 2189 794 2274 ipsarum
820 2191 1076 2260 Universitatum
1113 2193 1238 2278 possint
1263 2196 1357 2280 ipsos
1374 2196 1456 2262 reei-

328 2323 415 2390 pere,
446 2299 620 2368 dnmmodo
654 2319 720 2366 non
750 2299 815 2366 sint
845 2307 959 2368 contra
989 2301 1189 2369 voluntatem
1216 2300 1340 2370 domini
1355 2305 1466 2388 Regis·

326 2409 503 2496 Hungarie,
521 2411 651 2492 recepta
666 2413 773 2474 tamen
789 2407 879 2492 prius
910 2408 953 2474 ab
986 2407 1033 2474 eis
1064 2407 1183 2477 idonea
1214 2417 1247 2478 et
1278 2409 1462 2478 sufficienti

327 2517 467 2604 cantela,
497 2515 582 2599 qnod
614 2533 679 2580 non
711 2513 875 2581 offendent
907 2515 1075 2584 dominnm
1106 2517 1228 2600 Regem
1261 2517 1376 2586 Sicilie
1402 2518 1460 2586 vel

301 2672 303 2676 -
326 2633 455 2712 gentem
472 2641 575 2705 suam,
592 2628 624 2690 et
656 2619 743 2704 quod
773 2619 897 2689 facient
928 2642 1079 2708 guerram
1111 2624 1207 2692 dietis
1229 2625 1460 2713 Dalmasibns,

327 2736 374 2800 ita
389 2739 507 2816 tamen,
524 2727 609 2814 qnod
626 2729 729 2814 siper
748 2726 863 2814 dictos,
880 2729 935 2813 qui
945 2732 1112 2798 venissent
1127 2729 1171 2798 ad
1185 2732 1403 2799 habitandum
1415 2733 1464 2801 ad

325 2841 431 2908 dictas
447 2845 560 2925 terras,
577 2835 707 2918 aliquod
723 2835 875 2902 damnum
892 2837 1024 2905 daretur
1040 2839 1101 2924 ipsi
1134 2837 1265 2907 domino
1298 2841 1384 2925 Regi
1400 2846 1467 2910 vel·

326 2950 415 3035 genti
446 2967 515 3032 sue,
547 2965 604 3013 sen
636 2942 743 3027 alicui,
759 2943 801 3010 sit
832 2963 891 3028 per
906 2947 1041 3032 piratas,
1057 2945 1143 3013 dicte
1158 2946 1399 3016 Univereitates
1416 2951 1462 3016 de

325 3056 413 3123 dicto
429 3054 547 3120 damno
564 3059 735 3119 teneantur
752 3050 840 3119 dicto
857 3051 1006 3121 dominos
1021 3051 1121 3138 Regi;
1139 3052 1307 3137 hocpaeto
1323 3075 1463 3140 expres·

326 3185 363 3232 so
379 3165 463 3230 inter
493 3159 657 3246 prediatus
687 3164 807 3244 partes,
834 3158 920 3242 quod
937 3160 1023 3228 dicte
1039 3161 1282 3230 Universitntes
1299 3163 1342 3230 de
1358 3165 1467 3235 dietis

326 3273 431 3359 pactis
447 3290 512 3339 non
528 3273 710 3352 teneantur,
724 3265 752 3332 si
768 3266 914 3352 predicta
929 3269 1061 3337 domino
1077 3271 1158 3354 Regi
1190 3271 1361 3356 Hungarie
1393 3275 1469 3342 dis-
1568 3319 1569 3362 3

327 3381 501 3466 plioerent;
525 3382 557 3445 et
572 3396 668 3462 qnam
686 3376 751 3443 cito
768 3395 826 3459 per
842 3374 948 3460 ipsum
964 3377 1128 3444 dominnm
1145 3379 1267 3464 Regem
1283 3379 1467 3466 Hungarie
1568 3443 1569 3454 ,

329 3487 480 3572 predictis
497 3483 774 3553 Universitatibus
790 3483 980 3566 constiterit,
1008 3485 1095 3570 qnod
1112 3489 1141 3554 ei
1166 3487 1324 3572 predicta
1341 3488 1469 3577 displi-
1568 3515 1569 3575 l

333 3599 438 3679 ceant,
478 3599 650 3661 teneantur
692 3589 839 3674 predicto
881 3589 1009 3660 domino
1040 3593 1122 3679 Regi
1154 3593 1266 3661 Sicilie
1298 3593 1468 3668 distincte

329 3709 423 3786 prout
447 3701 488 3768 ab
521 3699 634 3769 eodem
652 3697 783 3767 domino
799 3699 888 3784 Rege
903 3699 1071 3786 Hungarie
1088 3701 1318 3787 presenserint,
1332 3723 1467 3774 renun-

327 3809 424 3876 ciare.
451 3809 490 3874 lit
506 3827 547 3874 ex
562 3812 639 3873 tune
664 3805 769 3873 dictus
795 3805 943 3874 dominns
959 3808 1029 3874 Rex
1045 3807 1157 3876 Sicilie
1173 3807 1268 3875 dictis
1288 3808 1470 3882 Universi-

327 3917 447 3984 tatibnr
465 3915 505 3982 dc
521 3913 679 3999 predictis
695 3913 728 3979 in
746 3913 846 3981 nihilo
862 3915 904 3984 sit
928 3915 1114 4002 adstrictus,
1147 3916 1206 3984 sed
1237 3918 1308 4002 ipso
1325 3919 1403 3985 inre
1423 3923 1477 3990 sit

325 4025 366 4091 ab
398 4023 546 4090 omnibns
577 4019 732 4107 predictis
763 4023 1019 4108 obligationibus
1049 4023 1223 4109 liberatus,
1257 4031 1290 4090 et
1305 4025 1477 4108 predicte

325 4131 560 4200 Universitates
591 4129 625 4195 in
658 4130 836 4197 continenti
866 4131 909 4197 ad
942 4131 1184 4216 requisitionem
1218 4131 1296 4198 dieti
1327 4131 1476 4209 domini

324 4241 423 4324 Regis
455 4237 618 4324 predictas
648 4237 762 4320 galeas
779 4237 826 4304 eis
841 4239 1138 4308 accommodandas
1158 4237 1264 4308 cidem
1281 4240 1481 4316 restituere

325 4351 506 4416 teneantur.
524 4345 593 4424 Que
610 4345 720 4412 omnia
736 4350 768 4412 et
786 4345 917 4430 singula
947 4347 1087 4435 predicti
1117 4345 1235 4415 sindici
1268 4347 1411 4417 nomine
1432 4375 1484 4423 ao

324 4456 394 4522 vice
425 4453 584 4520 dictarum
616 4450 871 4521 Universitatnm
903 4456 1121 4540 promiserunt
1136 4451 1275 4523 solemni
1290 4453 1482 4540 stipulati.
1567 4491 1568 4546 3

324 4580 386 4625 one
415 4561 647 4627 interveniente
679 4561 766 4627 dieto
798 4561 930 4630 domino
958 4565 1047 4649 Rege
1077 4561 1190 4630 Sicilie
1222 4558 1409 4630 attendere
1442 4579 1486 4639 et
1567 4557 1568 4618 l
