3096 5160
849 951 926 1022 415.

319 1153 449 1239 Mitclp
465 1154 755 1240 ulor·szcipba'r6aak
766 1155 936 1240 paramese
961 1177 982 1216 a
1014 1154 1189 1242 oeszpre'mi
1220 1153 1452 1241 lcdptalaaltoa,

321 1263 403 1348 bopy
419 1260 567 1348 bizonyos
586 1285 682 1348 peres
705 1262 830 1350 oppres
862 1263 954 1327 elbttc
984 1284 1024 1326 uz
1056 1263 1219 1346 alperesele
1251 1263 1454 1348 estadjazet,

775 1372 874 1438 1290.
890 1371 995 1436 torol.

433 1566 519 1635 Viris
558 1567 707 1635 discretis
749 1566 899 1654 Capitale
932 1567 1081 1636 Ecclesia
1111 1565 1380 1653 wesprimiensis
1413 1570 1454 1636 M.

322 1673 502 1743 Vioeiudex
518 1675 593 1742 aule
607 1675 709 1761 Regis
726 1675 969 1743 inelinacionem
988 1681 1020 1742 et
1044 1674 1275 1744 renerenoiam.
1316 1675 1453 1761 Signifi-

320 1805 430 1854 camus
446 1791 554 1852 uestra
571 1781 795 1872 Vniuersitati,
826 1780 911 1869 quod
936 1782 1075 1850 Michael
1091 1783 1246 1868 Magister
1261 1783 1381 1850 citarat
1408 1781 1456 1849 ad

319 1904 461 1964 nostram
479 1891 681 1978 presenciam
698 1891 815 1960 fratres
831 1913 906 1964 suos
923 1891 1010 1960 Acus
1027 1899 1058 1958 et
1074 1891 1271 1978 Dionisium,
1283 1899 1315 1958 et
1330 1891 1456 1959 obicie-

320 2006 378 2072 bat
393 2003 502 2070 taliter
518 2009 631 2070 centra
647 2003 791 2086 eosdem,
809 2001 895 2087 quod
910 2006 1024 2090 terras,
1043 2022 1124 2086 quas
1134 2005 1227 2086 pater
1242 2000 1384 2086 ipsorum
1404 2001 1456 2068 eis

320 2111 506 2196 reliquerat,
535 2109 711 2179 diuidendo
728 2113 792 2197 ipsi
809 2110 1143 2198 recompensacionem
1159 2109 1311 2177 fecissent
1327 2110 1362 2176 in
1379 2130 1457 2196 eys-

321 2219 396 2285 dem
412 2220 519 2304 terris,
535 2218 583 2284 ita
599 2219 683 2302 quod
700 2227 820 2286 terram
836 2219 977 2285 Zemeua
993 2239 1067 2286 cum
1085 2217 1297 2304 pertinencijs
1312 2218 1358 2285 ad
1375 2237 1452 2283 ean-

321 2326 395 2392 dem
412 2323 563 2393 Miebaeli
588 2325 744 2410 Magistro
760 2325 946 2411 dedissent;
972 2331 1005 2392 et
1020 2325 1158 2393 Miehael
1175 2326 1334 2411 Magister
1365 2324 1458 2392 diee-

320 2437 387 2521 bat,
411 2431 499 2514 qnod
515 2440 636 2499 terram
652 2433 813 2520 Wcrcbap
831 2441 863 2500 et
878 2431 989 2500 villam
1006 2432 1145 2499 Herbort
1175 2433 1377 2518 pertinentes
1409 2433 1457 2499 ad

320 2541 495 2606 Zamenam
512 2540 553 2605 ab
571 2561 609 2607 ao
625 2543 833 2627 recepissent.
873 2539 993 2606 cono-a
1018 2558 1111 2623 quem
1129 2541 1216 2606 Acus
1232 2548 1266 2607 et
1280 2539 1458 2608 Dionisins

322 2647 482 2732 dicebant,
514 2648 599 2732 quod
629 2649 688 2716 illa
705 2647 824 2715 diuisio
841 2646 955 2715 fuisset
972 2648 1019 2714 eis
1035 2647 1193 2714 uiolenter
1209 2649 1300 2716 facta
1317 2657 1350 2715 et
1382 2669 1456 2716 non

321 2761 414 2843 inste,
441 2763 551 2824 tamen
584 2755 747 2846 dicebant,
781 2755 865 2840 quod
897 2755 987 2822 illam
1019 2753 1210 2824 diuisionem
1243 2755 1460 2827 sustinerent.

321 2865 462 2934 Michael
479 2884 557 2932 vero
573 2864 731 2950 Magister
746 2864 864 2932 litteris
896 2863 1169 2932 testimonialibus
1202 2862 1361 2952 Capituli,
1390 2867 1460 2933 Ro-

320 2975 404 3040 berti
421 2981 453 3041 ct
468 2973 667 3041 Bartolomei
683 2973 915 3061 Episcoporum
946 2972 1257 3058 Wesprimiensium,
1288 2993 1351 3040 nec
1384 2997 1459 3042 non

319 3081 434 3150 litteris
450 3080 764 3166 consanguineorum
784 3081 955 3148 eorundem
972 3085 1058 3148 Acus
1075 3085 1107 3148 et
1124 3081 1264 3164 Dionisij
1282 3082 1463 3151 satiacum-

320 3191 473 3258 decenter
488 3191 719 3276 comprobauit,
753 3189 843 3256 illum
861 3190 1053 3258 diuisionem
1068 3189 1217 3276 partibus
1243 3192 1468 3260 consencien-

320 3299 406 3365 tibus
422 3301 558 3366 interse
575 3298 731 3366 extitisse.
770 3297 865 3364 Vnde
881 3319 939 3365 nos
955 3297 1063 3365 taliter
1096 3298 1330 3382 intelleximus,
1365 3303 1468 3385 quod

320 3405 362 3472 de
379 3407 525 3492 cognatis
535 3405 704 3474 Michaelis
714 3405 862 3492 Magistri
873 3405 1039 3472 Arnoldus
1051 3405 1176 3492 Comes,
1193 3405 1470 3499 HoboltGomeS,

320 3511 404 3581 Eled
420 3511 543 3598 (lomes,
575 3521 607 3578 et
623 3512 759 3579 Michacl
777 3513 935 3600 Magister
962 3515 1096 3600 ipsimet
1120 3511 1153 3578 in
1180 3515 1314 3612 octabis⁸
1337 3512 1473 3585 Sancti

320 3621 451 3688 Martini
467 3628 651 3708 prestarent
667 3629 907 3689 sacramentum
925 3642 1033 3690 eoram
1050 3620 1143 3692 vobis
1159 3641 1257 3706 super
1273 3621 1345 3710 hoc,
1361 3628 1474 3708 quod

320 3728 477 3812 Magister
493 3728 633 3796 Michael
647 3736 769 3796 rectam
788 3737 820 3796 et
835 3731 964 3815 planam
981 3731 1115 3798 fecisset
1131 3727 1326 3797 diuisionem
1343 3729 1477 3802 tratri-

320 3837 475 3923 busseris,
500 3837 624 3906 scilicet
639 3841 727 3906 Acus
743 3845 775 3907 et
790 3839 946 3906 Dionisio.
970 3838 1180 3906 Sicut-eciam
1215 3857 1321 3904 coram
1357 3843 1477 3912 robis

319 3948 436 4032 agitur,
469 3946 502 4011 in
519 3940 635 4014 vestris
651 3947 769 4016 litteris
786 3949 880 4014 nobis
896 3950 1103 4016 remandetis.
1143 3947 1325 4015 Pristaldus
1352 3948 1475 4022 huius

321 4055 369 4122 rei
384 4056 512 4123 Matias.

425 4165 586 4231 Klvttl:
612 4167 734 4234 Contra
749 4166 942 4233 Michaelem
960 4163 1148 4252 Magistrum
1174 4166 1306 4242 fratrem
1339 4167 1487 4244 Buzad

320 4271 412 4356 Bani,
427 4271 513 4339 Acus
530 4278 563 4339 et
579 4273 747 4342 Dionisins
766 4311 809 4321 -
828 4312 867 4324 -
886 4313 929 4325 ·-
950 4313 993 4325 —-

322 4435 463 4498 (Eredetia
476 4437 661 4503 berhartyan,
692 4454 709 4489 a
728 4439 875 4505 asirpeeset
906 4443 1058 4510 elveszett;
1090 4460 1108 4496 a
1134 4441 1221 4494 budai
1239 4443 1294 4494 kir.
1324 4443 1495 4506 Reman-ai

785 4532 982 4602 lerelttrban.)

747 4705 1014 4726 mun-*bun
