3068 5150
882 1026 956 1094 ele

354 1228 415 1296 11⁷.
431 1227 547 1296 Laeuo
562 1227 745 1314 ttrclynal
760 1225 870 1315 Gor-lp
893 1230 990 1294 corut
1007 1227 1170 1314 tetcppozo
1185 1227 1366 1316 cdmndayo
1383 1227 1464 1294 Peter

636 1337 818 1402 samoocioi
833 1333 897 1402 leo
913 1340 1073 1403 szdmctro.
1099 1335 1199 1404 1283.

459 1531 664 1624 (modulans
693 1534 755 1602 Dei
781 1535 893 1620 grecia
923 1533 1099 1622 Hnugerie,
1119 1535 1299 1622 Dalmaoie,
1328 1535 1459 1620 (lroaeie,

351 1645 461 1730 Rome,
491 1641 615 1727 Seruio,
645 1640 795 1720 (tellicio,
829 1639 1029 1730 Lodomerie,
1060 1641 1216 1710 Oumauie
1256 1644 1460 1730 Belgarieque

353 1753 422 1820 Rex
450 1749 597 1818 omnibns
614 1749 730 1818 Christi
750 1749 900 1818 fidelibus
916 1757 1097 1837 presentem
1114 1753 1271 1838 paginam
1287 1752 1463 1841 inspecturis

353 1861 492 1930 salutem
508 1857 543 1924 in
560 1857 704 1926 omnium
720 1857 898 1926 saluatore.
924 1859 1060 1944 Regalis
1092 1860 1300 1930 llxeelleucio
1330 1862 1364 1930 in
1378 1900 1418 1914 -
1431 1899 1467 1912 -

355 2001 757 2018 -------
787 1965 961 2054 prospicua
992 1985 1031 2034 eo
1062 1965 1097 2034 in
1113 1985 1149 2035 se
1168 1969 1283 2054 psoius
1307 1969 1417 2056 recipit
1430 1971 1468 2036 in·

356 2083 565 2160 crementum,
581 2095 645 2160 quo
663 2072 807 2142 fidelium
839 2073 957 2142 merita
987 2071 1220 2161 condignarum
1250 2079 1469 2147 remuneracio

355 2205 433 2254 num
463 2181 572 2270 presid
607 2215 953 2234 ------
973 2231 981 2248 .
1015 2181 1155 2250 Proinde
1185 2183 1230 2252 ad
1260 2185 1469 2254 vniuersomn

355 2292 509 2362 noticiam
528 2299 641 2361 tenore
666 2293 870 2376 presencium
901 2293 1050 2360 volumus
1082 2291 1278 2378 peruenire:
1295 2293 1382 2378 quod
1410 2313 1470 2361 eum

355 2402 471 2470 Petrus
501 2399 611 2468 Banna
642 2401 745 2468 tocius
775 2399 949 2470 Solonenie
966 2399 1051 2468 filius
1068 2399 1200 2468 Comitis
1217 2399 1385 2470 Benedicti
1400 2401 1470 2492 (lla-

358 2509 451 2596 gistri
475 2505 723 2596 Piucer)narum
755 2508 868 2578 dilecti
899 2545 1467 2562 ----------
1525 2501 1526 2580 i

358 2653 396 2670 ·-
416 2617 639 2686 adolescencie
670 2637 729 2687 sne
744 2617 943 2704 temporibus
959 2651 1469 2672 ---------
1524 2627 1525 2687 l

356 2727 524 2815 Stephano
541 2727 625 2814 patri
641 2733 756 2795 nostro
773 2726 968 2815 karissimis,
990 2726 1191 2796 felicissimis
1222 2725 1369 2814 Regibus
1396 2725 1470 2794 ilun-
1523 2739 1524 2797 l

356 2839 446 2925 gorio
462 2837 648 2911 inclitarum
665 2835 939 2922 reeordacionum,
957 2843 990 2904 et
1005 2837 1098 2905 nobis
1114 2837 1241 2907 demum
1261 2873 1301 2886 -
1324 2876 1360 2888 -
1382 2875 1418 2888 -
1434 2870 1467 2884 —
1522 2859 1523 2907 l

356 2979 938 2998 ----------
970 2943 1090 3014 deuota
1120 2945 1268 3014 filclitc·
1323 2983 1362 2996 -
1380 2981 1419 2994 -
1434 2981 1468 2996 ·-
1521 2961 1522 3017 l

356 3089 818 3110 --------
848 3054 900 3122 sui
932 3052 1200 3140 multiplicitatem
1232 3061 1395 3140 nequeunt
1421 3069 1468 3137 per
1520 3077 1521 3125 l

356 3163 561 3249 singulaene
578 3162 673 3231 modo
690 3161 855 3247 enarrari;
880 3161 1146 3248 quedamtomen
1163 3162 1203 3231 de
1222 3163 1328 3248 goelis
1356 3162 1421 3230 eius
1437 3195 1467 3208 ·-
1519 3187 1520 3235 l

357 3307 759 3322 -------
775 3271 978 3357 presencium
999 3276 1031 3340 et
1057 3271 1244 3340 memoriam
1262 3307 1307 3320 -
1323 3307 1367 3320 -
1386 3307 1418 3319 -
1439 3307 1469 3317 -
1518 3303 1519 3345 l

357 3415 400 3430 —
416 3415 460 3430 -
477 3415 520 3430 -
535 3379 654 3449 notari.
676 3379 817 3446 Primum
835 3399 906 3448 cum
942 3377 1081 3464 quedam
1123 3379 1238 3449 ciuitas
1264 3385 1377 3449 nostro
1404 3378 1471 3462 'lyr-
1517 3413 1518 3455 r

356 3490 472 3565 nensis
497 3489 589 3558 nobis
621 3488 654 3555 in
669 3495 757 3558 etate
787 3495 900 3555 tenera
925 3485 1109 3556 constitutis
1124 3505 1161 3555 se
1178 3507 1200 3554 a
1215 3495 1326 3555 nostro
1342 3485 1470 3554 semicio
1516 3481 1517 3563 l

356 3598 533 3685 retrahere,
550 3605 582 3666 et
597 3598 679 3682 Regi
696 3595 861 3682 Bohemie,
893 3603 1002 3666 nostro
1019 3601 1052 3666 et
1082 3596 1187 3681 Regni
1217 3579 1321 3664 nostri
1352 3595 1472 3662 inimico
1515 3615 1516 3673 l

358 3739 938 3760 ----------
972 3704 1211 3793 potencialiter,
1236 3703 1280 3772 ad
1297 3723 1476 3792 recuperan-
1514 3721 1515 3783 l

362 3819 437 3887 dam
455 3817 576 3886 dictam
592 3817 758 3884 ciuitatem
775 3821 930 3903 nostram,
946 3834 1011 3884 vna
1026 3835 1097 3883 cum
1129 3814 1324 3900 quibusdam
1356 3811 1477 3880 Batoni-
1513 3817 1514 3891 l

361 3929 422 3995 bus
455 3933 487 3995 et
502 3925 607 4010 Regni
639 3925 739 3991 nostri
766 3923 932 3992 nobilibus
964 3921 1236 4008 accessissemus,
1261 3920 1348 3988 idem
1373 3919 1478 3986 Petrus
1512 3905 1513 3916 ³

360 4036 470 4104 Bonus
485 4033 519 4101 iu
539 4033 786 4120 expugnecione
817 4032 962 4100 eiusdem
994 4065 1400 4081 -------
1415 4028 1479 4095 dun

358 4143 494 4212 viriliter
525 4139 704 4229 dimicaret,
736 4141 800 4208 (luo
816 4140 930 4236 dentes
947 4139 1049 4227 ipsius
1066 4161 1125 4227 per
1141 4139 1350 4207 emissionem
1368 4136 1477 4224 sagitte

357 4251 498 4321 adnerse
513 4251 615 4337 partis
630 4255 706 4318 sunt
723 4251 836 4318 euulsi.
853 4249 933 4318 item
950 4269 1023 4320 eum
1040 4247 1237 4316 Joachinum
1252 4253 1330 4314 tunc
1362 4246 1477 4313 Bonum

359 4359 463 4428 locius
493 4356 666 4426 Solanonie
697 4355 817 4426 fidelen
849 4363 1004 4442 nostrum,
1038 4363 1070 4424 et
1085 4357 1191 4443 ipsum
1216 4355 1349 4424 Petrum
1366 4355 1480 4424 Bannn

360 4485 426 4534 rna
441 4485 513 4535 eum
530 4466 642 4534 codem
659 4467 704 4534 ad
721 4465 917 4536 coercendas
933 4486 991 4535 sen
1023 4461 1277 4552 compescendas
1308 4464 1496 4531 ferocitates

361 4572 512 4644 Oroatioe
542 4575 659 4661 gentis,
693 4577 748 4661 qui
765 4578 852 4644 elata
868 4575 1089 4644 obstinacione
1115 4579 1229 4642 contra
1245 4571 1366 4640 Nostro
1380 4573 1481 4641 Maies-

361 4681 439 4748 tatis
455 4682 583 4750 culmen
600 4703 672 4750 oum
690 4683 883 4769 quibusdam
912 4709 1482 4736 ----------
1495 4727 1496 4734 κ
