3112 5154
794 117 1017 264 Α..

313 357 432 416 terram
464 347 625 436 Episcopo
657 355 689 417 et
719 350 867 418 Ecclesia
898 349 1113 436 Zagrabiensi
1145 349 1333 437 prescripte,
1377 351 1441 418 sub

310 455 495 525 testimonio
511 458 512 462 ’
526 457 727 543 Preceptoris
743 456 855 526 Sancti
870 458 1003 525 Martini
1018 478 1120 544 prope
1136 457 1333 542 Zagrabiam
1351 455 1441 524 dire-

310 563 450 632 xerimus
465 564 657 649 Magistrum
678 565 860 651 Martinam,
876 567 950 635 aule
966 573 1076 634 nostre
1101 565 1269 633 notarium.
1300 567 1441 632 Demum

310 669 396 738 sicut
426 671 498 758 ipso
531 671 686 757 Magistro
718 673 858 740 Martino
879 673 974 742 nobie
990 673 1112 742 costitit
1127 673 1302 758 referente,
1317 678 1442 740 terram

310 777 389 844 Wlk
416 779 587 848 memorati
601 779 787 850 convocatis
811 779 1043 849 commetaneis
1059 787 1091 848 et
1106 779 1233 866 vicinis,
1252 786 1284 847 et
1314 780 1441 846 eisdem

310 885 443 954 minime
470 886 778 976 contradicentibus,
796 909 906 956 coram
923 887 1053 956 homine
1070 884 1221 955 Joachini
1236 887 1319 954 Boni
1335 887 1442 954 tocius

310 991 495 1082 Solanonie,
512 1013 606 1078 quem
623 993 666 1062 ad
683 995 745 1062 hoc
761 996 946 1080 specialiter
966 993 1150 1080 deputarat,
1182 995 1274 1062 iuxta
1304 994 1441 1063 formam

309 1100 411 1168 nostri
441 1101 589 1170 mandati
620 1103 727 1170 eidem
758 1103 919 1190 Episcopo
938 1101 1155 1188 Zagrobiensi
1170 1110 1203 1171 et
1218 1103 1365 1172 Ecclesie
1381 1125 1444 1172 sce

309 1208 489 1294 prescripte
503 1211 563 1277 sub
579 1210 763 1279 testimonio
779 1211 892 1280 fratris
908 1209 1110 1300 Bennenind,
1142 1211 1344 1298 Preccptoris
1374 1211 1441 1280 Do·

310 1337 382 1384 mus
412 1315 541 1400 Templi
557 1315 599 1384 de
614 1315 736 1386 Sancto
757 1317 899 1386 Martino
915 1316 1105 1406 supradicti,
1123 1325 1220 1402 prout
1236 1337 1295 1404 per
1309 1320 1443 1388 litteras

312 1423 456 1492 eiusdem
472 1425 566 1492 nobis
582 1424 728 1492 constitit
743 1425 922 1510 evidenter,
939 1423 1085 1511 tradidit,
1112 1427 1224 1493 statuit
1240 1433 1273 1492 et
1288 1424 1442 1510 assigna·

310 1531 357 1598 vit
373 1530 564 1598 auctoritate
596 1539 707 1600 nostra
723 1533 958 1618 perpetualiter
974 1532 1218 1620 possidendam,
1234 1531 1442 1600 introducen-

311 1641 353 1708 do
368 1639 402 1706 in
419 1641 619 1726 corporalem
636 1641 875 1726 possessionem
892 1640 992 1726 ipsius
1009 1647 1093 1708 terre
1108 1639 1180 1708 loco
1206 1639 1309 1727 ipsius
1341 1640 1441 1725 Epis-

314 1749 388 1834 copi
404 1756 436 1814 et
452 1747 593 1834 Capituli
610 1746 661 1815 aui
678 1747 852 1834 Magistros
872 1747 1023 1814 videlicet
1038 1747 1252 1831 Maniredum,
1269 1747 1443 1815 Archidia·

311 1877 428 1926 conum
461 1856 502 1922 de
533 1853 689 1944 Gverche,
723 1857 925 1924 Dominicum
961 1857 1136 1939 Deoaoum,
1175 1843 1374 1942 Stephanum
1409 1865 1445 1924 et

312 1962 503 2048 Gregorinm
535 1963 714 2030 canonicos
746 1963 894 2030 Ecclesia
918 1962 1158 2048 Zagrabiensis,
1175 1963 1266 2028 datos
1289 1982 1444 2048 procura·

309 2082 396 2140 tores
411 2091 470 2157 per
485 2071 590 2155 ipsum
607 2070 802 2157 Episcopum
819 2079 851 2139 et
880 2069 1064 2156 Capitulum
1082 2070 1124 2137 ad
1156 2069 1217 2136 hoc
1248 2071 1439 2155 specialiter

310 2179 492 2265 deputatos.
524 2174 624 2243 Ocius
656 2178 785 2260 quidem
809 2187 893 2247 terre
909 2177 1037 2246 termini
1060 2197 1119 2246 sen
1137 2185 1229 2261 mete,
1244 2176 1328 2244 sicut
1343 2181 1442 2247 nobis

309 2283 396 2353 idem
412 2283 585 2369 Preceptor
601 2285 724 2352 Domus
740 2286 851 2354 Sancti
867 2286 995 2354 Martini
1011 2305 1068 2372 per
1084 2305 1159 2353 suas
1177 2285 1305 2354 litteras
1336 2285 1440 2372 signi·

312 2393 431 2480 docvit,
463 2397 496 2456 et
527 2396 622 2476 prout
638 2389 742 2458 eciam
759 2392 973 2462 intelleximus
993 2391 1106 2462 eodem
1122 2393 1279 2478 Magistro
1295 2393 1441 2462 Martino

311 2501 480 2584 referente,
496 2497 558 2564 hoc
577 2497 688 2565 ordine
704 2497 925 2588 distinguntur
941 2526 948 2568 :
965 2501 1073 2567 Prima
1100 2507 1187 2567 meta
1217 2499 1331 2586 incipit
1346 2521 1367 2566 a
1381 2501 1443 2570 tin·

311 2608 365 2676 vio
395 2607 513 2692 Oasna,
537 2611 569 2673 et
584 2607 788 2691 progreditur
819 2609 941 2677 directe
972 2608 1006 2674 in
1023 2607 1164 2692 quadam
1184 2609 1311 2676 fossata
1325 2628 1444 2676 versus

309 2715 477 2800 orientem,
494 2719 526 2781 et
542 2713 726 2798 pervenitur
742 2714 784 2781 ad
800 2715 965 2800 quandam
983 2717 1133 2783 arborem
1149 2714 1240 2782 nucis
1256 2714 1442 2800 antiquam,

310 2823 352 2892 de
366 2841 432 2908 qua
461 2821 675 2908 progrediens
707 2821 856 2890 ascendit
886 2822 920 2890 in
939 2823 1090 2891 verticem
1109 2822 1228 2890 montis
1244 2828 1277 2889 et
1291 2823 1444 2907 pervenit

311 2930 355 2998 ad
369 2929 536 3014 quandam
552 2929 651 3016 niam,
668 2949 731 3014 qne
748 2935 797 2998 est
812 2929 845 2996 in
862 2931 1030 2998 cacumine
1055 2931 1184 3016 montis,
1216 2929 1310 2998 iuxta
1342 2950 1443 3013 qnam

312 3044 419 3106 erecte
434 3043 509 3104 sunt
523 3036 586 3104 dne
597 3043 684 3102 mete
699 3037 887 3124 angulares,
905 3037 1122 3122 relinquentes
1134 3037 1302 3105 ameridie
1317 3044 1442 3104 terram

311 3143 451 3232 Capituli
468 3143 702 3229 Zagrabiensis
717 3143 867 3212 similiter
884 3145 992 3213 Casca
1008 3151 1168 3231 vocatam,
1178 3167 1199 3212 a
1210 3142 1346 3212 meridie
1362 3164 1444 3212 nero

311 3251 544 3336 distinguentes
560 3259 678 3318 terram
694 3249 887 3337 Wydchich,
900 3251 958 3320 lilii
976 3251 1116 3336 Martini,
1129 3251 1317 3337 jobagionis
1333 3251 1446 3317 Oastri

311 3359 570 3445 Zagrabiensis3
591 3381 612 3426 a
628 3359 745 3442 qnibns
761 3361 964 3445 progreditur
980 3378 1094 3428 versus
1110 3359 1384 3444 septemtrionem,
1406 3357 1442 3422 in

312 3467 425 3533 eadem
455 3465 519 3551 via,
544 3473 577 3532 et
593 3465 798 3550 pervenitad
816 3465 980 3550 quandam
1002 3473 1128 3552 partem
1144 3465 1303 3534 declivem
1320 3463 1443 3530 montis

309 3573 453 3642 eiusdem
469 3575 510 3640 ad
528 3573 609 3642 duas
626 3579 731 3640 metas
747 3575 912 3658 antiquas,
928 3575 1021 3641 iuxta
1038 3594 1119 3657 quas
1136 3579 1245 3641 erecte
1270 3578 1345 3641 sunt
1374 3568 1443 3637 dne
1484 3657 1489 3663 .

309 3701 405 3765 nove,
437 3681 612 3766 exquibus
644 3681 749 3748 eundo
782 3681 888 3751 adhuc
919 3684 953 3749 in
979 3682 1095 3752 eadem
1125 3681 1181 3749 via
1212 3686 1245 3747 et
1260 3679 1294 3746 in
1324 3677 1445 3744 eadem

309 3791 593 3859 commetmeitate
609 3789 757 3876 pervenit
773 3789 816 3858 ad
833 3810 932 3857 unam
949 3791 1097 3858 arborem
1123 3789 1218 3874 ilycis
1250 3806 1345 3856 cruce
1375 3785 1446 3870 sig·

309 3905 433 3985 natam,
466 3900 557 3966 iuxta
574 3919 672 3982 qnam
705 3907 811 3967 erecte
836 3906 910 3966 sunt
926 3899 990 3966 due
1005 3907 1091 3966 mete
1107 3905 1211 3965 terree
1227 3915 1318 3979 nove,
1333 3915 1354 3960 a
1370 3893 1447 3975 qui-

311 4009 371 4076 bus
388 4007 595 4094 progreditur
610 4006 717 4074 adhuc
733 4006 766 4072 in
795 4006 909 4074 eadem
940 4005 996 4074 ria
1012 4014 1044 4073 et
1075 4005 1223 4093 pervenit
1252 4003 1296 4068 ad
1325 4001 1449 4087 pedem

309 4115 477 4185 cuiusdam
506 4115 641 4184 alterius
657 4115 795 4201 montis,
819 4114 874 4180 nbi
890 4115 1054 4183 divertens
1071 4113 1234 4181 modicum
1250 4110 1292 4178 ab
1308 4109 1370 4176 illa
1385 4108 1448 4177 via

310 4242 431 4306 magna
445 4223 480 4289 in
495 4241 633 4292 ascensu
651 4222 794 4291 eiusdem
820 4222 938 4288 montis
970 4223 1063 4289 iuxta
1095 4221 1259 4306 quandam
1290 4215 1445 4286 semitam

307 4337 382 4398 sunt
398 4329 460 4398 duc
477 4337 560 4398 mete
576 4351 658 4399 nove
673 4331 766 4400 iuxta
781 4331 933 4412 antiquas
944 4337 1050 4398 metas
1062 4335 1177 4416 erecte,
1189 4327 1223 4394 in
1233 4345 1300 4411 qua
1310 4322 1447 4409 quidem

309 4439 425 4505 semita
440 4437 586 4506 ascendit
600 4436 645 4506 ad
661 4439 818 4507 uerticem
833 4438 949 4510 montis
973 4437 1125 4526 predicti,
1159 4441 1192 4502 et
1209 4434 1242 4502 in
1259 4433 1375 4502 eadem
1393 4451 1449 4500 se-
