3168 5150
580 1197 610 1264 1.

55 1392 194 1463 iiIatodu
223 1397 339 1483 tte-ep
369 1395 687 1462 toroooztooooooak
717 1395 877 1480 emittere,
907 1419 923 1461 a
953 1396 1047 1481 utyja
1078 1393 1164 1460 letto·

51 1501 169 1590 Madd,
198 1527 236 1571 oa
261 1507 448 1592 metaponti
477 1501 701 1592 leoiptalouaolo
730 1501 812 1591 apo
842 1505 997 1592 helyetpet
1026 1500 1159 1569 edomet·

467 1633 598 1698 aposta.
619 1611 716 1677 1270.

141 1808 326 1897 Stephanus
341 1808 405 1876 Dei
421 1807 534 1894 maela
558 1807 737 1894 Hongerie,
768 1805 949 1894 Dalmaoie,
981 1803 1161 1885 (ireneus,

52 1915 147 2003 Reme,
162 1918 286 2004 Seruio,
303 1916 454 2002 Gallieie,
469 1914 673 2002 hodomerie,
690 1916 856 2002 Oumenie,
867 1914 1162 2000 Balgariequelter

54 2023 196 2093 uniuersis
212 2027 335 2095 Christi
349 2025 501 2095 fidelibus
517 2029 686 2111 presentes
701 2025 827 2093 litteras
851 2023 1047 2112 inspeeturis
1077 2019 1162 2090 salu

51 2133 104 2196 ten
118 2133 150 2198 in
166 2153 214 2221 eo,
231 2134 289 2220 qui
306 2133 450 2218 Regibus
467 2131 526 2200 dat
541 2133 692 2201 salutern.
737 2132 818 2200 (ium
834 2129 1056 2202 ecclesiastiae
1080 2129 1164 2197 utili·

52 2237 100 2306 tati
112 2240 289 2310 salubriter
304 2241 345 2308 de
361 2241 456 2309 bonis
472 2241 706 2327 temporalibus
725 2259 873 2326 congrue
897 2239 1164 2308 considerazione

52 2342 144 2432 Regia
158 2350 320 2438 prospicit
335 2347 522 2432 Celsitud03
548 2347 610 2414 iuri
626 2349 729 2432 Regio
744 2369 802 2437 per
827 2348 889 2416 boo
918 2347 966 2414 nil
997 2348 1165 2436 deoreseit,

49 2473 113 2536 ymo
127 2460 242 2543 poeius
259 2458 296 2526 ld
311 2465 468 2544 augetur;
483 2475 556 2524 eum
572 2455 684 2524 taliter
701 2455 861 2544 laniendo,
877 2459 910 2524 in
927 2453 1027 2526 eelsis
1037 2455 1166 2523 theseu-

50 2559 132 2628 riaari
148 2550 291 2650 dieatur,
306 2565 361 2635 ubi
376 2583 437 2633 nee
451 2563 542 2632 tinea
557 2562 741 2652 demolitur,
758 2583 817 2631 nee
830 2565 921 2632 fures
930 2563 1097 2650 effodiunt,
1113 2563 1168 2632 uei

48 2663 193 2740 mmm.
209 2671 359 2741 Proinde
374 2671 418 2740 ad
433 2671 656 2740 uniuersitatis
671 2679 781 2739 uestre
796 2671 949 2740 notitiam
959 2671 1074 2741 harum
1083 2671 1168 2740 serie

49 2776 184 2850 uolumus
199 2780 392 2867 peruenire,
422 2778 512 2865 quod
536 2796 597 2845 nos
612 2776 675 2846 bae
705 2779 987 2866 contemplatione
1016 2779 1167 2866 permoti,

50 2899 113 2950 tun
127 2895 203 2972 post
217 2888 346 2958 obitum
362 2905 421 2956 seu
436 2883 613 2955 transitum
637 2885 752 2956 inolite
775 2887 1016 2956 reeordationis
1046 2885 1169 2954 domini

47 2987 137 3078 Regis
153 2995 236 3066 Bele
252 2995 374 3083 quarti,
389 2993 557 3063 karissimi
572 2994 732 3077 genitoris
746 2996 859 3079 nostri,
892 2996 1025 3083 plenum
1055 2993 1106 3062 ius
1138 3001 1171 3064 et

50 3101 187 3182 regimen
202 3101 313 3171 tooius
325 3102 431 3187 Regni
446 3101 614 3187 Huugarie
629 3101 698 3170 iure
714 3102 863 3190 geniture
878 3103 923 3171 ud
939 3122 999 3172 nos
1014 3101 1170 3171 deuolute

47 3203 184 3297 mans,
202 3230 287 3298 rege
301 3229 414 3296 regum
431 3213 464 3277 et
478 3209 610 3280 domino
621 3209 863 3279 dominantium
872 3210 1033 3296 largiente
1044 3212 1172 3296 ;'queu·

50 3311 115 3382 ianr
130 3319 253 3387 sillam
269 3324 427 3400 nosbam,
452 3336 510 3386 seu
525 3323 655 3404 terram,
680 3319 811 3387 nomine
826 3319 918 3408 dipel,
946 3318 981 3387 in
1012 3317 1174 3388 Comitatu

48 3419 265 3510 strigoniensi
280 3425 483 3513 existentem,
509 3445 581 3493 oum
613 3425 804 3496 vinitoribus
835 3445 894 3496 seu
924 3427 1175 3515 eondioionarijs

49 3533 167 3620 nostis,
201 3531 315 3605 eidem
331 3539 415 3601 terre
430 3532 591 3621 aseriptis,
623 3533 679 3619 qui
696 3534 958 3620 progenitoribus
991 3537 1119 3606 nostris·
1140 3544 1173 3604 et

48 3641 134 3710 nobis
148 3641 329 3712 annuatim
344 3639 389 3710 ad
404 3640 547 3710 mudena
563 3647 685 3708 certam
695 3643 763 3710 vini
773 3643 991 3727 quantitatem
1003 3667 1046 3715 ex
1055 3643 1175 3712 honere

47 3751 222 3838 seruitutis,
250 3750 300 3820 eis
315 3749 508 3836 abantiquo
523 3749 683 3836 imposito,
702 3748 832 3820 fuerant
848 3751 1009 3841 deputati,
1041 3759 1074 3822 et
1103 3773 1176 3820 oum

48 3860 193 3928 omnibus
211 3858 332 3944 vinem,
348 3857 482 3944 iuribus,
498 3857 711 3945 pertinenoijs
728 3865 761 3926 et
771 3858 969 3930 utilitatibus
984 3860 1088 3948 ipsius
1098 3860 1177 3928 ville

45 3985 97 4035 seu
113 3975 217 4053 terre,
247 3966 398 4038 fidelibus
414 3966 534 4035 nostris
550 3967 703 4053 Capitale
719 3967 952 4052 strigoniensis
968 3968 1128 4054 liselesie,
1156 3989 1178 4035 a

49 4092 106 4158 qna
121 4077 256 4146 inuncti
272 4095 384 4144 sumus
402 4079 435 4143 e't
449 4075 588 4160 Regium
604 4075 805 4163 suscepimus
837 4075 1008 4166 Diadume,
1040 4097 1080 4145 ae
1111 4076 1179 4144 alie

46 4183 290 4270 emlesiastiee,
308 4181 492 4252 uoluntaria
507 4191 540 4250 et
555 4185 744 4253 neeessaria
760 4183 863 4252 inoliti
878 4185 985 4270 Reges
1009 4183 1181 4270 Hungarie

46 4291 208 4379 reeipiunt
235 4297 460 4378 sacramenta,
488 4310 547 4378 pro
563 4291 708 4360 remedio
740 4292 848 4360 anime
877 4289 1035 4362 eiusdemw
1058 4291 1182 4361 domini

45 4397 115 4466 Belo
130 4399 248 4486 Regis
263 4399 427 4470 karissimi
444 4398 547 4485 patris
563 4399 676 4486 nostri,
691 4405 803 4468 tenore
819 4399 1022 4487 presencium
1034 4401 1183 4472 dedimus

45 4509 228 4597 adamus,
249 4508 445 4579 donauimus
460 4514 493 4576 et
509 4509 675 4594 donamus,
690 4509 887 4577 tradidimus
902 4518 936 4578 et
953 4509 1124 4602 tradimus,
1141 4516 1185 4582 ab

45 4619 155 4689 eodem
171 4619 340 4709 Oapitulo
354 4620 426 4691 iure
441 4627 598 4708 perpetuo
614 4619 865 4707 possidendam
888 4621 944 4708 ita,
977 4629 1012 4689 vt
1042 4641 1083 4689 ex
1114 4621 1180 4688 heo

1042 4728 1080 4796 1⁸
