3124 5152
115 515 198 584 simul
214 535 283 582 oum
299 514 407 598 siluis,
427 511 541 598 vineis,
557 511 660 598 pratis
678 515 711 577 et
727 511 843 578 iunctis
861 511 930 576 vsui
941 510 1035 576 trium
1047 517 1227 578 aratrorum

116 623 393 690 consideraberunt
408 619 567 705 sulficere,
594 621 697 686 fuisse
714 617 943 685 hereditariam
976 617 1125 702 Magistri
1157 617 1231 684 Alc-

116 730 218 796 randri
235 727 398 810 antedicti,
430 733 461 794 et
476 726 552 793 olim
570 746 630 812 per
646 725 809 792 dominam
827 725 961 790 Mariam
979 723 1143 808 quondam
1170 727 1229 791 Re·

116 839 213 920 ginam
228 837 399 922 Hungarie
415 855 487 904 esse
502 841 664 920 receptam
681 833 905 919 potencialiter
922 853 943 898 a
958 837 1054 918 patre
1086 831 1229 899 eiusdem

116 947 286 1031 antedicto,
311 967 409 1030 quarn
426 943 554 1030 quidem
572 951 690 1010 terram
708 943 848 1010 assernit
874 942 1000 1008 mixtim
1032 961 1104 1008 cum
1136 944 1231 1008 terris

117 1053 239 1121 aliorum
261 1053 423 1122 adiacere.

117 1253 247 1316 (Eusebet
265 1251 454 1317 mralynenek
476 1251 586 1302 1280·ki
605 1247 893 1314 adomauylevslebdl,
924 1248 998 1298 mint
1024 1248 1139 1300 tentebb
1173 1249 1232 1298 248.

579 1339 655 1390 sarim
674 1340 764 1404 alati.)

538 1628 803 1645 *epm—*-

122 2371 147 2434 A
162 2372 263 2458 Hesp-i
277 2371 498 2457 supralaonal
513 2369 786 2456 hizoapcdpleocle,
810 2373 891 2456 bcqy
905 2367 1029 2456 dezid,
1047 2369 1236 2436 Forlcucuulc

162 2480 222 2563 fia,
238 2479 368 2566 Gyopul
385 2479 544 2564 helyae‘pet
563 2479 667 2543 clarita
689 2477 805 2566 liparea
822 2485 904 2542 acuit
919 2477 1057 2543 kunneis.
1083 2479 1180 2544 1280.

298 2674 328 2738 A
544 2674 570 2736 Β
787 2671 812 2738 O
1029 2675 1058 2738 D

219 2783 376 2868 Magister
392 2781 514 2869 Symon
532 2781 718 2866 Propositus
736 2789 767 2847 et
783 2780 970 2866 Capitulum
987 2781 1133 2849 Ecclesic
1145 2779 1237 2846 Beati

124 2889 282 2974 laurencij
300 2889 344 2956 dc
363 2887 435 2975 Hoy
450 2889 598 2958 omnibns
617 2889 734 2956 Christi
752 2888 901 2956 fidelibus
917 2907 1051 2974 presens
1082 2887 1236 2971 scriptum

125 2999 305 3082 inspecturis
322 2997 462 3064 salntem
480 2997 515 3062 in
546 3000 689 3066 omniurn
720 2998 892 3064 calcatore.
932 2997 984 3063 Ad
1014 2997 1238 3064 uniuersorum

123 3105 263 3170 noticiam
274 3111 386 3170 tenore
397 3105 602 3189 presencium
612 3103 761 3172 volumus
774 3106 955 3193 peruenire,
966 3103 1050 3190 quod
1060 3101 1236 3169 Ladizlaus

124 3210 200 3277 tilius
216 3212 363 3299 Furcasij
381 3210 440 3295 filij
458 3209 599 3299 hlordar,
631 3209 792 3294 quondam
827 3212 942 3280 Comes
973 3209 1237 3279 Falconariorum

124 3317 233 3384 domini
250 3317 351 3401 Regis
367 3316 407 3383 de
423 3316 506 3384 villa
522 3318 642 3407 Tarda,
674 3317 719 3383 ad
743 3325 887 3386 nostram
919 3319 1077 3386 accedens
1108 3337 1238 3403 presen-

125 3423 209 3508 ciam,
225 3423 389 3509 quandam
407 3429 525 3490 terram
542 3444 635 3492 suam
662 3425 891 3492 hereditariam
918 3425 1047 3512 (lyopul
1078 3432 1240 3508 uocatam,

124 3533 209 3600 sitam
226 3535 260 3598 in
276 3531 440 3600 Comitatu
456 3532 682 3620 Budrngiensi,
713 3553 810 3618 quiam
828 3554 848 3598 a
865 3541 959 3620 parte
974 3533 1121 3602 orientali
1156 3541 1241 3602 terre

123 3623 286 3725 laycalem,
303 3638 395 3707 'l'cke
413 3647 546 3726 uocate,
570 3662 591 3709 a
614 3649 708 3728 parta
725 3639 931 3708 meridionali
949 3649 1033 3709 terre
1066 3641 1174 3710 Kohot
1206 3651 1239 3708 et

123 3747 290 3834 Tywised;
314 3768 335 3813 a
352 3755 443 3832 parte
458 3749 654 3816 occidentali
670 3749 781 3834 Paka;
800 3771 821 3817 a
837 3759 929 3836 parte
944 3771 1021 3819 uero
1038 3749 1240 3836 septemtrio·

122 3856 183 3922 nuli
197 3863 283 3924 terra
297 3855 445 3923 Ecclesie
461 3861 568 3924 nostre
583 3857 678 3943 Pypa
692 3863 811 3926 vocata
828 3865 983 3943 separant
1000 3865 1031 3924 cl
1047 3857 1239 3944 distingunt,

123 3979 186 4028 cnm
202 3962 352 4030 omnibns
368 3961 562 4032 utilitatibus
578 3972 610 4029 et
625 3964 838 4050 pertinencljs
855 3965 931 4049 suis,
963 3972 1059 4050 prout
1077 3965 1192 4052 proaui
1208 3971 1240 4034 et

123 4069 170 4136 aui
185 4069 233 4138 sui
249 4068 474 4158 possederunt,
489 4070 697 4156 presentibus
722 4069 816 4156 Bndy
848 4071 971 4138 curiali
1004 4073 1136 4156 Gemite,
1170 4073 1240 4141 Ste-

124 4175 222 4258 phano
238 4183 271 4244 et
288 4174 385 4242 Iwan
418 4174 595 4246 comitibus
626 4178 797 4245 Judioibus
829 4179 992 4246 Nobilium
1024 4180 1065 4246 de
1097 4179 1239 4265 Budrug,

125 4281 225 4351 Hunta
241 4283 283 4351 dc
298 4283 440 4370 Lehohe,
472 4286 618 4354 Waltero
635 4285 752 4352 Villico
769 4286 810 4352 de
838 4284 982 4374 Vduart,
1016 4295 1047 4356 et
1080 4289 1242 4374 Magistro

124 4387 207 4458 Petro
223 4391 290 4457 lilio
305 4391 403 4479 Loys,
420 4413 486 4458 vna
502 4413 573 4460 cum
591 4393 739 4479 cognatis
756 4392 824 4462 eins
840 4393 882 4460 de
898 4393 991 4463 Palra
1007 4396 1241 4484 adolentibus,

124 4497 262 4566 uendidit
275 4498 400 4584 Teprea
416 4499 570 4580 Cumano,
597 4501 755 4588 Wocbun,
788 4501 926 4585 Aglaalo
942 4509 975 4568 ct
991 4503 1146 4572 ladizlao
1164 4501 1243 4586 hlijs

124 4605 194 4694 alus,
210 4627 251 4675 ac
266 4625 380 4674 eorum
398 4607 570 4676 heredibus
603 4607 821 4692 heredumque
852 4611 1092 4680 successorihus
1124 4609 1239 4696 uiginti
