3068 5150
494 387 498 394 ⁴
576 371 736 470 aa...

90 565 168 632 iuter
198 585 259 632 nos
290 570 470 650 generetur,
499 563 736 650 quinquaginta
766 564 881 648 iugera
906 564 947 630 de
964 563 1112 650 predicta
1129 571 1217 632 terra

93 673 236 739 Ecclesia
251 672 373 738 Sancte
403 671 574 738 miniatis
593 670 756 740 antedicto
776 671 932 756 dedimus,
964 669 1157 740 donauimus
1188 681 1221 740 ct

92 780 286 848 contulimus
317 779 551 865 perpetualiter
566 779 775 866 possidenda.
800 779 881 847 Dico
897 787 1017 867 tamen,
1032 781 1110 864 quia
1125 782 1219 848 ambe

89 895 196 955 nostre
212 895 288 956 sunt
302 886 458 974 Ecclesia,
474 888 559 956 iuter
574 887 705 955 easdem
725 893 828 955 metas
859 907 923 954 nou
956 887 1127 974 ereximus,
1160 887 1218 954 sed

90 997 120 1062 in
136 995 275 1064 circuitu
305 1003 390 1064 terre
405 997 518 1083 Boyoh
533 997 594 1064 hec
609 1003 684 1063 sunt
699 996 796 1081 signa
812 1021 819 1062 :
836 996 901 1062 Via
917 995 1043 1064 scilicet
1059 994 1215 1064 adiacens

90 1107 128 1172 ab
145 1105 301 1189 aquilone
313 1111 408 1189 parte
423 1104 558 1174 Minoris
574 1105 723 1190 Harsan3
741 1111 774 1172 ot
783 1125 840 1192 per
850 1105 987 1174 candem
1006 1106 1092 1172 uiam
1111 1104 1218 1172 eundo

92 1211 247 1297 usquead
258 1212 456 1300 superiorem
472 1221 599 1298 partem
616 1213 765 1282 Ecclesia
780 1215 900 1282 Sancte
911 1213 1040 1298 Orucis;
1058 1217 1090 1278 ct
1100 1212 1219 1280 deinde

89 1319 255 1405 pergendo
271 1319 483 1406 pereundam
500 1320 544 1387 ad
561 1327 680 1388 metam
696 1321 827 1390 Andreo
843 1320 988 1408 Comitis,
1006 1326 1039 1387 et
1054 1321 1100 1387 ibi
1111 1321 1218 1387 Eccle-

90 1428 138 1495 sia
168 1428 272 1496 habet
301 1427 444 1495 fanetum
476 1431 646 1498 continens
676 1433 802 1514 absque
833 1429 946 1496 labore
977 1428 1059 1497 duos
1085 1448 1218 1512 currus;

90 1535 210 1604 ibidem
245 1537 348 1604 eciam
379 1536 462 1603 inter
492 1536 715 1606 molendinum
747 1538 867 1605 Sancte
898 1537 1012 1604 Crucis
1028 1545 1061 1603 ct
1090 1535 1218 1603 Androe

90 1641 220 1710 Comitis
251 1643 358 1712 locum
389 1645 564 1712 molendini
595 1646 814 1714 concessimus
855 1645 1002 1714 Ecclesic
1035 1644 1076 1710 dc
1106 1643 1217 1729 Boych

92 1751 271 1836 antedicte3
295 1751 415 1820 deinde
429 1752 532 1820 eciam
551 1753 664 1821 eadem
691 1753 745 1822 uio
776 1752 868 1821 uadit
900 1752 943 1820 ad
973 1751 1217 1818 meridionalem

92 1866 213 1945 partem
244 1867 322 1926 antc
352 1865 479 1945 portam
505 1862 593 1928 curie
609 1861 754 1928 Ecclesie
770 1861 811 1928 de
827 1861 939 1948 Boych
957 1859 1133 1926 antedicto.
1149 1858 1219 1926 Hec

94 1969 199 2034 omnia
214 1967 257 2033 ob
274 1970 409 2034 tutelam
425 1967 541 2036 salutis
557 1968 666 2036 anime
681 1977 791 2037 nostre
807 1977 840 2036 ct
858 1974 1029 2054 parentum
1060 1971 1217 2045 nostrum,

96 2077 180 2144 etad
195 2076 386 2143 memoriam
417 2093 638 2144 successorum
670 2084 853 2146 nostrorum
869 2075 1026 2159 Ecclesijs
1042 2073 1218 2142 antedictis

96 2183 309 2252 ordiuaoimus
327 2189 483 2270 perpetuo
500 2183 710 2270 possidenda.

97 2383 129 2442 (Δ
145 2383 308 2449 pdouvtradi
326 2383 506 2436 lronvcntnek
527 2387 603 2434 1289.
623 2383 705 2434 kornl
722 2382 836 2433 kiadott
848 2381 1012 2447 dtirattbol,
1025 2383 1098 2434 mint
1112 2384 1216 2446 alobb.)

616 3299 692 3367 294.

97 3491 150 3558 IV.
165 3495 281 3562 nocato
296 3495 409 3580 kirdly
424 3499 601 3582 owqerdoito'
632 3500 654 3564 1
658 3499 691 3565 V.
723 3499 805 3568 Beda
835 3500 1011 3586 ko'rdlycalo
1044 3498 1216 3567 Kislolcsd

99 3603 241 3692 helysdpet
267 3605 426 3690 toroyazd
450 3604 649 3691 adomdoydt
679 3607 871 3676 Kiskoloodo'
901 3609 1028 3674 Korooh
1057 3613 1215 3676 ozdmdro.

605 3715 701 3784 1282.

186 3907 363 3975 Lodiulous
372 3909 433 3976 Dei
444 3910 556 3994 gracia
565 3909 744 4000 Hungoric,
757 3912 934 4000 Dalmacie,
946 3911 1092 4000 Croaoie,
1103 3913 1215 4000 Rama,

100 4013 211 4104 Seruio,
228 4015 379 4102 Gallicis,
396 4015 597 4108 Lodomerio,
619 4019 786 4109 Cumania,
812 4021 1031 4106 Bulgaricqoc
1049 4023 1117 4088 Rex
1150 4041 1214 4089 om-

99 4121 183 4190 nibus
199 4122 319 4192 Christi
334 4123 487 4192 fidelibus
503 4146 637 4212 presens
668 4129 820 4216 scriptum
852 4129 1047 4216 inspecturis
1078 4131 1215 4198 salutem

98 4226 128 4294 in
142 4231 276 4298 omnium
293 4231 468 4299 saluatore.
486 4232 537 4298 Ad
565 4233 785 4303 uniuersorum
816 4237 969 4304 noticiam
1001 4243 1111 4305 tenore
1143 4260 1213 4325 pre·

99 4337 233 4405 saucium
248 4341 397 4407 volumus
414 4342 595 4432 peruenire,
627 4343 714 4428 quod
730 4343 859 4412 Korooh
876 4345 917 4412 de
933 4345 1147 4432 Kyuslrolusd
1172 4348 1215 4414 ad

101 4451 232 4514 nostram
272 4447 433 4516 accedens
469 4451 672 4536 presencium
703 4452 849 4520 exhibuit
879 4455 975 4522 nobis
1006 4456 1215 4544 priuilegium

101 4547 210 4620 domini
226 4555 303 4622 Belo
320 4557 374 4622 aui
390 4559 492 4626 nostri
508 4558 674 4627 karissimi
690 4558 850 4645 quondam
867 4557 1001 4630 illustris
1017 4565 1116 4648 Regis
1147 4565 1211 4633 Vn·

103 4659 183 4739 garis
198 4660 301 4731 felicis
319 4665 479 4751 memorie,
496 4673 611 4753 petens
628 4686 699 4734 oum
715 4667 885 4754 instancia,
916 4678 950 4738 vt
975 4671 1059 4738 idom
1085 4675 1213 4757 priuile-

196 4798 540 4844 uom.nuno.n1su.—
558 4805 630 4844 nuru.
647 4805 714 4846 xxrr.
1062 4782 1105 4848 23
