<?xml version="1.0" encoding="UTF-8"?>
<!DOCTYPE html PUBLIC "-//W3C//DTD XHTML 1.0 Transitional//EN"
    "http://www.w3.org/TR/xhtml1/DTD/xhtml1-transitional.dtd">
<html xmlns="http://www.w3.org/1999/xhtml" xml:lang="en" lang="en">
 <head>
  <title>
</title>
<meta http-equiv="Content-Type" content="text/html;charset=utf-8" />
  <meta name='ocr-system' content='tesseract 3.04.00' />
  <meta name='ocr-capabilities' content='ocr_page ocr_carea ocr_par ocr_line ocrx_word'/>
</head>
<body>
  <div class='ocr_page' id='page_1' title='image "./codexdiplomatic06wenzgoog_0302.png"; bbox 0 0 3124 5152; ppageno 0'>
   <div class='ocr_carea' id='block_1_1' title="bbox 570 276 824 402">
    <p class='ocr_par' dir='ltr' id='par_1_1' title="bbox 570 276 824 402">
     <span class='ocr_line' id='line_1_1' title="bbox 570 276 824 402; baseline 0 -122"><span class='ocrx_word' id='word_1_1' title='bbox 570 285 732 402; x_wconf 44' lang='lat' dir='ltr'><strong>Q-</strong></span> <span class='ocrx_word' id='word_1_2' title='bbox 821 276 824 280; x_wconf 81' lang='grc'><strong>,</strong></span> 
     </span>
    </p>
   </div>
   <div class='ocr_carea' id='block_1_2' title="bbox 92 485 1214 1225">
    <p class='ocr_par' dir='ltr' id='par_1_2' title="bbox 92 485 1214 1225">
     <span class='ocr_line' id='line_1_2' title="bbox 93 485 1211 579; baseline 0 -21"><span class='ocrx_word' id='word_1_3' title='bbox 93 485 206 577; x_wconf 76' lang='lat' dir='ltr'><strong>riensi3</strong></span> <span class='ocrx_word' id='word_1_4' title='bbox 228 488 415 560; x_wconf 75' lang='lat' dir='ltr'><strong>Laurentio</strong></span> <span class='ocrx_word' id='word_1_5' title='bbox 430 489 522 557; x_wconf 86' lang='lat' dir='ltr'><strong>Banu</strong></span> <span class='ocrx_word' id='word_1_6' title='bbox 536 489 578 558; x_wconf 92' lang='lat' dir='ltr'><strong>de</strong></span> <span class='ocrx_word' id='word_1_7' title='bbox 595 489 733 557; x_wconf 83' lang='lat' dir='ltr'><strong>Zeuriuo</strong></span> <span class='ocrx_word' id='word_1_8' title='bbox 752 514 759 576; x_wconf 91' lang='lat'>;</span> <span class='ocrx_word' id='word_1_9' title='bbox 780 488 947 577; x_wconf 83' lang='lat' dir='ltr'><strong>Stephano</strong></span> <span class='ocrx_word' id='word_1_10' title='bbox 965 491 1065 579; x_wconf 86' lang='lat' dir='ltr'><strong>Bane,</strong></span> <span class='ocrx_word' id='word_1_11' title='bbox 1095 489 1211 560; x_wconf 85' lang='lat' dir='ltr'><strong>Judiee</strong></span> 
     </span>
     <span class='ocr_line' id='line_1_3' title="bbox 92 595 1212 687; baseline 0.004 -23"><span class='ocrx_word' id='word_1_12' title='bbox 92 595 180 666; x_wconf 79' lang='lat' dir='ltr'><strong>Gnrie</strong></span> <span class='ocrx_word' id='word_1_13' title='bbox 195 605 319 687; x_wconf 85' lang='lat' dir='ltr'><strong>nostre,</strong></span> <span class='ocrx_word' id='word_1_14' title='bbox 335 595 461 666; x_wconf 79' lang='lat' dir='ltr'><strong>Gemite</strong></span> <span class='ocrx_word' id='word_1_15' title='bbox 477 597 695 684; x_wconf 77' lang='lat' dir='ltr'><strong>Musuniensi3</strong></span> <span class='ocrx_word' id='word_1_16' title='bbox 719 599 817 668; x_wconf 85' lang='lat' dir='ltr'><strong>Petro</strong></span> <span class='ocrx_word' id='word_1_17' title='bbox 834 598 992 684; x_wconf 77' lang='lat' dir='ltr'><strong>Magistro</strong></span> <span class='ocrx_word' id='word_1_18' title='bbox 1023 599 1212 683; x_wconf 63' lang='lat' dir='ltr'><strong>agaunum</strong></span> 
     </span>
     <span class='ocr_line' id='line_1_4' title="bbox 95 703 1214 794; baseline 0.002 -22"><span class='ocrx_word' id='word_1_19' title='bbox 95 709 272 790; x_wconf 80' lang='lat' dir='ltr'><strong>nmtrsrnm,</strong></span> <span class='ocrx_word' id='word_1_20' title='bbox 312 704 441 774; x_wconf 79' lang='lat' dir='ltr'><strong>Gemite</strong></span> <span class='ocrx_word' id='word_1_21' title='bbox 479 705 521 774; x_wconf 89' lang='lat' dir='ltr'><strong>de</strong></span> <span class='ocrx_word' id='word_1_22' title='bbox 558 704 729 794; x_wconf 78' lang='lat' dir='ltr'><strong>Zybyniu;</strong></span> <span class='ocrx_word' id='word_1_23' title='bbox 767 705 922 792; x_wconf 80' lang='lat' dir='ltr'><strong>Magistro</strong></span> <span class='ocrx_word' id='word_1_24' title='bbox 959 708 1058 776; x_wconf 89' lang='lat' dir='ltr'><strong>Petro</strong></span> <span class='ocrx_word' id='word_1_25' title='bbox 1090 703 1214 777; x_wconf 82' lang='lat' dir='ltr'><strong>Gemite</strong></span> 
     </span>
     <span class='ocr_line' id='line_1_5' title="bbox 92 812 1213 902; baseline 0.004 -23"><span class='ocrx_word' id='word_1_26' title='bbox 92 813 259 900; x_wconf 76' lang='lat' dir='ltr'><strong>ilytriensi,</strong></span> <span class='ocrx_word' id='word_1_27' title='bbox 285 812 397 882; x_wconf 76' lang='lat' dir='ltr'><strong>dalrer</strong></span> <span class='ocrx_word' id='word_1_28' title='bbox 411 813 569 900; x_wconf 71' lang='lat' dir='ltr'><strong>Magistro</strong></span> <span class='ocrx_word' id='word_1_29' title='bbox 583 813 815 884; x_wconf 84' lang='lat' dir='ltr'><strong>Pineernarnm</strong></span> <span class='ocrx_word' id='word_1_30' title='bbox 832 822 1025 901; x_wconf 83' lang='lat' dir='ltr'><strong>nostrornm,</strong></span> <span class='ocrx_word' id='word_1_31' title='bbox 1059 813 1213 902; x_wconf 75' lang='lat' dir='ltr'><strong>chepano</strong></span> 
     </span>
     <span class='ocr_line' id='line_1_6' title="bbox 92 917 1214 1011; baseline 0 -21"><span class='ocrx_word' id='word_1_32' title='bbox 92 921 202 990; x_wconf 77' lang='lat' dir='ltr'><strong>tonte</strong></span> <span class='ocrx_word' id='word_1_33' title='bbox 217 917 332 990; x_wconf 79' lang='lat' dir='ltr'><strong>(lustri</strong></span> <span class='ocrx_word' id='word_1_34' title='bbox 347 920 468 1008; x_wconf 76' lang='lat' dir='ltr'><strong>renel,</strong></span> <span class='ocrx_word' id='word_1_35' title='bbox 484 922 589 992; x_wconf 83' lang='lat' dir='ltr'><strong>Paulo</strong></span> <span class='ocrx_word' id='word_1_36' title='bbox 606 921 730 992; x_wconf 79' lang='lat' dir='ltr'><strong>Gemite</strong></span> <span class='ocrx_word' id='word_1_37' title='bbox 747 923 790 991; x_wconf 93' lang='lat' dir='ltr'><strong>de</strong></span> <span class='ocrx_word' id='word_1_38' title='bbox 805 921 946 1008; x_wconf 79' lang='lat' dir='ltr'><strong>Burana,</strong></span> <span class='ocrx_word' id='word_1_39' title='bbox 962 923 1214 1011; x_wconf 80' lang='lat' dir='ltr'><strong>Magistrultey·</strong></span> 
     </span>
     <span class='ocr_line' id='line_1_7' title="bbox 93 1027 1213 1120; baseline 0.003 -24"><span class='ocrx_word' id='word_1_40' title='bbox 93 1027 179 1097; x_wconf 88' lang='lat' dir='ltr'><strong>nnldu</strong></span> <span class='ocrx_word' id='word_1_41' title='bbox 194 1029 321 1098; x_wconf 77' lang='lat' dir='ltr'><strong>(inmite</strong></span> <span class='ocrx_word' id='word_1_42' title='bbox 335 1029 377 1097; x_wconf 92' lang='lat' dir='ltr'><strong>de</strong></span> <span class='ocrx_word' id='word_1_43' title='bbox 394 1029 544 1120; x_wconf 76' lang='lat' dir='ltr'><strong>wallon,</strong></span> <span class='ocrx_word' id='word_1_44' title='bbox 561 1028 711 1100; x_wconf 85' lang='lat' dir='ltr'><strong>Johanne</strong></span> <span class='ocrx_word' id='word_1_45' title='bbox 727 1027 854 1102; x_wconf 78' lang='lat' dir='ltr'><strong>Gemite</strong></span> <span class='ocrx_word' id='word_1_46' title='bbox 869 1030 1079 1118; x_wconf 72' lang='lat' dir='ltr'><strong>Zaladyensi</strong></span> <span class='ocrx_word' id='word_1_47' title='bbox 1095 1035 1129 1100; x_wconf 89' lang='lat' dir='ltr'><strong>et</strong></span> <span class='ocrx_word' id='word_1_48' title='bbox 1137 1030 1213 1117; x_wconf 86' lang='lat' dir='ltr'><strong>alijs</strong></span> 
     </span>
     <span class='ocr_line' id='line_1_8' title="bbox 92 1135 1072 1225; baseline 0.005 -22"><span class='ocrx_word' id='word_1_49' title='bbox 92 1136 346 1224; x_wconf 55' lang='lat' dir='ltr'><strong>quamsplurilrur</strong></span> <span class='ocrx_word' id='word_1_50' title='bbox 363 1135 544 1208; x_wconf 77' lang='lat' dir='ltr'><strong>Comitatus</strong></span> <span class='ocrx_word' id='word_1_51' title='bbox 557 1139 662 1225; x_wconf 77' lang='lat' dir='ltr'><strong>Regni</strong></span> <span class='ocrx_word' id='word_1_52' title='bbox 677 1138 860 1209; x_wconf 86' lang='lat' dir='ltr'><strong>tenentibus</strong></span> <span class='ocrx_word' id='word_1_53' title='bbox 875 1144 908 1208; x_wconf 84' lang='lat' dir='ltr'><strong>et</strong></span> <span class='ocrx_word' id='word_1_54' title='bbox 923 1138 1072 1208; x_wconf 84' lang='lat' dir='ltr'><strong>hunerea.</strong></span> 
     </span>
    </p>
   </div>
   <div class='ocr_carea' id='block_1_3' title="bbox 96 1309 1216 1496">
    <p class='ocr_par' dir='ltr' id='par_1_3' title="bbox 96 1309 1216 1496">
     <span class='ocr_line' id='line_1_9' title="bbox 96 1309 1216 1404; baseline 0.003 -17"><span class='ocrx_word' id='word_1_55' title='bbox 96 1337 224 1396; x_wconf 82' lang='lat' dir='ltr'><strong>(liredetie</strong></span> <span class='ocrx_word' id='word_1_56' title='bbox 247 1335 439 1403; x_wconf 72' lang='lat' dir='ltr'><strong>bttrlnrlrtytn,</strong></span> <span class='ocrx_word' id='word_1_57' title='bbox 469 1309 725 1404; x_wconf 77' lang='lat' dir='ltr'><strong>adid-ibolyaszlntt</strong></span> <span class='ocrx_word' id='word_1_58' title='bbox 753 1315 991 1404; x_wconf 75' lang='lat' dir='ltr'><strong>selyemnsintrou</strong></span> <span class='ocrx_word' id='word_1_59' title='bbox 1012 1337 1100 1404; x_wconf 71' lang='lat' dir='ltr'><strong>liiggtt</strong></span> <span class='ocrx_word' id='word_1_60' title='bbox 1118 1335 1216 1402; x_wconf 71' lang='lat' dir='ltr'><strong>penset</strong></span> 
     </span>
     <span class='ocr_line' id='line_1_10' title="bbox 171 1427 1124 1496; baseline 0.001 -17"><span class='ocrx_word' id='word_1_61' title='bbox 171 1427 263 1492; x_wconf 81' lang='lat' dir='ltr'><strong>aiatt3</strong></span> <span class='ocrx_word' id='word_1_62' title='bbox 296 1443 315 1480; x_wconf 91' lang='lat' dir='ltr'><strong>a</strong></span> <span class='ocrx_word' id='word_1_63' title='bbox 335 1427 446 1480; x_wconf 73' lang='lat' dir='ltr'><strong>temera</strong></span> <span class='ocrx_word' id='word_1_64' title='bbox 463 1429 585 1496; x_wconf 73' lang='lat' dir='ltr'><strong>herezeg</strong></span> <span class='ocrx_word' id='word_1_65' title='bbox 603 1428 775 1494; x_wconf 69' lang='lat' dir='ltr'><strong>Eszterhrtzy</strong></span> <span class='ocrx_word' id='word_1_66' title='bbox 796 1427 890 1480; x_wconf 75' lang='lat' dir='ltr'><strong>esaltd</strong></span> <span class='ocrx_word' id='word_1_67' title='bbox 908 1427 1124 1490; x_wconf 78' lang='lat' dir='ltr'><strong>levelttrtbau.)</strong></span> 
     </span>
    </p>
   </div>
   <div class='ocr_carea' id='block_1_4' title="bbox 517 1717 784 1730">
    <p class='ocr_par' dir='ltr' id='par_1_4' title="bbox 517 1717 784 1730">
     <span class='ocr_line' id='line_1_11' title="bbox 517 1717 784 1730; baseline 0 -2"><span class='ocrx_word' id='word_1_68' title='bbox 517 1717 784 1730; x_wconf 54' lang='grc' dir='ltr'><em>Ἥ</em></span> 
     </span>
    </p>
   </div>
   <div class='ocr_carea' id='block_1_5' title="bbox 614 2251 689 2320">
    <p class='ocr_par' dir='ltr' id='par_1_5' title="bbox 614 2251 689 2320">
     <span class='ocr_line' id='line_1_12' title="bbox 614 2251 689 2320; baseline 0 0"><span class='ocrx_word' id='word_1_69' title='bbox 614 2251 689 2320; x_wconf 53' lang='grc'><strong>213</strong></span> 
     </span>
    </p>
   </div>
   <div class='ocr_carea' id='block_1_6' title="bbox 98 2444 1217 2537">
    <p class='ocr_par' dir='ltr' id='par_1_6' title="bbox 98 2444 1217 2537">
     <span class='ocr_line' id='line_1_13' title="bbox 98 2444 1217 2537; baseline 0.004 -26"><span class='ocrx_word' id='word_1_70' title='bbox 98 2445 115 2510; x_wconf 87' lang='lat' dir='ltr'><strong>l</strong></span> <span class='ocrx_word' id='word_1_71' title='bbox 119 2444 151 2514; x_wconf 87' lang='lat' dir='ltr'><strong>V.</strong></span> <span class='ocrx_word' id='word_1_72' title='bbox 166 2449 283 2517; x_wconf 64' lang='lat' dir='ltr'><strong>tastu</strong></span> <span class='ocrx_word' id='word_1_73' title='bbox 298 2451 417 2537; x_wconf 76' lang='lat' dir='ltr'><strong>kirdly</strong></span> <span class='ocrx_word' id='word_1_74' title='bbox 433 2449 607 2519; x_wconf 71' lang='lat' dir='ltr'><strong>Perediam</strong></span> <span class='ocrx_word' id='word_1_75' title='bbox 623 2471 721 2518; x_wconf 82' lang='lat' dir='ltr'><strong>carues</strong></span> <span class='ocrx_word' id='word_1_76' title='bbox 736 2449 852 2516; x_wconf 75' lang='lat' dir='ltr'><strong>huldin</strong></span> <span class='ocrx_word' id='word_1_77' title='bbox 869 2453 952 2516; x_wconf 73' lang='lat' dir='ltr'><strong>estun</strong></span> <span class='ocrx_word' id='word_1_78' title='bbox 976 2448 1086 2517; x_wconf 83' lang='lat' dir='ltr'><strong>auauk</strong></span> <span class='ocrx_word' id='word_1_79' title='bbox 1102 2451 1217 2535; x_wconf 79' lang='lat' dir='ltr'><strong>juvai-</strong></span> 
     </span>
    </p>
   </div>
   <div class='ocr_carea' id='block_1_7' title="bbox 98 2556 1265 2736">
    <p class='ocr_par' dir='ltr' id='par_1_7' title="bbox 98 2556 1265 2736">
     <span class='ocr_line' id='line_1_14' title="bbox 98 2556 1265 2648; baseline 0.004 -28"><span class='ocrx_word' id='word_1_80' title='bbox 98 2557 141 2622; x_wconf 84' lang='lat' dir='ltr'><strong>rdi</strong></span> <span class='ocrx_word' id='word_1_81' title='bbox 153 2559 359 2648; x_wconf 69' lang='lat' dir='ltr'><strong>uuyybdtyja</strong></span> <span class='ocrx_word' id='word_1_82' title='bbox 376 2559 576 2627; x_wconf 79' lang='lat' dir='ltr'><strong>Merculs’uue</strong></span> <span class='ocrx_word' id='word_1_83' title='bbox 592 2581 703 2640; x_wconf 83' lang='lat' dir='ltr'><strong>eomes,</strong></span> <span class='ocrx_word' id='word_1_84' title='bbox 735 2562 767 2626; x_wconf 74' lang='lat' dir='ltr'><strong>a</strong></span> <span class='ocrx_word' id='word_1_85' title='bbox 783 2561 913 2627; x_wconf 79' lang='lat' dir='ltr'><strong>teatue‘re</strong></span> <span class='ocrx_word' id='word_1_86' title='bbox 929 2556 1032 2626; x_wconf 85' lang='lat' dir='ltr'><strong>Autui</strong></span> <span class='ocrx_word' id='word_1_87' title='bbox 1048 2559 1217 2626; x_wconf 68' lang='lat' dir='ltr'><strong>tremeler</strong></span> <span class='ocrx_word' id='word_1_88' title='bbox 1264 2578 1265 2586; x_wconf 55' lang='lat'>¹</span> 
     </span>
     <span class='ocr_line' id='line_1_15' title="bbox 498 2667 807 2736; baseline 0 -4"><span class='ocrx_word' id='word_1_89' title='bbox 498 2667 687 2736; x_wconf 68' lang='lat' dir='ltr'><strong>iurulentia.</strong></span> <span class='ocrx_word' id='word_1_90' title='bbox 709 2668 807 2732; x_wconf 82' lang='lat'><em>1279.</em></span> 
     </span>
    </p>
   </div>
   <div class='ocr_carea' id='block_1_8' title="bbox 97 2859 1222 4671">
    <p class='ocr_par' dir='ltr' id='par_1_8' title="bbox 97 2859 1222 4671">
     <span class='ocr_line' id='line_1_16' title="bbox 191 2859 1217 2950; baseline -0.005 -18"><span class='ocrx_word' id='word_1_91' title='bbox 191 2861 370 2932; x_wconf 82' lang='lat' dir='ltr'><strong>Ladinlaua</strong></span> <span class='ocrx_word' id='word_1_92' title='bbox 401 2863 463 2932; x_wconf 92' lang='lat' dir='ltr'><strong>Dei</strong></span> <span class='ocrx_word' id='word_1_93' title='bbox 494 2864 609 2948; x_wconf 81' lang='lat' dir='ltr'><strong>grauia</strong></span> <span class='ocrx_word' id='word_1_94' title='bbox 637 2863 817 2950; x_wconf 77' lang='lat' dir='ltr'><strong>Hungarie,</strong></span> <span class='ocrx_word' id='word_1_95' title='bbox 849 2861 1045 2948; x_wconf 52' lang='lat' dir='ltr'><strong>Dalmaaie„</strong></span> <span class='ocrx_word' id='word_1_96' title='bbox 1071 2859 1217 2948; x_wconf 82' lang='lat' dir='ltr'><strong>Creauie,</strong></span> 
     </span>
     <span class='ocr_line' id='line_1_17' title="bbox 97 2967 1216 3058; baseline -0.003 -20"><span class='ocrx_word' id='word_1_97' title='bbox 97 2967 193 3055; x_wconf 75' lang='lat' dir='ltr'><strong>Reme,</strong></span> <span class='ocrx_word' id='word_1_98' title='bbox 208 2971 339 3058; x_wconf 84' lang='lat' dir='ltr'><strong>Seruie,</strong></span> <span class='ocrx_word' id='word_1_99' title='bbox 354 2970 497 3056; x_wconf 81' lang='lat' dir='ltr'><strong>Gallieie,</strong></span> <span class='ocrx_word' id='word_1_100' title='bbox 511 2967 712 3058; x_wconf 85' lang='lat' dir='ltr'><strong>Lodomerie,</strong></span> <span class='ocrx_word' id='word_1_101' title='bbox 729 2969 885 3038; x_wconf 74' lang='lat' dir='ltr'><strong>(inmania</strong></span> <span class='ocrx_word' id='word_1_102' title='bbox 905 2968 1122 3054; x_wconf 79' lang='lat' dir='ltr'><strong>Bulgarieque</strong></span> <span class='ocrx_word' id='word_1_103' title='bbox 1147 2968 1216 3038; x_wconf 83' lang='lat' dir='ltr'><strong>Rex</strong></span> 
     </span>
     <span class='ocr_line' id='line_1_18' title="bbox 98 3077 1217 3165; baseline 0.004 -23"><span class='ocrx_word' id='word_1_104' title='bbox 98 3077 230 3148; x_wconf 81' lang='lat' dir='ltr'><strong>omuibus</strong></span> <span class='ocrx_word' id='word_1_105' title='bbox 262 3078 385 3148; x_wconf 82' lang='lat' dir='ltr'><strong>Christi</strong></span> <span class='ocrx_word' id='word_1_106' title='bbox 416 3079 568 3150; x_wconf 83' lang='lat' dir='ltr'><strong>fidelibus</strong></span> <span class='ocrx_word' id='word_1_107' title='bbox 597 3086 764 3165; x_wconf 72' lang='lat' dir='ltr'>presentes</span> <span class='ocrx_word' id='word_1_108' title='bbox 780 3079 908 3148; x_wconf 78' lang='lat' dir='ltr'><strong>litteras</strong></span> <span class='ocrx_word' id='word_1_109' title='bbox 921 3077 1116 3163; x_wconf 86' lang='lat' dir='ltr'><strong>inspeeturis</strong></span> <span class='ocrx_word' id='word_1_110' title='bbox 1132 3077 1217 3147; x_wconf 82' lang='lat' dir='ltr'><strong>salu·</strong></span> 
     </span>
     <span class='ocr_line' id='line_1_19' title="bbox 99 3183 1219 3257; baseline 0.001 -4"><span class='ocrx_word' id='word_1_111' title='bbox 99 3191 154 3253; x_wconf 91' lang='lat' dir='ltr'><strong>tem</strong></span> <span class='ocrx_word' id='word_1_112' title='bbox 168 3186 200 3254; x_wconf 90' lang='lat' dir='ltr'><strong>in</strong></span> <span class='ocrx_word' id='word_1_113' title='bbox 216 3187 361 3256; x_wconf 88' lang='lat' dir='ltr'><strong>amnium</strong></span> <span class='ocrx_word' id='word_1_114' title='bbox 380 3187 552 3257; x_wconf 84' lang='lat' dir='ltr'><strong>saluatnre</strong></span> <span class='ocrx_word' id='word_1_115' title='bbox 578 3187 630 3256; x_wconf 87' lang='lat' dir='ltr'><strong>Ad</strong></span> <span class='ocrx_word' id='word_1_116' title='bbox 659 3187 884 3256; x_wconf 78' lang='lat' dir='ltr'><strong>uniuersorum</strong></span> <span class='ocrx_word' id='word_1_117' title='bbox 920 3185 1075 3254; x_wconf 80' lang='lat' dir='ltr'><strong>notitiam</strong></span> <span class='ocrx_word' id='word_1_118' title='bbox 1103 3183 1219 3256; x_wconf 84' lang='lat' dir='ltr'><strong>harum</strong></span> 
     </span>
     <span class='ocr_line' id='line_1_20' title="bbox 101 3293 1220 3384; baseline 0.002 -24"><span class='ocrx_word' id='word_1_119' title='bbox 101 3293 174 3362; x_wconf 84' lang='lat' dir='ltr'><strong>serie</strong></span> <span class='ocrx_word' id='word_1_120' title='bbox 202 3295 355 3364; x_wconf 88' lang='lat' dir='ltr'><strong>uolumus</strong></span> <span class='ocrx_word' id='word_1_121' title='bbox 386 3295 566 3384; x_wconf 83' lang='lat' dir='ltr'><strong>peruenire,</strong></span> <span class='ocrx_word' id='word_1_122' title='bbox 595 3295 681 3379; x_wconf 85' lang='lat' dir='ltr'><strong>quod</strong></span> <span class='ocrx_word' id='word_1_123' title='bbox 711 3315 783 3364; x_wconf 87' lang='lat' dir='ltr'><strong>eum</strong></span> <span class='ocrx_word' id='word_1_124' title='bbox 815 3293 885 3363; x_wconf 83' lang='lat' dir='ltr'><strong>Nos</strong></span> <span class='ocrx_word' id='word_1_125' title='bbox 900 3302 934 3362; x_wconf 91' lang='lat' dir='ltr'><strong>et</strong></span> <span class='ocrx_word' id='word_1_126' title='bbox 948 3294 1079 3364; x_wconf 89' lang='lat' dir='ltr'><strong>domina</strong></span> <span class='ocrx_word' id='word_1_127' title='bbox 1093 3293 1220 3381; x_wconf 86' lang='lat' dir='ltr'><strong>Regina</strong></span> 
     </span>
     <span class='ocr_line' id='line_1_21' title="bbox 99 3397 1218 3474; baseline 0.005 -10"><span class='ocrx_word' id='word_1_128' title='bbox 99 3397 263 3472; x_wconf 79' lang='lat' dir='ltr'><strong>karissima</strong></span> <span class='ocrx_word' id='word_1_129' title='bbox 278 3423 412 3472; x_wconf 84' lang='lat' dir='ltr'><strong>ueneurs</strong></span> <span class='ocrx_word' id='word_1_130' title='bbox 426 3409 539 3474; x_wconf 84' lang='lat' dir='ltr'><strong>nestra</strong></span> <span class='ocrx_word' id='word_1_131' title='bbox 567 3402 737 3472; x_wconf 87' lang='lat' dir='ltr'><strong>honestum</strong></span> <span class='ocrx_word' id='word_1_132' title='bbox 767 3403 873 3472; x_wconf 81' lang='lat' dir='ltr'><strong>virum</strong></span> <span class='ocrx_word' id='word_1_133' title='bbox 904 3401 1060 3470; x_wconf 80' lang='lat' dir='ltr'><strong>Comitem</strong></span> <span class='ocrx_word' id='word_1_134' title='bbox 1091 3403 1218 3470; x_wconf 87' lang='lat' dir='ltr'><strong>Peruhi·</strong></span> 
     </span>
     <span class='ocr_line' id='line_1_22' title="bbox 101 3508 1221 3594; baseline 0.004 -22"><span class='ocrx_word' id='word_1_135' title='bbox 101 3525 168 3574; x_wconf 91' lang='lat' dir='ltr'><strong>num</strong></span> <span class='ocrx_word' id='word_1_136' title='bbox 195 3511 324 3580; x_wconf 88' lang='lat' dir='ltr'><strong>lideiem</strong></span> <span class='ocrx_word' id='word_1_137' title='bbox 356 3516 501 3579; x_wconf 86' lang='lat' dir='ltr'><strong>nestrum</strong></span> <span class='ocrx_word' id='word_1_138' title='bbox 532 3509 575 3579; x_wconf 93' lang='lat' dir='ltr'><strong>ad</strong></span> <span class='ocrx_word' id='word_1_139' title='bbox 593 3511 758 3579; x_wconf 88' lang='lat' dir='ltr'><strong>dominnm</strong></span> <span class='ocrx_word' id='word_1_140' title='bbox 789 3508 947 3578; x_wconf 88' lang='lat' dir='ltr'><strong>Karulnm</strong></span> <span class='ocrx_word' id='word_1_141' title='bbox 968 3511 1088 3594; x_wconf 80' lang='lat' dir='ltr'><strong>Regem</strong></span> <span class='ocrx_word' id='word_1_142' title='bbox 1108 3510 1221 3578; x_wconf 76' lang='lat' dir='ltr'><strong>Sicilie</strong></span> 
     </span>
     <span class='ocr_line' id='line_1_23' title="bbox 101 3616 1219 3705; baseline 0.004 -24"><span class='ocrx_word' id='word_1_143' title='bbox 101 3633 233 3686; x_wconf 86' lang='lat' dir='ltr'><strong>seuerum</strong></span> <span class='ocrx_word' id='word_1_144' title='bbox 265 3626 410 3687; x_wconf 87' lang='lat' dir='ltr'><strong>nostrum</strong></span> <span class='ocrx_word' id='word_1_145' title='bbox 450 3618 659 3688; x_wconf 85' lang='lat' dir='ltr'><strong>karissimum</strong></span> <span class='ocrx_word' id='word_1_146' title='bbox 701 3638 759 3705; x_wconf 85' lang='lat' dir='ltr'><strong>pro</strong></span> <span class='ocrx_word' id='word_1_147' title='bbox 788 3616 928 3704; x_wconf 75' lang='lat' dir='ltr'><strong>agendis</strong></span> <span class='ocrx_word' id='word_1_148' title='bbox 958 3617 1077 3685; x_wconf 80' lang='lat' dir='ltr'><strong>nostris</strong></span> <span class='ocrx_word' id='word_1_149' title='bbox 1108 3617 1219 3686; x_wconf 80' lang='lat' dir='ltr'><strong>arduis</strong></span> 
     </span>
     <span class='ocr_line' id='line_1_24' title="bbox 102 3723 1219 3816; baseline 0.004 -28"><span class='ocrx_word' id='word_1_150' title='bbox 102 3723 318 3816; x_wconf 88' lang='lat' dir='ltr'><strong>misisesemua,</strong></span> <span class='ocrx_word' id='word_1_151' title='bbox 336 3724 486 3812; x_wconf 76' lang='lat' dir='ltr'><strong>idemque</strong></span> <span class='ocrx_word' id='word_1_152' title='bbox 518 3727 606 3815; x_wconf 84' lang='lat' dir='ltr'><strong>apud</strong></span> <span class='ocrx_word' id='word_1_153' title='bbox 637 3747 710 3795; x_wconf 89' lang='lat' dir='ltr'><strong>eum</strong></span> <span class='ocrx_word' id='word_1_154' title='bbox 739 3725 871 3794; x_wconf 85' lang='lat' dir='ltr'><strong>lunutns</strong></span> <span class='ocrx_word' id='word_1_155' title='bbox 901 3731 1011 3794; x_wconf 88' lang='lat' dir='ltr'><strong>nostre</strong></span> <span class='ocrx_word' id='word_1_156' title='bbox 1043 3724 1219 3810; x_wconf 71' lang='lat' dir='ltr'><strong>legacionis</strong></span> 
     </span>
     <span class='ocr_line' id='line_1_25' title="bbox 103 3829 1219 3920; baseline 0.004 -24"><span class='ocrx_word' id='word_1_157' title='bbox 103 3829 195 3902; x_wconf 84' lang='lat' dir='ltr'><strong>elisia</strong></span> <span class='ocrx_word' id='word_1_158' title='bbox 208 3835 400 3919; x_wconf 82' lang='lat' dir='ltr'><strong>eeugruenti</strong></span> <span class='ocrx_word' id='word_1_159' title='bbox 416 3833 509 3901; x_wconf 86' lang='lat' dir='ltr'><strong>iuxta</strong></span> <span class='ocrx_word' id='word_1_160' title='bbox 523 3836 643 3904; x_wconf 81' lang='lat' dir='ltr'><strong>Nostre</strong></span> <span class='ocrx_word' id='word_1_161' title='bbox 658 3834 866 3920; x_wconf 81' lang='lat' dir='ltr'><strong>benepluuita</strong></span> <span class='ocrx_word' id='word_1_162' title='bbox 885 3832 1067 3902; x_wconf 79' lang='lat' dir='ltr'><strong>Maiestatis</strong></span> <span class='ocrx_word' id='word_1_163' title='bbox 1083 3839 1170 3902; x_wconf 85' lang='lat' dir='ltr'><strong>esset</strong></span> <span class='ocrx_word' id='word_1_164' title='bbox 1185 3833 1219 3900; x_wconf 89' lang='lat' dir='ltr'><strong>in</strong></span> 
     </span>
     <span class='ocr_line' id='line_1_26' title="bbox 104 3937 1221 4030; baseline 0.004 -26"><span class='ocrx_word' id='word_1_165' title='bbox 104 3954 154 4006; x_wconf 86' lang='lat' dir='ltr'><strong>sno</strong></span> <span class='ocrx_word' id='word_1_166' title='bbox 167 3941 271 4010; x_wconf 86' lang='lat' dir='ltr'><strong>reditu</strong></span> <span class='ocrx_word' id='word_1_167' title='bbox 288 3941 323 4009; x_wconf 93' lang='lat' dir='ltr'><strong>in</strong></span> <span class='ocrx_word' id='word_1_168' title='bbox 339 3941 455 4009; x_wconf 90' lang='lat' dir='ltr'><strong>itinere</strong></span> <span class='ocrx_word' id='word_1_169' title='bbox 485 3941 698 4023; x_wconf 85' lang='lat' dir='ltr'><strong>eonstitutns;</strong></span> <span class='ocrx_word' id='word_1_170' title='bbox 728 3939 843 4007; x_wconf 82' lang='lat' dir='ltr'><strong>inuidit</strong></span> <span class='ocrx_word' id='word_1_171' title='bbox 861 3937 895 4005; x_wconf 92' lang='lat' dir='ltr'><strong>iu</strong></span> <span class='ocrx_word' id='word_1_172' title='bbox 926 3939 1080 4030; x_wconf 85' lang='lat' dir='ltr'><strong>latrones,</strong></span> <span class='ocrx_word' id='word_1_173' title='bbox 1112 3939 1221 4026; x_wconf 86' lang='lat' dir='ltr'><strong>ibique</strong></span> 
     </span>
     <span class='ocr_line' id='line_1_27' title="bbox 104 4048 1219 4134; baseline 0.004 -22"><span class='ocrx_word' id='word_1_174' title='bbox 104 4065 154 4130; x_wconf 84' lang='lat' dir='ltr'><strong>pur</strong></span> <span class='ocrx_word' id='word_1_175' title='bbox 168 4048 298 4118; x_wconf 84' lang='lat' dir='ltr'><strong>eusdem</strong></span> <span class='ocrx_word' id='word_1_176' title='bbox 330 4048 560 4116; x_wconf 82' lang='lat' dir='ltr'><strong>miserabiliter</strong></span> <span class='ocrx_word' id='word_1_177' title='bbox 592 4048 699 4116; x_wconf 79' lang='lat' dir='ltr'><strong>extitit</strong></span> <span class='ocrx_word' id='word_1_178' title='bbox 731 4049 925 4133; x_wconf 83' lang='lat' dir='ltr'><strong>intemptus3</strong></span> <span class='ocrx_word' id='word_1_179' title='bbox 950 4053 982 4114; x_wconf 89' lang='lat' dir='ltr'><strong>et</strong></span> <span class='ocrx_word' id='word_1_180' title='bbox 997 4055 1070 4134; x_wconf 84' lang='lat' dir='ltr'><strong>post</strong></span> <span class='ocrx_word' id='word_1_181' title='bbox 1085 4054 1219 4116; x_wconf 88' lang='lat' dir='ltr'><strong>mortem</strong></span> 
     </span>
     <span class='ocr_line' id='line_1_28' title="bbox 108 4152 1222 4225; baseline 0.009 -10"><span class='ocrx_word' id='word_1_182' title='bbox 108 4152 169 4220; x_wconf 87' lang='lat' dir='ltr'><strong>eius</strong></span> <span class='ocrx_word' id='word_1_183' title='bbox 183 4155 343 4225; x_wconf 77' lang='lat' dir='ltr'><strong>Nicolaus</strong></span> <span class='ocrx_word' id='word_1_184' title='bbox 358 4155 471 4224; x_wconf 86' lang='lat' dir='ltr'><strong>Burrus</strong></span> <span class='ocrx_word' id='word_1_185' title='bbox 486 4159 592 4224; x_wconf 84' lang='lat' dir='ltr'><strong>tesius</strong></span> <span class='ocrx_word' id='word_1_186' title='bbox 608 4153 781 4224; x_wconf 85' lang='lat' dir='ltr'><strong>Seluuunie</strong></span> <span class='ocrx_word' id='word_1_187' title='bbox 797 4152 933 4222; x_wconf 78' lang='lat' dir='ltr'><strong>dilectus</strong></span> <span class='ocrx_word' id='word_1_188' title='bbox 949 4153 1097 4222; x_wconf 85' lang='lat' dir='ltr'><strong>etlidelis</strong></span> <span class='ocrx_word' id='word_1_189' title='bbox 1112 4162 1222 4225; x_wconf 88' lang='lat' dir='ltr'><strong>noster</strong></span> 
     </span>
     <span class='ocr_line' id='line_1_29' title="bbox 106 4258 1221 4351; baseline 0.007 -28"><span class='ocrx_word' id='word_1_190' title='bbox 106 4260 264 4330; x_wconf 86' lang='lat' dir='ltr'><strong>uniuersas</strong></span> <span class='ocrx_word' id='word_1_191' title='bbox 293 4259 518 4351; x_wconf 80' lang='lat' dir='ltr'><strong>possessiones</strong></span> <span class='ocrx_word' id='word_1_192' title='bbox 534 4261 678 4330; x_wconf 86' lang='lat' dir='ltr'><strong>eiusdem</strong></span> <span class='ocrx_word' id='word_1_193' title='bbox 697 4261 870 4330; x_wconf 83' lang='lat' dir='ltr'><strong>existentes</strong></span> <span class='ocrx_word' id='word_1_194' title='bbox 885 4259 920 4326; x_wconf 93' lang='lat' dir='ltr'><strong>in</strong></span> <span class='ocrx_word' id='word_1_195' title='bbox 935 4258 1114 4328; x_wconf 81' lang='lat' dir='ltr'><strong>Seluuonia</strong></span> <span class='ocrx_word' id='word_1_196' title='bbox 1128 4281 1221 4331; x_wconf 84' lang='lat' dir='ltr'><strong>anun·</strong></span> 
     </span>
     <span class='ocr_line' id='line_1_30' title="bbox 105 4365 1221 4454; baseline 0.004 -24"><span class='ocrx_word' id='word_1_197' title='bbox 105 4375 197 4448; x_wconf 81' lang='lat' dir='ltr'><strong>parat.</strong></span> <span class='ocrx_word' id='word_1_198' title='bbox 229 4369 351 4438; x_wconf 87' lang='lat' dir='ltr'><strong>Verum</strong></span> <span class='ocrx_word' id='word_1_199' title='bbox 368 4369 445 4454; x_wconf 87' lang='lat' dir='ltr'><strong>quia</strong></span> <span class='ocrx_word' id='word_1_200' title='bbox 460 4368 658 4438; x_wconf 87' lang='lat' dir='ltr'><strong>Merenlinus</strong></span> <span class='ocrx_word' id='word_1_201' title='bbox 674 4367 790 4436; x_wconf 83' lang='lat' dir='ltr'><strong>Comes</strong></span> <span class='ocrx_word' id='word_1_202' title='bbox 805 4365 912 4434; x_wconf 86' lang='lat' dir='ltr'><strong>tidelis</strong></span> <span class='ocrx_word' id='word_1_203' title='bbox 928 4373 1048 4454; x_wconf 88' lang='lat' dir='ltr'><strong>noster,</strong></span> <span class='ocrx_word' id='word_1_204' title='bbox 1078 4387 1221 4437; x_wconf 82' lang='lat' dir='ltr'><strong>anunen-</strong></span> 
     </span>
     <span class='ocr_line' id='line_1_31' title="bbox 106 4469 1222 4565; baseline 0.009 -30"><span class='ocrx_word' id='word_1_205' title='bbox 106 4469 150 4540; x_wconf 88' lang='lat' dir='ltr'><strong>lur</strong></span> <span class='ocrx_word' id='word_1_206' title='bbox 164 4475 266 4562; x_wconf 82' lang='lat' dir='ltr'><strong>ipsius</strong></span> <span class='ocrx_word' id='word_1_207' title='bbox 283 4477 418 4546; x_wconf 79' lang='lat' dir='ltr'><strong>Comitis</strong></span> <span class='ocrx_word' id='word_1_208' title='bbox 433 4476 597 4565; x_wconf 89' lang='lat' dir='ltr'><strong>Perehini,</strong></span> <span class='ocrx_word' id='word_1_209' title='bbox 629 4475 867 4544; x_wconf 81' lang='lat' dir='ltr'><strong>dimidietatem</strong></span> <span class='ocrx_word' id='word_1_210' title='bbox 892 4473 1118 4544; x_wconf 83' lang='lat' dir='ltr'><strong>uniuersarum</strong></span> <span class='ocrx_word' id='word_1_211' title='bbox 1150 4496 1222 4562; x_wconf 86' lang='lat' dir='ltr'><strong>pus·</strong></span> 
     </span>
     <span class='ocr_line' id='line_1_32' title="bbox 106 4580 1222 4671; baseline 0.005 -23"><span class='ocrx_word' id='word_1_212' title='bbox 106 4582 270 4652; x_wconf 73' lang='lat' dir='ltr'><strong>sessionum</strong></span> <span class='ocrx_word' id='word_1_213' title='bbox 287 4583 439 4654; x_wconf 85' lang='lat' dir='ltr'><strong>Perehini</strong></span> <span class='ocrx_word' id='word_1_214' title='bbox 455 4581 589 4653; x_wconf 75' lang='lat' dir='ltr'><strong>domtus</strong></span> <span class='ocrx_word' id='word_1_215' title='bbox 605 4581 826 4671; x_wconf 79' lang='lat' dir='ltr'><strong>predictarum</strong></span> <span class='ocrx_word' id='word_1_216' title='bbox 842 4601 935 4650; x_wconf 84' lang='lat' dir='ltr'><strong>suurn</strong></span> <span class='ocrx_word' id='word_1_217' title='bbox 962 4580 1064 4649; x_wconf 86' lang='lat' dir='ltr'><strong>luisse</strong></span> <span class='ocrx_word' id='word_1_218' title='bbox 1088 4588 1121 4654; x_wconf 77' lang='lat' dir='ltr'><strong>et</strong></span> <span class='ocrx_word' id='word_1_219' title='bbox 1150 4603 1222 4654; x_wconf 86' lang='lat' dir='ltr'><strong>esee</strong></span> 
     </span>
    </p>
   </div>
   <div class='ocr_carea' id='block_1_9' title="bbox 0 0 1583 5152">
    <p class='ocr_par' dir='ltr' id='par_1_9' title="bbox 0 0 1583 5152">
     <span class='ocr_line' id='line_1_33' title="bbox 0 0 1583 5152; baseline 0 0"><span class='ocrx_word' id='word_1_220' title='bbox 0 0 1583 5152; x_wconf 95' lang='lat' dir='ltr'><strong> </strong></span> 
     </span>
    </p>
   </div>
  </div>
 </body>
</html>
