3096 5160
773 297 933 398 jol—

290 515 427 584 presens
467 491 614 561 vendicio
655 489 881 558 inreuooabilis
922 497 1118 576 perseueret,
1149 489 1194 556 ad
1225 490 1407 575 peticionem

289 604 436 690 parcium
468 609 636 689 presentes
667 601 885 667 concessimus
916 599 1042 666 litteras
1073 597 1176 681 sigilli
1199 600 1300 665 nostri
1318 601 1408 667 moui-

289 715 375 781 mine
391 715 568 780 roboratas.
587 709 745 793 Magistro
761 709 919 777 lliohaele
936 708 1115 794 Preposito,
1136 707 1249 774 Blasio
1265 707 1406 792 Custode,

287 821 373 886 Pous
404 819 539 888 Decano
554 817 699 884 llcolesie
718 823 826 883 nostre
843 815 1064 900 existentibus,
1085 835 1172 882 anno
1188 815 1301 900 gracie
1318 815 1408 882 mille·

288 927 369 994 simo
386 923 604 994 ducentesimo
621 923 842 1007 octuagesimo
859 943 953 991 nouo.

396 1123 557 1188 (Rajcsdnyi
570 1108 665 1174 Adam
678 1122 889 1187 nstrnhsgyote
900 1121 1020 1172 herirati
1038 1120 1310 1187 gydjiemenyebdl.)

723 1403 989 1419 ——h———n—

821 1937 897 2006 tos.

292 2138 475 2225 Achrobi
497 2139 720 2226 ltdptclauook
750 2134 1029 2220 bizooyedglevelc,
1060 2141 1143 2222 hopy
1165 2160 1186 2198 a
1218 2135 1306 2198 Rata
1337 2156 1412 2197 umo-

296 2247 458 2330 zetadgbelc'
473 2245 614 2309 nemeaelc
638 2244 852 2328 Drozpometb
867 2242 1023 2328 belycdgct
1039 2242 1169 2308 eladtdlc
1202 2240 1313 2306 Isinda
1342 2239 1412 2306 bdu-

751 2350 827 2415 oolc.
854 2347 952 2413 1289.

401 2542 583 2628 Capitulum
634 2543 863 2628 Zagrabiensis
913 2541 1060 2608 Ecclesia
1099 2538 1260 2608 uniuersis
1299 2539 1413 2606 Christi

292 2649 441 2717 fidelibus
457 2668 590 2734 presens
605 2650 759 2734 scriptum
774 2649 965 2735 inspecturis
982 2646 1120 2714 salutem
1137 2646 1170 2712 in
1186 2647 1333 2714 Domino.
1364 2645 1411 2712 nd

294 2757 515 2826 uniuersorum
546 2755 698 2822 noticiam
730 2761 842 2822 tenore
860 2754 1061 2840 presencium
1077 2755 1224 2821 volumus
1240 2756 1413 2839 peruenire,

293 2862 377 2947 quod
393 2863 488 2931 Maris
504 2863 570 2930 filio
586 2863 716 2930 Martini
744 2883 802 2948 pro
832 2883 870 2930 se
900 2869 933 2928 et
965 2859 1122 2928 fratribus
1152 2863 1230 2948 suis,
1264 2862 1413 2948 Gregorio

294 2969 448 3037 uidelicet
477 2977 511 3038 et
541 2969 726 3055 Demetrio;
750 2970 828 3036 item
860 2967 965 3036 Dersk
996 2966 1064 3032 lilio
1079 2967 1249 3036 Mortunus
1266 2990 1323 3054 pro
1338 2991 1371 3036 se
1386 2975 1415 3036 et

294 3075 395 3144 fratre
409 3097 469 3143 suo
483 3072 627 3162 budrea,
651 3075 825 3144 Nobilibus
841 3075 882 3142 de
898 3093 1017 3160 genere
1035 3075 1121 3142 Rata
1152 3076 1193 3141 ab
1225 3097 1293 3158 una
1317 3085 1415 3164 parte,

294 3191 326 3249 et
343 3183 492 3268 Nycolao
508 3183 574 3250 filio
589 3183 729 3251 Arlandi
746 3202 804 3269 pro
824 3183 963 3248 Domino
979 3201 1037 3248 suo
1053 3182 1155 3250 nobili
1170 3183 1241 3250 riro
1257 3184 1415 3274 Stephano

293 3289 385 3356 Bono
400 3289 466 3356 filio
483 3289 618 3358 Comitis
634 3289 680 3356 St.
696 3292 738 3356 ab
759 3291 874 3374 altera,
901 3291 1115 3374 personaliter
1145 3291 1179 3356 in
1211 3301 1320 3359 nostra
1351 3313 1416 3381 pre·

293 3399 403 3464 sencio
434 3396 636 3481 constitutis3
660 3396 759 3481 ijdem
791 3395 888 3462 Mark
906 3404 938 3463 et
954 3397 1063 3465 Derslr
1079 3395 1220 3465 confessi
1236 3407 1324 3486 sunt,
1339 3421 1372 3469 se
1387 3405 1416 3468 et

293 3503 411 3570 fratres
428 3523 503 3571 suos
532 3503 774 3588 prenominatos
789 3503 830 3571 de
861 3504 948 3571 bona
978 3511 1011 3570 et
1042 3511 1225 3590 spontanea
1255 3509 1417 3574 voluntate

294 3611 436 3693 ipsorum
469 3611 631 3693 quandam
664 3617 785 3679 terram
815 3631 908 3677 suam
924 3611 965 3676 de
982 3611 1213 3698 Drozgometh,
1231 3613 1418 3682 existentem

294 3718 387 3783 iuxta
402 3718 535 3784 fluuium
552 3721 649 3804 Maya
680 3727 911 3804 nuncupatum,
943 3739 1016 3786 cum
1048 3721 1197 3787 omnibus
1227 3722 1419 3790 utilitatibus

293 3833 326 3892 et
357 3826 566 3911 pertinencijs
594 3825 743 3892 ¹eiusdem
775 3823 901 3911 prefato
928 3827 1096 3910 Stephano
1112 3829 1205 3896 Bauo
1221 3829 1417 3916 uendidisse,

291 3931 477 4018 tradidisse,
495 3938 527 3997 et
542 3931 738 4020 assignasse,
754 3951 793 3998 ae
809 3952 866 4016 per
883 3952 955 3998 eom
972 3933 1039 4001 suis
1064 3933 1239 4003 heredibus
1257 3937 1418 4004 heredum·

238 4121 240 4126 λ
293 4059 354 4122 que
385 4059 514 4107 suorum
543 4041 782 4107 successoribus
823 4041 892 4106 iore
932 4050 1088 4127 perpetuo
1129 4043 1359 4128 possidendam
1391 4049 1422 4109 et

291 4146 474 4214 habendam
490 4168 548 4234 pro
565 4149 703 4231 vinginti
719 4147 846 4234 marcis,
860 4169 941 4232 quas
956 4155 1034 4218 sect
1045 4151 1162 4218 fratres
1179 4171 1255 4220 suos
1272 4151 1420 4220 dixerunt

292 4255 334 4319 ab
366 4255 480 4322 eodem
512 4255 557 4322 St.
576 4255 667 4324 Bono
695 4256 844 4343 plenarie
863 4257 1048 4344 recepisse,
1072 4260 1256 4345 obligantes
1274 4281 1310 4328 se
1326 4261 1421 4345 ijdem

291 4361 475 4430 venditores
492 4363 534 4430 ad
550 4363 787 4449 expediendum
803 4365 1134 4434 eundemSt.Banum
1147 4369 1261 4435 eteius
1288 4369 1421 4435 heredes

291 4471 334 4538 ab
351 4473 437 4538 omni
467 4493 564 4559 super
579 4473 653 4559 ipsa
668 4473 803 4542 vendita
818 4481 908 4543 terra
927 4496 985 4561 per
1005 4480 1192 4564 quempiam
1209 4479 1243 4544 in
1261 4485 1422 4564 posterum

292 4585 477 4664 emergente
493 4582 661 4667 questione
675 4585 707 4650 io
719 4585 861 4672 proprijs
873 4586 1017 4672 ipsorum
1038 4587 1205 4656 laboribus
1223 4587 1424 4678 etexpeusis·
