3124 5152
652 949 728 1018 253.

128 1155 227 1239 Futop
238 1150 363 1238 sermoc'
373 1152 505 1241 pdepo'ic
521 1153 553 1217 ds
569 1151 706 1238 apostoli
722 1149 869 1216 kdvatrreb
883 1171 1049 1236 percurso
1068 1171 1090 1214 α
1105 1145 1255 1233 seroces-

128 1261 255 1326 rcudict·
269 1263 411 1326 oerdcaei
426 1260 701 1346 paerdidnjdboa,
731 1260 816 1344 bopy
842 1257 973 1323 Verdcza
989 1261 1085 1322 odron
1111 1255 1255 1343 lrdzoc'pdt

124 1371 211 1450 iutra
226 1369 390 1436 ariamini
406 1393 427 1432 a
445 1367 558 1434 tizadet
567 1367 703 1452 flaocadic
732 1390 754 1431 a
779 1364 914 1452 adprddi
935 1363 1131 1453 ptiopddnrk.
1156 1364 1254 1427 1280.

225 1547 397 1651 Philippus
438 1562 650 1630 miseracione
692 1561 804 1629 diviua
843 1561 1017 1628 Firmanus
1060 1558 1254 1647 Episcopus,

127 1670 308 1758 Apostolicc
319 1671 414 1739 Sedis
425 1674 579 1756 Legatos,
595 1669 746 1754 religioso
757 1669 826 1737 viro
843 1667 1092 1737 ...Guardiano
1103 1671 1252 1735 Fratrum

127 1780 282 1846 itinerum
304 1779 346 1844 de
370 1776 530 1862 Veruchc,
557 1776 788 1861 Zagrabieusis
810 1776 969 1864 Diocesis,
986 1777 1123 1844 salutem
1141 1777 1172 1842 in
1191 1777 1252 1840 Do-

126 1887 218 1956 mino.
235 1886 410 1965 Querelam
429 1885 624 1952 venerabilis
642 1885 744 1970 patris
763 1883 934 1970 Thymotci
955 1883 1017 1949 Dei
1049 1883 1161 1968 gracia
1193 1884 1252 1951 Za-

125 1992 303 2076 grabiensis
329 1994 482 2078 Episcopi
509 1993 689 2078 recepimus
717 1993 933 2060 continentem
952 2017 960 2057 :
978 1993 1064 2076 quod
1081 1992 1204 2058 iudices
1220 2003 1252 2058 et

127 2101 267 2169 homiues
282 2102 323 2169 de
340 2100 488 2168 Veruche
505 2109 536 2169 ct
553 2102 594 2168 de
615 2102 720 2185 Lipua
751 2108 783 2168 et
814 2100 977 2168 Comitatu
1006 2099 1160 2185 eiusdem,
1192 2101 1251 2167 Za·

128 2211 306 2292 grabieusis
337 2207 492 2292 Diocesis,
523 2215 671 2294 pretextu
702 2228 904 2294 guerrarum,
937 2227 1002 2292 quc
1037 2209 1072 2273 iu
1106 2207 1251 2293 partibus

129 2315 187 2383 iilis
203 2316 334 2383 fuerumt
350 2315 547 2401 temporibus
574 2315 752 2399 retroactis,
784 2316 824 2383 de
856 2314 988 2382 decimis
1021 2316 1064 2382 ad
1094 2316 1201 2401 ipsum
1219 2323 1252 2382 et

129 2423 304 2490 Ecclesiam
335 2441 428 2488 suam
460 2421 501 2488 dc
532 2423 602 2488 iure
635 2423 858 2507 spectantibus
894 2442 959 2488 non
992 2427 1146 2490 curarunt
1176 2425 1251 2490 irae·

127 2536 224 2615 tenus,
257 2550 317 2597 nec
348 2537 464 2596 curant
496 2527 600 2594 cidem
625 2529 658 2594 in
676 2529 785 2612 aliquo
803 2529 995 2614 respondere
1012 2529 1045 2595 in
1071 2531 1250 2597 animarum

126 2659 250 2704 suarum
267 2637 447 2722 periculum
464 2645 496 2702 et
507 2637 651 2721 ipsorum
663 2635 815 2722 Episcopi
828 2648 859 2702 et.
870 2637 1016 2704 Ecclesic
1033 2637 1245 2722 prciudicium

128 2753 354 2828 etgravamcn.
371 2742 481 2821 Quare
498 2743 583 2809 idem
612 2743 805 2810 venerabilis
836 2751 927 2828 pater
960 2745 1051 2811 nobis
1082 2744 1244 2812 humiliter

128 2851 330 2938 supplicavit,
363 2858 399 2916 ut
416 2849 477 2917 sibi
502 2859 534 2917 ct
551 2851 694 2944 Ecclesie
710 2871 808 2938 super
822 2850 883 2916 hoc
899 2872 1085 2918 curaremus
1101 2852 1142 2918 dc
1157 2873 1248 2938 opor-

128 2963 210 3026 tunis
227 2958 381 3027 remediis
398 2945 753 3044 provideressQuocirca
779 2959 968 3025 discrecioni
1001 2967 1064 3043 tue,
1081 2979 1145 3043 qun
1176 2960 1249 3026 sun·

129 3070 225 3150 gimur
255 3067 450 3134 auctoritate
475 3066 706 3134 committimus
723 3073 755 3132 et
774 3065 975 3152 mandamus,
992 3075 1151 3151 quatenus
1168 3069 1250 3135 iudi-

128 3193 178 3241 ces
192 3181 222 3240 et
237 3173 383 3240 homines
398 3173 602 3260 supradictos
619 3197 657 3242 ex
677 3182 769 3261 parte
785 3183 895 3242 nostra
920 3175 1093 3243 efficaciter
1120 3197 1248 3244 monere

130 3289 159 3349 et
175 3281 326 3350 inducere
356 3302 517 3370 procures,
552 3289 587 3348 ut
618 3283 659 3350 de
689 3283 847 3369 predictis
876 3281 1009 3350 decimis
1033 3285 1192 3372 Episcopo
1217 3297 1249 3353 et

130 3390 265 3458 Ecclesia
276 3388 505 3475 respondeant,
517 3397 548 3458 et
558 3391 781 3460 desubtractis
794 3391 1009 3477 satisfaciant,
1027 3401 1061 3458 ut
1078 3399 1247 3479 tenentur;

129 3497 265 3583 alioquin
296 3518 369 3564 cum
401 3497 500 3564 simus
524 3499 672 3567 omnibus
690 3500 721 3564 in
739 3498 869 3566 iusticia
886 3497 1057 3585 debitores,
1072 3521 1169 3588 super
1185 3500 1248 3569 hiis

130 3624 186 3673 non
215 3625 384 3693 possemus
416 3605 512 3672 saiva
543 3606 749 3703 consciencia
790 3607 997 3692 pertransire,
1028 3609 1107 3692 quin
1146 3611 1248 3696 ipsius
1335 3627 1338 3632 ’

129 3711 261 3784 Ecclesie
292 3714 530 3800 indempnitati,
548 3723 580 3782 ct
595 3715 766 3784 animabus
783 3717 926 3800 ipsorum
944 3737 1128 3785 curaremus
1143 3721 1249 3804 provi-

132 3817 201 3886 dere
215 3819 323 3906 saluti.
355 3820 493 3906 Insuper
513 3843 570 3890 vos
586 3843 628 3889 ex
644 3821 739 3889 corde
754 3843 915 3909 rogamus,
932 3833 966 3892 ut
982 3825 1129 3892 omnibus
1144 3831 1248 3894 trans·

132 3928 270 4000 euntibus
302 3950 360 4016 per
392 3938 501 4016 partes
518 3938 642 4000 vestras
657 3953 715 4019 pro
732 3935 919 4001 reverencia
934 3933 1172 4018 Omnipotcntis
1188 3937 1249 4004 Dei

131 4041 161 4100 et
171 4034 282 4106 Sancte
298 4040 443 4106 Romane
459 4039 606 4108 Ecclesie
629 4046 809 4108 nostrorum
827 4043 1047 4127 precaminum
1066 4043 1247 4112 interventu

132 4160 268 4212 securum
300 4145 471 4214 transitum
504 4147 680 4232 prebeatis.
713 4147 835 4217 Datum
866 4149 899 4215 in
915 4156 1021 4218 castro
1049 4150 1189 4220 Budeusi
1207 4151 1247 4220 V.

131 4247 283 4323 kalendas
300 4251 461 4322 Octobris.

239 4452 400 4520 (Thalerics,
419 4453 545 4505 Menum.
565 4455 632 4506 hist.
651 4455 743 4520 Episc.
763 4456 879 4524 Zagrab.
901 4457 923 4507 1.
944 4454 1002 4506 tuot.
1025 4461 1084 4508 201.
1105 4457 1134 4520 1.)

1076 4747 1139 4818 20·
