3096 5160
822 264 980 364 *ms—

335 462 516 548 Woywoda
531 470 623 549 pater
654 461 758 547 ipsius
789 479 828 526 eo
845 462 917 546 ipse
933 475 1035 542 vsqne
1051 457 1146 524 modo
1160 457 1299 541 panifioe
1314 456 1449 544 possode

335 575 420 655 runt,
452 590 512 636 neo
544 590 609 636 non
640 569 699 636 sub
731 567 854 636 eisdem
870 569 964 634 metis
980 574 1013 634 et
1028 565 1199 652 limitibus,
1216 566 1335 652 quibus
1352 563 1449 633 eadem

338 678 530 761 abantiquo
547 677 685 744 limitata
710 676 814 743 iuerat
847 683 880 744 et
912 675 1074 762 extiterat,
1102 674 1245 760 dedisse,
1278 673 1449 740 vendidisse

339 793 370 850 et
386 784 560 852 tradidisse
592 789 640 850 est
656 785 832 868 confessus,
865 783 935 850 inre
950 781 1142 868 perhennali
1162 787 1194 846 et
1210 779 1450 847 irrenooabititer

338 893 371 956 in
388 891 471 958 filios
487 893 623 958 tiliorum
641 897 672 956 et
688 889 823 957 heredes
841 893 984 975 ipsorum
1000 889 1170 955 vninersos
1187 887 1297 969 quiete
1316 895 1347 954 et
1376 887 1449 974 pasi-

337 999 396 1066 fioe
412 997 651 1084 possidendam,
669 997 841 1066 tenendam
858 1005 891 1064 et
906 996 1101 1066 habendam.
1120 997 1160 1062 at
1176 995 1361 1062 Anthonins
1376 997 1450 1061 filins

340 1105 498 1174 dothardi
511 1131 517 1188 ;
532 1107 708 1190 Johannes,
725 1106 892 1194 Nieolaus,
908 1105 1028 1173 Paulus
1046 1110 1078 1172 et
1093 1103 1280 1171 Dominions
1312 1103 1368 1188 fiiij
1397 1102 1449 1167 An-

337 1215 425 1301 dree,
450 1216 660 1282 nommetanei
678 1221 710 1280 et
729 1215 825 1282 vieini
842 1213 985 1282 eiusdem
1002 1212 1228 1298 possessionis,
1245 1210 1446 1296 personaliter

337 1323 476 1406 astando
493 1323 567 1389 huie
584 1359 627 1370 -
642 1359 686 1370 -
703 1323 756 1390 oni
773 1330 805 1390 et
822 1321 981 1408 emptioni
1010 1321 1141 1405 plenum
1173 1339 1363 1387 eonsensum
1391 1337 1450 1403 pre·

338 1433 478 1496 buerunt
508 1438 540 1500 et
555 1451 735 1499 assensum.
769 1432 905 1517 Insuper
935 1429 1022 1498 idem
1037 1429 1192 1498 Hemious
1208 1428 1367 1512 obligauit
1380 1447 1411 1494 se
1425 1439 1451 1492 et

338 1561 415 1606 snos
431 1539 566 1607 heredes
582 1539 623 1606 ab
640 1542 702 1606 stb.
718 1539 764 1626 (A
780 1539 869 1607 tonsi
884 1541 917 1606 le
931 1559 996 1607 van
1013 1537 1172 1624 saakttva,
1198 1557 1215 1604 s
1231 1536 1312 1604 mint
1344 1532 1449 1602 tetsaik

338 1671 359 1716 a
378 1653 665 1732 saavazatosstgot
682 1647 877 1734 ttrgyazta.)
1457 1657 1458 1666 ’

340 1848 480 1911 OEredetie
499 1808 683 1912 bttihdrtytm
718 1863 734 1898 a
759 1847 846 1898 budai
864 1847 916 1896 kir.
937 1846 1065 1898 kamarai
1083 1844 1265 1897 levtlttrbam
1287 1844 1318 1896 V.
1337 1845 1360 1894 ὅ.
1380 1842 1451 1906 Fejtr

673 1936 740 1986 Ood.
759 1937 833 2001 Dipl.
849 1937 883 1989 V.
903 1937 930 1987 k.
951 1941 974 1986 3.
988 1950 1011 1986 r.
1028 1940 1086 1986 148.
1100 1935 1132 1998 l.)

869 2871 944 2941 376.

340 3067 370 3134 Α
381 3069 582 3154 pdosootradi
596 3071 793 3137 maoeotoek
809 3072 1084 3159 bizooysdpleoeio,
1114 3077 1198 3159 kopp
1223 3073 1318 3157 Enete,
1346 3073 1453 3138 Jonas-

337 3179 403 3242 aaa
413 3179 475 3261 fin,
493 3178 635 3263 hireitap
650 3183 897 3265 meqhotdroeott
913 3182 1087 3246 daszoahnt
1097 3184 1189 3264 pinsit
1200 3157 1311 3266 Ᾰιραὶ
1322 3181 1451 3264 astolp-

338 3287 404 3352 παῖε
419 3290 451 3351 es
467 3286 740 3351 srdeksorsainat
756 3289 872 3354 attente
887 3288 1080 3374 inoffensi,
1110 3311 1131 3354 o
1148 3291 1207 3353 mit
1238 3291 1309 3354 eaelo
1339 3290 1365 3354 sl
1392 3311 1452 3352 stem

682 3394 861 3482 fopodtak.
887 3398 987 3463 1286.
1003 3397 1109 3463 terat.

444 3589 512 3656 Nos
552 3586 737 3658 conuentus
777 3593 965 3677 Monasterij
999 3592 1223 3661 waradiensis
1255 3593 1368 3662 damns
1394 3613 1452 3677 pro

338 3695 503 3781 memoria,
520 3695 607 3780 quod
623 3717 694 3764 oum
710 3698 866 3770 Nicolaus
883 3700 1000 3769 Comes
1016 3701 1102 3769 filins
1119 3703 1188 3769 Iule
1204 3721 1264 3788 pro
1280 3704 1371 3772 Etete
1392 3701 1453 3767 stin

336 3800 494 3871 iohannis
525 3805 656 3872 rasione
686 3807 854 3875 cniusdam
885 3809 1102 3894 possessionis
1133 3811 1235 3896 ipsius
1266 3812 1358 3879 Etele
1386 3811 1454 3878 Sari

339 3919 455 3978 uocate
471 3913 505 3978 in
521 3912 688 3996 quindena
702 3914 811 3982 Sancti
827 3916 974 3985 Mioaetis
991 3917 1138 4004 proximo
1169 3922 1323 4005 proteris,
1351 3938 1453 3986 amnn-

338 4017 412 4084 dum
429 4019 663 4087 eontineneiam
679 4025 819 4108 priorum
834 4023 1016 4092 litterarum
1026 4033 1211 4092 nostrarum
1226 4027 1452 4094 memorialium

338 4127 469 4194 Minaeli
484 4127 551 4194 filio
569 4128 716 4196 Minaelis
732 4131 774 4198 de
791 4133 888 4218 Arpa‚
904 4132 1032 4221 ipolito,
1049 4132 1193 4202 Olinerio
1220 4134 1261 4202 de
1291 4133 1452 4216 Pnrnalon,

336 4233 530 4315 Alexandro,
562 4234 732 4304 Valentino
749 4245 781 4306 et
796 4239 951 4308 Ladiateo
977 4241 1017 4308 de
1033 4239 1157 4328 eadem,
1174 4243 1289 4326 viginti
1305 4265 1363 4312 sex
1379 4261 1453 4309 mar·

337 4361 391 4410 ees
408 4343 440 4408 in
457 4342 643 4428 ponderatis
667 4345 809 4433 denarijs
825 4351 952 4417 soluere
968 4349 1132 4420 debuisset
1159 4370 1267 4418 noram
1299 4354 1400 4436 nobis;
1424 4353 1455 4415 et

337 4468 408 4515 oum
440 4449 552 4518 eodem
586 4452 639 4520 die
671 4459 703 4521 et
718 4455 790 4523 loeo
808 4458 911 4525 dietus
926 4460 1018 4528 Etete
1033 4459 1156 4526 litteras
1183 4467 1310 4530 nostras
1335 4459 1453 4548 priuile-

338 4555 441 4638 giales
458 4579 516 4642 pro
533 4561 730 4646 possidenda
751 4585 808 4633 seu
840 4567 1018 4652 optinenda
1048 4569 1254 4657 possessione
1285 4561 1453 4658 presoripta
