3112 5154
655 355 816 455 ju„

165 568 237 615 rum
253 553 414 616 metarum
430 549 463 614 in
478 546 559 635 ipsis
576 547 694 617 litteris
709 549 912 634 Preceptoris
938 555 973 617 et
1003 547 1196 616 arbitrorum
1228 566 1298 633 pre-

169 653 332 722 dictorum
348 657 489 724 vidimus
504 656 673 741 contineri,
697 655 779 723 sicut
795 655 900 724 eciam
917 656 1061 743 predicte
1076 662 1187 743 partes
1203 654 1298 722 nobis

166 763 350 830 retulerunt
365 764 443 830 uina
458 781 540 830 noce
555 789 563 830 :
579 761 688 830 Prima
703 771 791 830 meta
807 762 923 850 incipit
937 783 960 831 a
974 767 1068 849 parto
1093 759 1245 830 orientali
1276 783 1298 828 a

166 868 313 953 quodam
328 869 440 956 tinnio,
471 870 526 938 nbi
543 876 618 939 sunt
634 869 697 938 dne
714 879 798 938 mete
814 877 930 957 terroe,
960 870 996 936 in
1012 888 1148 953 qnarmn
1164 890 1232 937 nna
1247 876 1298 936 est

159 975 353 1065 gyabukar,
383 977 431 1046 ita
447 977 607 1065 videlicet,
631 978 717 1064 quod
747 983 836 1046 terra
866 984 1010 1064 aparte
1040 976 1297 1064 septemtrionali

164 1079 325 1152 adiacens
341 1083 491 1153 cessisset
506 1085 685 1173 Dominico,
702 1085 860 1171 Dyonisio
876 1091 909 1152 et
924 1086 1029 1154 Panlo
1044 1085 1208 1172 predictis,
1226 1083 1296 1152 alia

169 1207 250 1257 nero
264 1197 362 1277 parte
376 1211 398 1258 a
420 1199 514 1278 parte
530 1193 735 1261 meridionali
750 1193 909 1262 existente
924 1197 1113 1262 remanente
1128 1192 1234 1262 Pousa
1264 1197 1298 1258 et

165 1296 274 1366 Paulo
291 1297 494 1386 memoratis;
512 1300 630 1367 deinde
646 1307 735 1368 recto
750 1295 954 1385 procedendo
970 1319 1083 1368 uersus
1095 1299 1295 1370 occidentem

165 1402 261 1472 uadit
276 1403 318 1472 ed
334 1426 433 1474 unam
449 1406 599 1475 arborem
614 1407 719 1494 nucis,
736 1407 795 1475 sub
812 1413 968 1493 quaeunt
983 1407 1145 1476 duemete
1170 1414 1293 1491 terree;

164 1511 289 1580 deinde
303 1521 392 1584 recte
407 1515 613 1601 procedendo
630 1517 664 1583 in
680 1515 794 1583 eodem
811 1535 971 1602 gyamege
1003 1515 1093 1582 uenit
1123 1515 1166 1582 ad
1197 1517 1296 1602 niam,

167 1638 233 1703 que
251 1619 344 1688 uadit
360 1621 403 1687 ed
420 1621 532 1689 uillam
548 1623 618 1709 Isip
635 1622 676 1690 de
691 1622 794 1710 Boxa,
810 1624 902 1690 iuxta
917 1642 1014 1707 quam
1031 1623 1118 1689 uiam
1133 1630 1208 1689 sunt
1233 1622 1297 1689 dne

165 1734 253 1795 mete
268 1733 391 1814 terree;
415 1729 537 1797 abhinc
553 1730 757 1816 procedendo
773 1732 864 1798 uenit
878 1731 922 1797 ad
940 1731 1020 1798 duas
1038 1739 1150 1818 metas,
1168 1733 1201 1796 in
1220 1751 1298 1814 qua-
1407 1779 1413 1794 s

167 1857 238 1903 rum
255 1855 319 1902 vna
334 1845 384 1904 est
399 1837 725 1926 dymulcbynbnkur3
749 1839 826 1905 bino
842 1838 932 1905 uenit
948 1838 991 1906 ad
1008 1837 1090 1904 duas
1115 1845 1228 1924 metas,
1259 1840 1292 1905 in

163 1963 303 2028 quarum
320 1963 386 2012 nna
401 1950 449 2012 est
465 1945 562 2012 arbor
577 1946 683 2031 pomi;
708 1945 827 2012 exinde
843 1951 932 2013 recte
947 1943 1154 2030 procedendo
1179 1967 1293 2014 uersus

167 2051 372 2117 occidentem
390 2050 480 2120 uenit
496 2051 540 2120 ad
556 2072 709 2136 magnam
726 2053 824 2138 niam,
856 2071 919 2135 que
934 2052 975 2118 de
1006 2053 1099 2120 Boxa
1129 2055 1222 2120 uadit
1252 2055 1295 2120 ad

166 2157 282 2224 uillam
297 2158 428 2245 Bogud,
445 2160 501 2226 nbi
517 2165 593 2226 sunt
617 2159 679 2226 due
711 2167 796 2225 mete
827 2165 942 2228 terree-
962 2162 1155 2244 angularem
1179 2161 1295 2230 deinde

164 2275 256 2330 reete
271 2265 478 2349 procedendo
494 2265 536 2334 ad
552 2271 678 2351 partem
694 2265 935 2334 meridionalem
951 2269 1041 2334 uenit
1056 2266 1100 2334 ad
1116 2267 1197 2335 duas
1230 2289 1294 2336 me·

167 2377 221 2439 tas
237 2378 360 2440 terreas
380 2379 505 2440 ueteres
521 2381 553 2440 et
568 2375 732 2460 antiquas,
749 2393 813 2457 que
829 2379 984 2460 separant
999 2395 1020 2440 a
1035 2381 1128 2460 parte
1147 2375 1296 2444 meridio-

165 2479 237 2546 nali
253 2485 375 2546 terram
391 2481 531 2548 filiorum
546 2481 616 2566 Isip
633 2503 654 2548 a
670 2488 756 2550 terra
772 2483 880 2549 Pousa
895 2481 1057 2550 etPaulus
1069 2483 1294 2572 predictorum,

161 2592 201 2654 et
215 2607 238 2653 c
252 2595 347 2672 parte
363 2587 596 2656 occidentalia
620 2595 708 2656 terra
737 2589 900 2656 Dominici
930 2595 963 2656 et
994 2609 1124 2657 suorum
1156 2589 1293 2657 fratrum

163 2695 378 2783 prelatorum,
394 2695 504 2780 ibique
519 2697 722 2763 terminatur.
746 2696 902 2764 Preterca
917 2698 1083 2782 quantitas
1099 2699 1202 2781 ipsius
1222 2717 1295 2783 par·

165 2800 269 2869 ticnle
284 2807 379 2887 terre,
395 2821 459 2886 que
476 2803 574 2871 cessit
590 2805 623 2869 in
647 2803 834 2888 porcionem
852 2805 959 2872 Ponsc
974 2812 1007 2870 et
1037 2803 1157 2871 Paulus
1187 2805 1292 2890 predi-

162 2915 294 2976 ctorum
309 2930 381 2976 cum
398 2909 546 2977 omnibns
571 2912 639 2978 snis
664 2913 862 2980 utilitatibus
895 2919 944 2980 est
974 2910 1138 2977 sufficiens
1171 2911 1294 2980 culture

163 3015 305 3084 duorum
332 3024 531 3100 aratrornm3
554 3024 650 3104 prout
666 3018 765 3104 ijdem
782 3019 893 3086 arbitri
911 3019 983 3086 uisu
998 3017 1177 3103 potuissent
1193 3037 1294 3084 anno·

161 3132 244 3192 tare.
261 3123 301 3191 In
317 3127 411 3193 ouius
426 3127 476 3192 rei
491 3125 704 3194 testimouium
721 3133 888 3214 presentes
905 3127 1032 3194 litteras
1048 3146 1118 3192 cnm
1136 3126 1292 3211 alpabeto

162 3233 338 3301 intercisas
370 3234 588 3302 concessimus
620 3235 722 3319 sigilli
752 3237 853 3324 nostri
883 3236 1059 3304 munimine
1104 3237 1289 3302 roboratas.

163 3341 287 3408 Datum
302 3360 392 3407 anno
407 3341 538 3408 Domini
552 3343 673 3410 Μῠῦὒο
689 3344 932 3430 septuagesimo
945 3349 1049 3410 'sexto
1072 3339 1202 3408 Valtcro
1229 3343 1292 3407 De·

162 3468 259 3534 cano,
276 3447 445 3516 Bonifaoio
461 3449 609 3533 (instodc,
627 3451 803 3536 codemque
827 3451 965 3518 (lantone
982 3448 1207 3516 existentibus.

156 3643 308 3704 (Eredetie
327 3645 511 3710 bdrhdrtydn,
541 3647 777 3712 htrtyaasinegen
796 3647 882 3713 fiiggd
902 3647 998 3711 pecsdt
1017 3649 1107 3712 alatt;
1139 3661 1156 3696 a
1183 3645 1294 3696 fomctt.

404 3735 522 3802 berczeg
540 3737 709 3802 Eszterhdzy
728 3735 823 3790 csaldd
843 3736 1055 3801 levdltdrdban.)
