3096 5160
827 287 987 388 Q

342 481 456 569 byrcb,
474 490 505 548 et
521 487 669 568 peruenit
683 485 725 550 ad
742 489 862 552 metam
878 492 1036 570 terream3
1054 484 1130 551 inde
1146 485 1309 555 tendendo
1325 489 1473 556 adalind
1543 519 1544 524 ¹

342 590 444 674 byrcb
461 593 610 676 pcrucnit
625 591 775 658 similiter
791 592 834 658 ad
859 599 978 659 metam
1009 599 1159 679 terream,
1191 614 1255 677 qne
1284 605 1421 682 separat
1452 619 1473 662 a

342 705 429 764 terra
445 697 660 786 Gradpotoka
677 704 804 785 vocata,
821 705 853 766 ot
868 701 915 766 ibi
932 699 1134 768 terminatur.
1174 703 1212 767 ln
1229 703 1321 770 cuius
1335 703 1384 770 rei
1410 725 1474 772 me-

203 857 208 865 .
341 805 476 870 moriam
493 806 739 892 firmitatemque
755 814 944 892 perpetuam
961 813 1129 892 presentes
1144 808 1363 879 concessimus
1375 813 1475 898 sigilli

343 913 443 980 nostri
484 911 660 981 munimine
690 913 882 982 roborando.
919 917 1040 982 Datum
1071 935 1158 982 anno
1190 917 1322 986 Domini
1352 921 1475 990 M⁰CG⁰

343 1020 519 1088 LXXXX⁰
535 1023 652 1107 primo.

343 1221 484 1282 (Ercdetic
503 1221 685 1288 bdrhrirtytn,
714 1220 877 1274 adid-vitriis
897 1223 1136 1286 selyomzsinoron
1154 1225 1241 1292 fdggtt
1261 1228 1359 1291 pecstt
1385 1230 1458 1280 alatt

433 1313 548 1365 abudai
562 1313 614 1364 luir.
628 1313 757 1366 kamarai
770 1312 949 1366 leveltstrnalr
961 1313 1131 1381 zagrsbbsn
1143 1317 1207 1368 levo
1221 1317 1376 1384 rossoton.)

774 1601 1041 1613 w—-n

873 2137 949 2206 429.

345 2339 377 2403 A
394 2295 545 2406 zataodri
559 2341 756 2406 bonorumet
772 2339 1045 2427 btwnpsrplcveta
1062 2345 1145 2428 bopy
1161 2340 1277 2406 Boeoti
1292 2345 1478 2428 comsump-

343 2447 404 2516 teti
423 2449 532 2515 Ochos
550 2469 650 2516 comcs
675 2449 784 2516 Potina
809 2450 963 2538 brtysdpet
987 2451 1092 2516 clarita
1117 2449 1232 2536 Jonas,
1261 2447 1324 2514 Orat
1342 2449 1477 2533 fidncia.
1543 2499 1544 2502 ,

858 2558 953 2626 1291.

452 2753 519 2820 Nos
536 2750 693 2820 Nicotaus
709 2751 820 2820 Konth
834 2751 941 2836 Regni
957 2751 1126 2836 Hungario
1142 2751 1313 2820 Palatinus
1324 2751 1478 2821 ctJudex

346 2858 561 2930 comanorum
577 2860 639 2928 stb.
665 2859 751 2944 quod
776 2881 847 2926 cum
879 2878 939 2927 nos
969 2879 1029 2945 pro
1062 2859 1305 2945 compescendis
1336 2860 1477 2949 iuribus,
1543 2861 1544 2944 f

344 2970 524 3038 latronibus
541 2977 575 3038 et
590 2969 759 3054 quibusuis
775 2967 1045 3044 malefactoribus¹
1057 2967 1276 3057 eradicandis,
1292 2989 1334 3037 ao
1348 2971 1481 3040 cunctis
1543 3013 1544 3024 ἢ

344 3078 595 3161 querulantibus
635 3077 765 3145 iusticia
805 3073 1023 3162 impendenda
1054 3075 1267 3146 Vniuersitati
1297 3077 1479 3164 Nobilium,

345 3184 546 3270 aliorumque
562 3181 704 3252 cuiusuis
720 3189 822 3252 status
841 3189 874 3250 et
890 3183 1090 3252 condicionis
1108 3184 1276 3252 hominum
1292 3183 1482 3254 Comitatus
1543 3185 1544 3222 ⁴

345 3291 551 3360 Zaladiensis
567 3290 713 3359 secunda
728 3290 812 3360 scria
828 3291 976 3378 proxima
991 3300 1069 3361 ante
1085 3292 1203 3362 festum
1234 3294 1327 3362 Beati
1358 3294 1479 3362 iacobi
1543 3325 1544 3356 ;

349 3401 497 3488 Apostoli
513 3419 612 3486 prope
627 3398 741 3469 villam
757 3398 950 3488 illandbyda
960 3400 1263 3487 congregacionem
1279 3403 1482 3470 celebrasse·
1543 3407 1544 3462 l

346 3527 419 3576 mus
436 3507 642 3597 Generalem,
674 3511 707 3576 in
725 3508 839 3578 eadem
856 3509 1120 3596 Congregacione
1136 3515 1248 3578 nostra
1278 3510 1483 3580 Lauroncius
1543 3555 1544 3576 2

348 3617 435 3685 iilius
450 3607 538 3684 Petri
554 3616 595 3683 de
611 3617 713 3704 Boua,
730 3617 1033 3687 etJohannesfilius
1050 3617 1179 3685 Nicolai
1196 3619 1253 3704 filij
1272 3619 1397 3686 Joanas
1415 3617 1483 3687 fra·
1543 3633 1544 3710 j

346 3732 395 3793 ter
411 3723 555 3793 eiusdem
571 3726 730 3812 patruelis
748 3763 790 3774 -
806 3765 849 3778 —-
867 3725 986 3814 (Patha
1012 3733 1098 3794 nevll
1124 3726 1274 3795 birtokra
1299 3723 1419 3809 nonve)
1439 3767 1485 3779 -
1543 3721 1544 3758 ³

345 3870 389 3883 —
404 3853 501 3920 quam
518 3854 604 3902 nunc
619 3835 807 3920 Stephanus
825 3835 864 3901 de
889 3835 995 3902 Patha
1020 3833 1163 3903 indebito
1189 3835 1380 3921 occupando
1405 3853 1484 3903 con·

349 3947 494 4012 seruaret
509 3941 571 4009 stb.
597 3939 730 4030 (Ennok
760 3940 902 4030 folyttn)
926 3943 968 4012 ad
993 3941 1095 4028 ipsius
1120 3941 1339 4030 possessionis
1370 3943 1482 4011 Patha
1543 3941 1544 3984 ³

345 4049 610 4119 oonsernacionis
627 4049 867 4138 experienciam
882 4053 1066 4122 -oorciorem
1097 4051 1185 4118 idem
1217 4053 1379 4135 Magister
1409 4051 1483 4118 Ste-

348 4159 475 4244 pbanus
497 4159 701 4244 priuilegium
719 4159 857 4228 Abbatis
874 4167 907 4229 et
923 4162 1109 4230 Oonnentus
1124 4158 1333 4230 Zaladiensis
1345 4161 1380 4227 in
1391 4181 1482 4227 anno
1543 4163 1544 4222 3

344 4267 477 4335 Domini
494 4267 613 4335 ΜῠΟΟ0
629 4271 838 4354 nonagesimo
854 4269 958 4356 primo
974 4269 1158 4337 consectum
1175 4269 1211 4336 iu
1226 4271 1334 4355 specie
1344 4268 1482 4334 domon-

344 4377 468 4460 strauit,
501 4377 534 4442 in
551 4373 668 4460 quibus
685 4376 770 4442 inter
787 4383 895 4444 cetera
916 4376 1144 4446 continebatur
1174 4376 1358 4463 manifeste,
1391 4373 1484 4460 quod
1543 4405 1544 4442 r

346 4483 459 4551 Comes
477 4483 587 4551 Ochus
612 4482 712 4572 (tilius
728 4483 841 4551 Bunad
859 4485 899 4553 de
915 4505 1034 4570 genere
1049 4482 1175 4573 Bunad)
1206 4483 1371 4571 quandam
1403 4503 1481 4568 pos·

345 4592 523 4660 sessionem
541 4591 645 4660 Patha
662 4601 809 4662 vocatam
835 4615 907 4662 oum
933 4595 1082 4664 omuibus
1113 4595 1182 4664 suis
1212 4593 1409 4663 utilitatibus
1444 4601 1480 4663 et
1543 4603 1544 4668 1
