3148 5146
589 329 750 428 „13¹-

99 549 199 596 sensn
216 535 251 594 et
281 525 451 591 voluntate
467 521 546 588 dicti
563 522 684 588 domini
702 522 818 604 Regls;
845 525 876 587 et
893 521 922 587 si
938 520 1109 605 contigerit
1124 520 1231 604 ipsum

101 639 226 720 Regem
241 631 354 700 iacere
371 637 468 717 pacta
484 630 537 696 vel
548 636 694 714 treguam
710 648 783 694 cnm
799 627 952 712 predicta
967 631 1057 696 terra
1067 623 1231 713 Dalmisii,

103 741 347 811 Universitatcs
371 734 538 824 predictas
562 736 597 802 in
613 734 701 802 dicta
726 755 809 822 pace
825 739 857 800 et
873 743 987 820 tregua
1003 752 1127 820 ponere
1142 740 1230 800 tene·

103 858 189 918 atur.
204 848 289 914 Item
305 845 394 928 quod
411 843 517 910 dictus
533 843 682 911 dominus
698 843 768 909 Rex
783 840 916 908 habebit
931 861 992 927 pro
1018 840 1092 926 ipsa
1116 859 1234 934 guerra

104 953 258 1024 facienda
288 971 392 1034 usqne
420 949 466 1016 ad
496 949 592 1018 tinem
625 949 730 1036 ipsius
760 969 875 1033 guerre
907 948 990 1016 duas
1009 941 1133 1034 galeas,
1151 948 1236 1017 bene

103 1070 251 1130 armatas
265 1059 464 1145 hominibus,
480 1057 579 1124 armis
596 1056 715 1126 etaliis
730 1055 951 1136 neccessariis,
969 1055 1064 1122 annis
1080 1055 1233 1139 singulis,

101 1170 223 1253 quibus
254 1149 345 1233 dicta
374 1185 492 1250 guerra
524 1163 666 1250 durabit,
698 1184 719 1231 a
749 1161 902 1230 kalendis
918 1163 1041 1248 Aprilis
1068 1182 1170 1247 usque
1186 1163 1230 1228 ad

97 1276 220 1344 festum
252 1273 407 1341 Omnium
437 1272 628 1340 Sanctorum
660 1269 776 1338 inillis
792 1271 882 1358 locis,
900 1271 934 1338 in
950 1269 1067 1355 quibus
1082 1269 1232 1357 predicta

98 1403 223 1469 guerra
239 1378 394 1449 facienda
412 1381 593 1464 capitaneo
609 1385 644 1445 et
660 1379 777 1446 Comiti
793 1377 969 1447 (talearum
984 1379 1128 1466 ipsarum
1145 1376 1238 1444 meli-

99 1511 139 1557 us
173 1487 336 1556 ridebitur
369 1485 534 1572 expedire.
566 1487 649 1553 Item
665 1485 751 1569 quod
771 1487 880 1553 dictus
896 1483 1045 1553 dominns
1060 1487 1130 1552 Rex
1149 1505 1234 1552 com·

102 1596 253 1664 modabit
277 1594 366 1661 dicte
380 1593 593 1662 Universitati
615 1593 741 1679 Spoleti
766 1593 847 1661 duas
873 1595 996 1680 galeas,
1023 1614 1096 1662 cum
1123 1593 1232 1660 offesis

100 1711 135 1772 et
152 1702 297 1770 corredis
328 1700 396 1769 suis
412 1700 484 1767 sine
502 1699 697 1787 hominibus,
714 1719 818 1784 usque
834 1700 988 1769 adfinem
1005 1700 1090 1767 dicte
1106 1720 1234 1784 guerre.

103 1811 189 1878 Item
205 1808 294 1893 quod
310 1808 396 1874 idem
412 1805 563 1874 dominus
579 1809 649 1874 Rex
664 1807 881 1875 commodabit
907 1807 994 1898 dicte
1020 1807 1233 1876 Universitati

110 1917 259 1986 Silenici
292 1935 392 1983 unam
423 1915 564 2001 galeam,
599 1915 756 1982 munitam
789 1916 899 1982 offesis
931 1923 964 1982 et
1002 1913 1147 1983 corrodis
1191 1913 1236 1981 ad

105 2023 346 2110 navigandum,
362 2021 434 2090 sine
449 2020 646 2108 hominibus,
664 2041 766 2106 nsque
790 2020 833 2088 ad
864 2023 962 2090 finem
993 2021 1078 2090 dicte
1109 2041 1234 2106 guerre.

105 2135 192 2199 Item
218 2129 303 2215 quod
319 2128 407 2196 dicte
431 2125 669 2197 Universitates
684 2129 790 2196 dictos
806 2137 871 2195 tres
888 2130 1002 2214 galeas
1018 2129 1081 2197 sibi
1098 2149 1236 2196 commo·

102 2241 202 2306 datas
217 2259 239 2306 a
254 2237 341 2304 dicto
373 2234 505 2303 domino
537 2237 626 2320 Rege
657 2236 812 2304 tenebunt
828 2243 860 2302 ct
890 2237 1058 2306 habebunt
1089 2243 1236 2304 armatas

106 2367 210 2430 usque
242 2343 286 2410 ad
315 2343 413 2409 linem
438 2345 541 2430 ipsius
558 2344 743 2432 guerre‚ad
764 2341 946 2412 laciendum
961 2347 1067 2431 ipsam
1083 2365 1235 2431 guerram

99 2453 204 2521 simul
221 2471 294 2517 cnm
310 2449 465 2534 predictis
482 2450 587 2532 galeis
603 2449 707 2534 ipsius
724 2449 847 2518 domini
863 2451 973 2536 Regis,
1001 2451 1087 2535 quod
1112 2457 1235 2534 presta·

100 2562 183 2627 bunt
197 2561 234 2626 in
260 2560 343 2625 mari
360 2579 432 2624 cnm
448 2559 521 2626 aliis
552 2558 667 2646 galeis,
700 2566 732 2626 et
756 2566 849 2627 erunt
879 2559 1030 2627 continue
1061 2567 1187 2628 armate
1203 2568 1236 2626 ct

99 2669 228 2736 munite
239 2667 344 2733 donec
358 2665 504 2749 predicte
514 2666 609 2750 galee
624 2665 727 2751 ipsius
744 2665 865 2733 domini
880 2666 980 2751 Regis
998 2665 1231 2736 eruntibidem.

100 2776 184 2842 Item
212 2775 301 2859 quod
327 2773 473 2859 predicte
496 2772 730 2841 Universitates
761 2773 853 2841 finita
869 2773 957 2840 dicta
971 2793 1090 2857 guerre
1105 2775 1234 2842 restitu-

103 2893 161 2950 ent
176 2883 285 2950 dietas
301 2881 417 2964 galeas
434 2901 507 2948 cum
525 2883 633 2949 oticsis
650 2886 683 2948 et
699 2881 840 2948 corredis
856 2887 889 2946 et
904 2881 980 2948 aliis
1001 2883 1234 2964 guernimentis

101 3010 187 3075 eque
218 2989 312 3058 bonis
351 2987 435 3055 sicut
472 2987 663 3075 receperint,
697 2995 728 3054 et
760 2987 1004 3056 accommodato
1036 3007 1057 3053 a
1088 2987 1235 3072 predicto

104 3095 241 3164 domino
272 3095 380 3179 Rege;
403 3094 524 3162 adhoc
543 3095 919 3180 obligaveruntsedicti
951 3095 1070 3164 sindici
1101 3097 1236 3164 nomine

102 3203 270 3270 dictarum
279 3199 547 3289 Universitatum,
565 3209 598 3269 ct
609 3205 699 3289 ipsas
710 3202 946 3270 Universitatcs
964 3211 997 3270 et
1012 3223 1064 3271 res
1080 3202 1237 3290 ipsarum,

101 3332 191 3393 quas
207 3311 324 3394 galeas
340 3309 512 3376 restituere
528 3316 700 3378 teneantur
715 3309 848 3397 ibidem,
868 3309 1020 3376 videlicet
1036 3310 1070 3376 in
1086 3310 1236 3394 partibus

99 3417 327 3504 predictarum
359 3416 614 3485 Universitatum
646 3419 690 3485 ad
721 3417 963 3502 requisitionem
995 3417 1098 3502 ipsius
1116 3418 1236 3489 domini

96 3527 213 3612 Regis,
230 3523 447 3612 promiserunt
464 3533 496 3594 et
521 3525 748 3611 obligavemnt
778 3545 814 3594 se
844 3523 921 3592 dicti
955 3524 1072 3592 sindici
1103 3528 1235 3597 nomine

95 3635 251 3719 ipsarum
267 3631 524 3700 Univereitatum
541 3639 572 3699 et
589 3633 679 3720 ipsas
696 3632 931 3702 Universitates
946 3651 1097 3718 guerram
1130 3635 1237 3718 ipsam

97 3737 217 3805 lacere
233 3739 321 3804 bona
337 3736 400 3804 tide
417 3743 448 3804 ct
463 3737 534 3806 sine
550 3740 663 3822 aliqua
678 3737 794 3806 fraude
809 3738 954 3825 predicte
969 3745 1055 3806 terre
1070 3739 1235 3807 Dalmasii

92 3866 171 3913 cum
208 3841 284 3910 aliis
316 3843 415 3928 lignis
446 3846 524 3931 suis,
555 3851 651 3933 prout
682 3846 799 3914 melius
829 3851 991 3934 poterunt,
1009 3853 1041 3913 et
1058 3847 1156 3914 ctiam
1173 3865 1233 3932 per

93 3961 240 4020 terram.
280 3949 363 4018 Item
402 3951 489 4036 quod
520 3953 550 4018 si
584 3951 782 4038 contingerit
814 3954 946 4039 aliquod
977 3955 1101 4022 lucrum
1133 3952 1241 4022 facere

90 4079 157 4145 per
194 4057 305 4124 dictas
338 4059 454 4142 galeas
485 4057 526 4125 de
557 4059 706 4146 predicta
736 4067 825 4128 terra
854 4060 1015 4130 Dalmasii
1047 4067 1080 4128 et
1110 4060 1239 4128 coadiu-

91 4167 231 4237 toribus
263 4166 344 4251 suis,
385 4165 550 4234 dividetur
580 4167 664 4236 illud
694 4169 818 4236 lucrum
853 4168 1011 4254 equaliter
1051 4169 1136 4236 inter
1174 4187 1241 4255 eos,

91 4278 144 4343 ita
172 4273 270 4358 quod
305 4271 424 4340 Comiti
455 4275 631 4344 (talearum
662 4275 763 4362 ipsius
796 4275 918 4344 domini
947 4275 1044 4363 Regis
1075 4275 1239 4362 accipiant

87 4382 238 4452 nomine
276 4381 382 4467 ipsius
419 4381 542 4450 domini
573 4381 672 4470 Regis
702 4387 828 4468 partem
859 4385 966 4472 ipsum
998 4381 1239 4468 contingentem

89 4509 157 4580 pro
204 4485 293 4572 ipsis
332 4487 447 4576 galeis,
488 4497 520 4560 et
559 4490 600 4556 de
637 4492 709 4578 ipso
747 4492 836 4560 lucro
872 4492 1047 4579 disponant
1078 4490 1155 4559 dicti
1180 4489 1240 4558 Oo-

84 4597 164 4666 miti
205 4595 392 4663 seeundum
423 4597 625 4666 voluntatem
656 4599 760 4686 ipsius
791 4599 913 4668 domini
943 4601 1062 4687 Regis;
1095 4604 1127 4668 et
1157 4601 1244 4684 quod
