3168 5150
802 236 963 344 *aa*

320 438 522 528 presentibus
554 439 780 524 confirmanus,
813 437 974 524 dupplicis
1005 437 1107 523 sigilli
1137 435 1239 508 nostri
1272 435 1453 507 munimine

319 548 511 616 roborando.
528 547 652 615 Datum
669 567 728 634 per
742 566 859 614 manua
874 546 1025 631 Magistri
1055 546 1222 615 Benedicti
1255 547 1451 617 Orodiensis
1576 587 1577 608 r

319 656 462 724 Ecclesie
492 657 652 744 Propositi
683 657 758 724 aule
789 662 902 724 nostre
948 654 1220 742 vicecancellarij
1270 655 1384 724 dilecti
1415 661 1451 723 et

320 764 428 832 fidelis
444 765 546 834 nostri
561 786 647 833 anno
663 763 794 832 Domini
809 761 928 830 Μῦῠῦο
943 763 1196 851 septuagesimo,
1218 763 1314 831 XIII.
1332 765 1453 831 kalen·

322 872 383 940 des
401 871 492 958 Jssl'lir
510 875 615 961 Regni
631 880 741 942 aulem
758 870 857 940 nostri
874 890 960 940 anno
976 871 1091 960 primo.

324 1073 465 1135 (Eaedetle
478 1072 660 1138 bichengen,
680 1074 763 1124 vitriis
777 1072 1013 1137 sslyemasinbrou
1032 1073 1121 1140 friggll
1134 1073 1240 1140 kiuilyi
1252 1073 1347 1125 kottos
1358 1072 1455 1139 peccet
1576 1079 1577 1102 ³

442 1163 531 1229 elatt3
551 1179 568 1216 e
580 1163 687 1216 romeli.
701 1165 819 1231 hereneg
831 1164 992 1232 Batthyeny
1005 1165 1100 1216 cssltd
1112 1163 1329 1230 leveltalrtbau.)

339 2203 375 2270 V.
399 2205 510 2271 latoria
525 2205 637 2292 kira'ly
651 2207 831 2293 magerbein*
848 2205 870 2270 l
875 2203 908 2274 V.
924 2203 1006 2270 Belo
1021 2204 1199 2291 kirrilpualc
1222 2225 1244 2268 o
1277 2198 1460 2288 Galqeozii

330 2315 361 2379 es
375 2314 527 2420 bigitau-i
542 2318 603 2381 coir
618 2313 686 2382 tull
702 2313 841 2381 birtokut
855 2315 1012 2400 ldrgyuari
1021 2313 1217 2400 adomciaycit
1227 2307 1348 2397 Seressi
1359 2331 1460 2378 comm

757 2425 915 2490 semera.
939 2423 1034 2490 1270.

442 2620 657 2712 (S)icphauus
673 2621 736 2689 Dei
752 2619 866 2708 gracia
883 2617 1059 2707 Hungarie,
1082 2616 1262 2708 Dalmatia,
1289 2617 1461 2701 Oroaebie,
1576 2603 1577 2642 ³

332 2732 444 2818 Remo,
474 2731 595 2817 Seruis,
629 2727 778 2816 Gallicis,
812 2725 1017 2817 sedoneris,
1050 2726 1206 2796 Cumanis
1236 2725 1460 2811 Balgarlequc
1576 2723 1577 2808 ξ

331 2841 402 2908 Rex
417 2839 566 2908 omnibus
585 2836 705 2907 Christi
721 2837 873 2906 fidelibus
889 2846 954 2906 tam
979 2837 1184 2924 presentibus
1210 2856 1309 2920 quam
1340 2835 1460 2903 luturIs
1576 2815 1577 2896 i

331 2946 471 3017 salutem
487 2949 521 3015 in
537 2947 679 3016 omnium
695 2947 870 3016 saluators.
910 2945 963 3012 Ad
978 2946 1202 3014 uniuersorum
1218 2943 1376 3012 noticiam
1401 2943 1460 3009 ha·

332 3079 403 3126 rum
417 3056 504 3125 serie
519 3057 668 3124 uolumus
684 3055 863 3144 peruenire,
881 3054 968 3139 quod
984 3054 1091 3122 lirlelis
1107 3061 1217 3123 noster
1234 3055 1350 3124 Comes
1366 3055 1459 3122 Sere·

332 3164 368 3234 iil
383 3163 470 3232 filins
484 3164 619 3232 Kantha
635 3163 678 3232 ad
708 3169 852 3231 nostram
883 3157 1044 3233 accedens
1074 3163 1280 3250 presenciam
1312 3162 1462 3230 exhibuit
1576 3153 1577 3162 ³

333 3272 428 3342 uobis
444 3271 651 3358 priuilegium
666 3271 835 3342 karissimi
851 3272 954 3360 patris
980 3271 1081 3340 nostri
1111 3273 1190 3341 Bele
1220 3271 1319 3358 Regis
1348 3270 1462 3340 inclite
1576 3261 1577 3268 '

336 3378 573 3449 recordacionis
591 3382 772 3449 coniectum
788 3399 886 3467 super
902 3380 1084 3449 donatione
1109 3387 1142 3448 et
1173 3379 1351 3450 collacione
1382 3399 1463 3462 qna-

335 3485 475 3554 ruudam
490 3496 648 3556 terrarum
664 3486 773 3555 (lustri
789 3487 891 3555 nostri
907 3487 948 3556 ds
965 3487 1145 3574 Golgoucb,
1176 3485 1262 3554 Onus
1294 3485 1459 3572 uidelicet,

334 3597 461 3682 Rnpon,
476 3593 674 3683 Haradicha,
691 3601 725 3664 et
740 3597 899 3680 Dumbou,
915 3593 992 3662 item
1018 3595 1156 3664 aliarum
1190 3595 1329 3664 duarum
1360 3602 1463 3662 terra·
1576 3583 1577 3612 *

334 3722 407 3770 rum
424 3701 527 3770 Casiri
542 3701 643 3770 nostri
658 3703 843 3790 Nitriensis,
874 3703 1022 3772 Zaburch
1052 3703 1179 3772 scilicet
1209 3709 1242 3771 et
1264 3699 1462 3787 Chetcrucb,
1576 3739 1577 3786 4

336 3811 478 3899 petendo
495 3831 568 3880 eum
585 3811 757 3898 instancia,
775 3819 811 3879 ut
826 3812 931 3898 ipsum
948 3812 1158 3902 priuilegium
1174 3818 1286 3878 nostro
1311 3810 1462 3896 dignare·

336 3941 407 3987 mur
421 3919 592 4006 priuilegio
609 3922 810 3989 confirmare.
835 3921 933 3989 Cuius
949 3919 1079 4006 quidem
1094 3927 1187 3988 tenor
1202 3919 1279 3988 telis
1295 3923 1363 3986 ost:
1576 3981 1577 3986 ,

444 4029 525 4096 Bela
542 4027 582 4096 D.
601 4049 645 4113 gr.
663 4027 832 4112 Hungarie
849 4032 911 4097 stb.
927 4030 999 4096 Rex
1014 4031 1074 4096 stb.
1092 4027 1307 4117 (kivetlrezik
1316 4025 1373 4094 IV.
1383 4025 1467 4092 Btla
1576 4093 1577 4098 ,

337 4135 513 4222 kirtlynak
533 4135 670 4208 lata-ki
685 4138 966 4224 adominylcvele
985 4137 1068 4204 mint
1083 4132 1359 4225 Oknrtnytarunk
1374 4135 1464 4203 VIII.

338 4243 455 4331 vegyis
472 4265 493 4310 a
508 4243 660 4312 mtsodik
676 4241 798 4330 folyam
813 4244 871 4312 Ill.
887 4243 1062 4312 klitetbben
1079 4246 1132 4312 24.
1147 4241 1183 4328 l.)
1576 4253 1577 4330 Ῑ

446 4353 514 4420 Nos
545 4353 646 4437 igitur
678 4353 887 4439 priuilegium
919 4353 999 4421 dicti
1030 4353 1196 4422 karissimi
1225 4353 1329 4440 patris
1358 4352 1467 4419 nostri
1576 4375 1577 4428 ξ

340 4478 438 4543 super
453 4459 638 4528 huiusmodi
664 4461 895 4530 collacionibus
926 4481 983 4529 seu
1014 4461 1250 4530 donationibus
1282 4460 1468 4529 conlectum

340 4574 444 4638 ratum
460 4567 620 4638 habentes
635 4575 668 4638 et
683 4575 862 4660 acceptum,
878 4568 919 4638 de
935 4569 1033 4640 uerbo
1050 4569 1096 4639 ad
1111 4571 1245 4640 uerbum
1260 4569 1473 4656 presentibus
