3148 5164
780 272 939 374 ...Qi-

289 469 402 538 Gheun
417 471 579 552 noenum,
595 471 628 534 et
643 483 747 553 usque
762 465 806 533 sd
823 464 936 534 villum
951 473 1029 534 suut
1044 473 1168 554 septem
1188 479 1294 556 mete3
1312 478 1429 556 portos

290 577 437 644 declinat
452 575 549 661 quui
563 571 608 642 ad
624 573 794 658 orientem,
809 580 842 641 et
857 592 962 656 usque
976 573 1022 640 sd
1051 573 1186 644 fluuium
1219 579 1317 646 Nitre
1347 588 1425 646 sunt

294 692 361 752 tres
377 689 480 764 mete3
493 689 527 750 et
543 681 619 750 iude
635 679 727 750 uadit
741 681 785 750 sd
795 679 969 768 paruulum
985 699 1099 750 nemus
1113 683 1277 752 Rukstius
1293 685 1428 772 dietum,

291 799 327 858 et
343 791 378 858 in
393 791 492 858 litore
507 789 593 857 eires
609 787 742 857 dumnm
761 786 917 874 Rskstio,
949 788 984 855 in
1015 807 1079 873 quo
1110 791 1216 858 eeism
1246 793 1346 862 dumo
1378 803 1429 861 ost

290 899 400 986 sinino,
415 915 480 981 que
495 895 572 965 ebis
587 895 715 980 dieitur,
732 901 765 962 et
779 897 881 962 intret
895 895 930 961 in
945 893 1081 963 fluuium
1094 895 1213 985 Nitriae,
1242 907 1276 966 et
1290 899 1431 968 dimidio

294 1026 374 1094 pers
388 1003 493 1092 ipsius
508 1003 599 1090 fluuij
618 1004 706 1072 oedit
723 1003 758 1070 in
777 1004 828 1072 ius
848 1003 1037 1090 Monusterij
1055 1003 1097 1070 do
1127 1003 1245 1092 (thytb,
1278 1011 1312 1072 ot
1340 1006 1429 1074 ultro

294 1117 402 1200 ipsum
432 1111 566 1180 fluuium
582 1117 633 1179 est
649 1110 872 1180 molendinum
889 1108 1026 1177 fitiorum
1042 1109 1163 1198 Huntb,
1180 1113 1274 1180 ouius
1290 1113 1429 1181 dimidie

296 1240 374 1308 pars
390 1224 522 1308 propter
538 1215 708 1285 dimidium
723 1225 852 1304 pertem
867 1237 952 1302 uque
971 1216 1059 1286 oedit
1073 1217 1109 1284 in
1140 1219 1192 1286 ius
1223 1219 1428 1304 Honesterij.

295 1326 390 1394 Vnde
420 1345 462 1393 ex
491 1323 554 1393 boe
584 1323 752 1394 soiendum
784 1332 845 1411 est,
861 1323 949 1410 quod
968 1324 1153 1410 ubieunque
1167 1333 1254 1395 terre
1270 1325 1350 1397 dieti
1364 1329 1432 1396 Mo·
1558 1331 1559 1334 ’

296 1433 430 1518 rrsster'rj
447 1432 583 1502 ueniunt
597 1431 641 1500 od
655 1432 790 1502 fluuium
809 1433 916 1518 Nitre,
935 1431 968 1498 in
1000 1432 1152 1502 omnibus
1182 1433 1262 1502 loois
1293 1433 1431 1502 dimidiu

298 1561 374 1628 pars
404 1559 491 1624 uque
520 1539 607 1608 sedit
637 1539 836 1608 Monusterio
866 1546 1058 1628 memorato,
1087 1539 1174 1609 sieut
1204 1541 1239 1608 in
1254 1543 1431 1628 priuilegio

296 1647 418 1715 domini
435 1649 514 1715 Beie
529 1645 629 1732 Regis
646 1646 750 1716 teliois
775 1647 1017 1716 reeordeoionis
1049 1655 1155 1716 metas
1186 1647 1354 1734 predictas
1384 1653 1431 1736 ip

296 1757 364 1824 sius
397 1763 481 1824 terre
512 1753 629 1824 Swren
645 1755 785 1822 uidimus
801 1755 971 1825 contineri.
987 1755 1057 1822 Neo
1072 1755 1133 1823 boo
1147 1757 1426 1844 pretermittimus,

297 1864 383 1950 quod
400 1870 511 1952 partes
527 1861 666 1932 aduerse
682 1865 827 1932 uioissim
843 1866 877 1931 in
893 1865 975 1951 ipsis
994 1863 1259 1951 possessionibus
1290 1865 1325 1934 in
1356 1887 1429 1934 oon

296 1971 458 2041 cambium
489 1979 522 2040 et
551 1971 858 2040 transmutooionem
891 1971 979 2040 datis
1010 1979 1043 2038 et
1057 1961 1153 2039 foetis
1178 1993 1216 2040 se
1232 1993 1429 2042 oonseruere

298 2081 505 2169 tenebuntur,
521 2087 553 2148 et
568 2083 611 2148 ab
628 2079 779 2150 omnibus
797 2079 1034 2167 inpeditoribus
1053 2080 1208 2167 expedire
1240 2083 1309 2150 suis
1340 2083 1429 2151 tebo-

297 2188 387 2253 ribns
419 2195 451 2254 et
482 2186 644 2274 expensis.
675 2187 713 2254 In
744 2190 837 2256 ouius
871 2190 919 2256 rei
953 2189 1140 2256 memoriam
1172 2195 1205 2256 et
1236 2196 1427 2275 perpetuam

297 2295 481 2360 firmitatem
497 2295 541 2362 sd
557 2293 751 2380 peticionem
769 2303 802 2362 et
817 2294 1012 2362 instsnoium
1031 2295 1179 2381 peroium
1210 2296 1428 2381 predictarum

298 2408 466 2486 presentes
513 2399 732 2470 eoneessimus
766 2401 869 2488 sigilli
899 2403 1002 2468 nostri
1034 2401 1210 2470 munimine
1241 2403 1424 2471 roboratus.

297 2509 416 2574 Datum
434 2525 518 2573 enno
534 2507 666 2574 Domini
683 2505 803 2576 M⁰CO⁰
819 2508 1032 2594 nonugesimo
1058 2509 1208 2598 septimo,
1240 2512 1343 2578 toreio
1373 2531 1426 2578 no·

297 2633 359 2682 nas
375 2613 581 2702 Septembris.

602 2722 631 2788 A
848 2725 875 2790 B
1037 2811 1043 2824 ι
1092 2724 1117 2792 O

298 2919 436 2982 (Eu-edetis
467 2919 661 2986 borhirtysn,
691 2920 811 2986 melyrol
830 2935 847 2972 ο
866 2919 961 2986 posset
980 2923 1063 2971 vitriis
1083 2921 1323 2985 selyemzsinbron
1342 2924 1424 2989 stiffi

296 3025 314 3060 a
334 3011 416 3062 brudei
437 3011 489 3062 kir.
509 3011 636 3062 immersi
654 3009 841 3061 leveltsrbun.
860 3010 916 3062 Sok
935 3009 1062 3075 lenyeges
1081 3009 1199 3062 hibtvol
1217 3011 1324 3064 kiadvs
1335 3013 1423 3077 Feter-

567 3097 861 3162 nthed.Dipl.V1.
882 3100 942 3150 iot.
964 3103 987 3149 2.
1007 3113 1028 3150 r.
1051 3103 1109 3150 114.
1131 3099 1161 3163 i.)
