3148 5164
808 324 873 386 :3138

270 515 508 584 continenciam
526 517 703 583 litterarum
720 517 822 601 ipsius
847 517 983 586 (inmitis
1013 518 1145 586 Martini
1176 520 1403 586 nemoralium

272 643 372 708 super
386 624 473 692 iacto
489 631 573 691 terre
589 624 714 710 Vayzlc
730 631 845 694 vocate
859 627 893 692 in
910 627 1073 694 Oomitatu
1090 626 1130 694 de
1155 627 1312 711 Baranya
1337 629 1403 692 exi-

272 733 386 799 stentis
418 731 502 799 inter
533 731 680 800 dominas
712 751 840 800 soreres
871 733 1018 801 Ecclesia
1048 734 1150 800 Beate
1181 733 1331 818 Virginis
1362 733 1405 803 de

269 839 389 918 Insula,
407 857 466 923 pro
484 839 600 922 quihus
616 839 737 906 Paulus
755 847 788 905 ct
802 838 959 908 Nicotaus
975 839 1118 908 comites
1134 839 1293 907 officiales
1324 861 1399 907 cnm

270 945 504 1013 sufficientibus
519 948 634 1015 litteris
650 949 882 1034 procuratorijs
899 948 1074 1015 earundem
1089 947 1272 1014 astitissent
1282 949 1324 1015 ab
1335 969 1403 1014 una

271 1051 420 1139 pa1·te‚[et
435 1053 520 1120 inter
537 1053 692 1121 Comitem
709 1052 869 1122 Jnccbum
885 1055 988 1122 lilium
1003 1055 1155 1122 Ambrosi
1179 1050 1222 1119 de
1253 1056 1401 1140 Nempty

271 1181 311 1226 ex
330 1161 441 1243 altera,
458 1181 566 1227 eoram
582 1161 654 1247 ipso
671 1159 797 1228 Gemite
813 1162 951 1229 Martino
968 1162 1228 1246 contenderetnr‚
1254 1169 1287 1228 et
1303 1162 1406 1245 parti-

271 1269 329 1333 bus
345 1267 388 1334 ad
405 1267 621 1335 exhibendum
637 1271 853 1336 instrumenta
869 1289 931 1337 sua
945 1287 1003 1337 scu
1018 1268 1196 1354 priuilegia
1209 1286 1406 1351 quecunque

270 1375 429 1441 haherent
446 1396 543 1461 super
561 1377 674 1444 eadem
691 1384 779 1444 terra
794 1385 948 1445 emanata
963 1383 1097 1444 octenas
1109 1376 1184 1443 testi
1195 1375 1292 1440 Beati
1304 1374 1406 1442 Geor-

272 1483 316 1566 gij
335 1483 475 1550 martiris
493 1483 576 1550 idem
593 1485 709 1552 Comes
724 1487 884 1554 Martinus
916 1488 1135 1572 assignasset3
1161 1484 1242 1570 ipsis
1274 1485 1405 1549 octauis

270 1589 521 1658 aduenientibus
537 1593 651 1660 Comes
666 1593 810 1665 Jacchus
835 1591 998 1678 prediatus
1031 1611 1141 1660 coram
1173 1593 1245 1675 ipso
1278 1590 1406 1658 Gemite

269 1698 407 1764 Martino
442 1699 659 1784 personaliter
691 1701 909 1787 comparendo
941 1707 1055 1770 conha
1086 1698 1219 1766 casdem
1251 1698 1405 1766 dominas

274 1825 399 1872 sorores
415 1805 517 1872 Beate
533 1808 684 1893 Virginis,
701 1829 760 1893 pro
778 1809 893 1892 quihus
911 1809 996 1875 idem
1027 1809 1149 1874 Paulus
1180 1813 1212 1871 et
1243 1805 1404 1874 Nicotaus

275 1891 465 1998 {rstitissent
506 1913 704 1982 exhibuisset
745 1916 848 1982 eidem
874 1915 991 1982 Comiti
1023 1915 1161 1980 Martino
1191 1913 1405 1998 priuilegium

270 2021 398 2086 ulndree
413 2022 515 2103 Regis
532 2021 653 2087 domini
664 2025 723 2107 sui,
741 2023 914 2106 priuilegia
926 2023 1126 2088 dominorum
1137 2021 1224 2106 Bois,
1239 2019 1404 2106 Stephani

270 2137 300 2192 ot
317 2125 464 2194 Ladizlai
482 2127 605 2210 Regum
622 2129 655 2194 in
673 2150 709 2196 sc
726 2129 899 2196 verbaliter
917 2129 1087 2196 continens
1104 2135 1136 2193 ct
1159 2129 1313 2211 firmans3
1339 2148 1405 2210 quo

271 2233 400 2314 quidem
419 2233 591 2316 priuilegio
608 2235 711 2318 ipsius
728 2234 848 2302 domini
866 2235 995 2300 Andree
1006 2234 1103 2316 Regis
1114 2234 1184 2300 viso
1196 2233 1404 2320 etperlecto;

269 2358 299 2405 ut·
317 2342 539 2406 instrumentis
557 2343 716 2410 dictarum
736 2345 959 2427 religiosarum
977 2343 1179 2410 dominarum
1196 2343 1403 2428 pereosdcnr

269 2447 405 2514 Paulum
424 2453 455 2513 et
472 2447 642 2516 Nicolaum
660 2451 799 2516 Comites
816 2449 974 2516 officiales
992 2450 1167 2516 earundem
1191 2469 1301 2516 coram
1328 2447 1402 2532 ipso

270 2555 407 2620 llertiuo
425 2555 587 2638 exhibitis,
620 2559 738 2641 quihus
766 2557 887 2622 dictum
905 2556 1109 2642 priuilegium
1125 2555 1341 2642 prepaluisset
1365 2556 1401 2620 in

270 2665 329 2728 hoc
346 2663 442 2748 sacto,
476 2663 681 2728 considerata
698 2663 932 2731 consuetudine
962 2663 1067 2746 Regni
1099 2664 1284 2747 approbata
1313 2660 1404 2729 idem

271 2772 386 2837 Comes
402 2769 562 2837 blartinus
577 2789 714 2836 unacum
732 2769 895 2837 nobilibus
912 2771 945 2835 in
958 2769 1084 2854 jndicio
1100 2789 1210 2837 secum
1227 2767 1401 2834 assidenti-

271 2881 340 2964 hus,
358 2897 396 2943 eo
414 2877 501 2962 quod
516 2877 697 2963 predictum
715 2877 924 2964 priuilegium
940 2897 999 2963 per
1014 2878 1120 2963 ipsum
1138 2876 1297 2943 Comitem
1307 2873 1403 2941 Jaco-

270 2989 345 3052 hum
363 2985 424 3052 sibi
444 2985 621 3052 exhibitum
639 3005 826 3069 congruum,
843 2984 1005 3072 idoneum,
1033 2982 1150 3050 efficax
1164 3003 1223 3068 per
1239 2982 1351 3048 omnia
1368 2989 1401 3047 et

268 3093 434 3175 solempne
451 3093 554 3160 visum
570 3093 694 3177 t'uisset,
725 3091 903 3177 predictam
929 3100 1049 3158 terram
1080 3091 1204 3178 Vayzlc
1236 3099 1403 3174 vocatam,

267 3203 358 3266 inrta
378 3201 512 3266 sormam
531 3200 674 3268 eiusdem
692 3199 851 3285 priuilegij
871 3201 935 3286 ipsi
953 3199 1071 3268 (domiti
1096 3198 1219 3266 Jacobo
1246 3197 1401 3281 reliquis-

267 3315 316 3373 set
333 3309 469 3390 pacifice
485 3314 641 3393 perpetuo
666 3305 907 3393 possidendam,
940 3308 1026 3392 parti
1051 3307 1190 3373 aduersa
1221 3303 1395 3371 silencium

267 3427 457 3504 perpetuum
473 3434 573 3499 super
586 3415 660 3500 ipsa
676 3421 795 3480 terram
812 3413 1008 3498 imponendo
1024 3415 1085 3480 sth.

375 3527 409 3612 2)
432 3529 488 3592 Aa
512 3524 690 3609 alperes
713 3522 946 3588 resndrdl:
979 3523 1029 3587 Ex
1060 3521 1145 3588 serie
1177 3519 1300 3605 quippe
1332 3519 1402 3585 iam

266 3635 352 3700 dicte
369 3635 478 3718 quinte
496 3631 603 3696 littere
620 3629 773 3696 videlicet
789 3630 854 3696 iam
873 3629 950 3696 dicti
969 3628 1103 3696 Comitis
1119 3627 1249 3693 Martini
1266 3624 1402 3710 priuile-

266 3743 400 3826 gialium
415 3739 507 3806 Bude
524 3737 660 3823 septimo
679 3737 732 3804 die
747 3745 938 3805 octauarum
954 3737 1030 3804 festi
1047 3734 1241 3802 Natiuitatis
1251 3733 1403 3816 Virginis

268 3848 416 3916 Gloriosa
432 3847 466 3912 in
482 3846 606 3931 prefixo
623 3863 708 3912 anno
724 3843 766 3910 ab
782 3843 1015 3912 Incarnacicne
1026 3841 1159 3910 Domini
1169 3838 1288 3907 M⁰OO⁰
1298 3860 1403 3907 nona-

265 3956 390 4039 gesimo
406 3951 519 4038 quinto
546 3951 692 4018 conlecto
723 3949 938 4019 educabamur
969 3950 1032 4017 isto
1065 3949 1160 4016 modo
1177 3973 1184 4014 :
1202 3947 1290 4032 quod
1322 3969 1398 4015 cnm

265 4061 394 4129 domine
409 4078 535 4128 sorores
553 4057 594 4124 de
610 4057 723 4125 Insula
738 4057 839 4124 Beate
866 4057 1013 4142 Virginis
1044 4054 1204 4124 Budensis
1237 4056 1398 4124 (tomitem

262 4170 421 4236 iacobum
437 4167 541 4234 fllium
556 4165 707 4251 Ambrosj
726 4164 766 4233 de
783 4165 926 4253 Nempty
956 4184 1054 4250 super
1069 4164 1156 4232 facto
1173 4161 1400 4248 possessionis

266 4276 389 4360 l'nyzlo
404 4281 518 4340 vorate
534 4273 567 4338 in
586 4274 747 4339 comitatu
763 4273 803 4340 de
819 4273 976 4359 Buranya
993 4270 1161 4340 existentis
1188 4288 1297 4338 coram
1324 4287 1399 4353 pre·

258 4385 325 4450 tuto
343 4381 470 4448 (inmite
486 4381 626 4448 Martinc
643 4381 798 4448 traxisset
814 4381 847 4446 in
866 4401 1012 4468 causam,
1031 4379 1151 4464 etipsa
1168 4375 1314 4447 causain
1325 4395 1398 4462 pre-

261 4489 371 4553 sencia
403 4486 547 4555 eiusdem
580 4487 716 4554 Comitis
743 4487 878 4555 Martini
909 4488 1039 4557 diucius
1071 4485 1189 4556 luisset
1220 4484 1398 4566 uentilata,

259 4593 397 4658 Nicolao
414 4600 445 4657 et
461 4595 563 4658 Panlo
581 4594 760 4660 Comitihus
787 4593 985 4662 officialibus
1012 4597 1157 4682 ipserum
1187 4593 1398 4661 dominarum
