3168 5150
785 273 946 382 Δ..-

301 480 431 567 Ernerij
464 479 548 546 Beni
578 495 618 546 ex
635 463 790 545 missione
821 473 957 560 predlotl
991 473 1100 559 patrie
1127 439 1230 540 nostri
1246 480 1360 540 eontra
1377 493 1442 542 noe

302 593 485 658 venientem
516 586 706 672 debellauit,
747 581 940 652 addueendo
980 581 1076 649 nobie
1115 582 1221 668 ipsum
1263 582 1440 649 Ernerium

300 701 437 784 Barium,
461 695 538 762 dieti
571 695 730 762 exereitus
762 691 977 778 (lapitaneum
1015 689 1226 777 eaptiuatum.
1259 691 1340 757 Item
1363 709 1437 758 oum

302 807 400 891 ijdem
415 803 562 874 Berones
579 801 727 870 infideles
744 800 895 867 iniuriam
912 798 1030 867 iniuria
1058 797 1257 868 cumulando
1288 797 1439 867 induxis·

303 921 384 1000 sont,
415 931 491 1000 ymo
522 911 637 998 penius
667 908 876 992 eobeglssent
907 906 1030 976 dietum
1061 906 1276 974 karissimum
1307 913 1435 991 patrem
1562 916 1567 931 ·

301 1027 444 1088 nostrum
478 1023 592 1087 eontra
623 1036 683 1085 nos
725 1014 903 1084 exereitum
944 1033 1151 1083 eonnoeare:
1178 1013 1268 1083 idem
1299 1013 1436 1100 Ponyob

302 1130 413 1196 Banna
444 1129 479 1196 in
496 1127 657 1214 eonllietn,
672 1145 769 1211 wquern
786 1124 820 1190 in
836 1125 987 1209 Ilsnaaeg
1002 1143 1075 1191 oum
1092 1123 1238 1192 exereitn
1263 1123 1438 1192 habuimus

301 1233 519 1323 supradieto,
566 1234 717 1302 virtutem
749 1231 895 1301 exerouit
933 1230 1134 1300 laudabilem
1175 1247 1284 1298 eoram
1327 1237 1440 1300 nostre

303 1343 484 1410 Maiestatis
516 1342 637 1424 nonlis3
661 1342 707 1407 ita
722 1345 758 1408 vt
773 1359 831 1425 per
846 1338 917 1408 eins
934 1346 967 1407 et
982 1338 1120 1406 aliorum
1135 1336 1281 1405 bdelium
1308 1347 1439 1408 nostro·

304 1470 372 1516 rum
390 1449 588 1536 probitatem
604 1448 707 1516 vietor
723 1448 899 1536 extitimus,
924 1453 1154 1533 recuperantes
1185 1446 1280 1513 nobis
1312 1445 1438 1514 elaueie

311 1577 368 1642 per
398 1557 460 1625 hoe
490 1558 696 1644 apamienam
728 1554 858 1623 domine
872 1552 998 1640 Regino
1014 1555 1156 1622 oonsorti
1171 1559 1283 1621 nostre
1299 1553 1438 1623 karissi-

309 1683 371 1750 me,
388 1669 465 1730 tune
480 1683 545 1732 vua
561 1683 633 1732 enm
650 1665 718 1731 tilio
735 1669 844 1731 nostro
875 1665 969 1730 Duoe
999 1659 1153 1730 Ladielno
1169 1663 1203 1728 in
1237 1661 1440 1746 eaptinitate

305 1773 504 1858 permanenti
535 1772 788 1856 abeolueiouem,
821 1775 853 1837 et
868 1769 946 1856 alijs
963 1770 1056 1838 nobis
1087 1768 1317 1838 adherentibus
1354 1771 1438 1838 lidu-

274 1947 278 1960 ,
305 1881 387 1946 eiam
405 1881 494 1966 apud
508 1901 567 1948 nos
584 1877 809 1966 permanendi.
828 1879 926 1946 Porro
958 1898 1029 1945 oum
1061 1878 1248 1948 Zuetlulans
1280 1878 1437 1963 uulgare-

305 2005 374 2054 rum
391 1987 580 2076 Imperator,
597 1988 792 2055 karissimus
803 2005 903 2072 gener
914 1993 1036 2074 noster,
1052 1993 1129 2054 tune
1146 1991 1255 2054 nostre
1270 1987 1438 2056 Molestati

307 2095 475 2182 oppositus
491 2099 611 2160 terrum
627 2101 771 2162 nostram
788 2095 829 2160 de
844 2093 983 2164 Zeurino
1005 2093 1236 2162 miserabiliter
1267 2093 1437 2163 deuastat·

308 2208 366 2284 set,
399 2222 458 2270 noe
474 2202 624 2269 iniuriam
658 2210 803 2270 nostram
829 2202 1013 2271 huiusmodi
1029 2203 1270 2289 propulsantes,
1302 2221 1375 2270 eum
1391 2203 1437 2270 ad

310 2311 499 2394 bulgariam
523 2317 720 2396 congregato
753 2313 894 2382 exereitu
927 2311 1139 2398 venissemus,
1164 2310 1270 2379 dietus
1301 2311 1439 2398 Ponyeb

308 2420 418 2485 Banna
448 2409 568 2484 ibidem
600 2418 728 2506 iuoepte
760 2419 927 2487 fidelitatis
960 2418 1076 2487 ardore
1117 2418 1262 2503 flagrans
1294 2426 1439 2488 oestrum

307 2525 411 2592 Pleun
438 2525 655 2610 Bnlgarorum
686 2527 825 2611 optinuit
856 2527 1084 2612 expugnando.
1115 2523 1206 2593 lieet
1237 2527 1348 2611 itaque
1379 2545 1439 2613 pro

308 2639 355 2699 tot
386 2638 418 2698 et
433 2633 533 2700 tantis
564 2633 773 2702 seruleiornm
804 2635 928 2702 meritis
953 2633 1040 2720 apud
1056 2653 1116 2703 nos
1132 2635 1246 2702 merito
1261 2633 1437 2702 inissetre·

308 2740 571 2808 munerarionum
588 2742 721 2826 premije
752 2741 960 2828 attolendue;
983 2741 1026 2810 ad
1057 2743 1160 2827 Begie
1189 2750 1300 2811 tamen
1331 2741 1437 2829 digni·

309 2852 387 2916 tatis
402 2849 623 2934 gnbernaeula
638 2857 714 2937 post
730 2851 869 2918 Sanetoe
886 2851 1109 2938 progenitores
1133 2859 1263 2920 nostroe
1289 2850 1436 2920 illustres

194 2963 197 2974 '
307 2959 413 3042 Reges
428 2958 597 3044 Hungarie
614 2979 654 3026 ex
670 2959 793 3028 Diuina
808 2959 922 3045 graeia
952 2958 1130 3044 sublimati,
1161 2959 1266 3026 eidem
1299 2959 1433 3048 Ponyeb

310 3067 401 3134 Bano
433 3067 624 3134 eontulimue
657 3085 768 3136 omnes
801 3069 1024 3152 possessiones
1053 3074 1089 3135 et
1103 3072 1213 3135 eastra
1227 3066 1359 3136 Nioolai
1377 3067 1437 3154 tilij

309 3173 444 3242 Comitis
461 3171 599 3240 dmoldi
615 3174 753 3242 senioris
784 3172 918 3242 inferius
950 3174 1129 3261 expressim
1159 3183 1345 3264 annotatas,
1375 3197 1441 3260 qne

309 3285 441 3369 propter
481 3279 625 3350 enlsdem
665 3282 805 3369 Nioolay
845 3280 1073 3351 infidelitatem
1106 3291 1140 3351 et
1169 3291 1262 3351 eolus
1292 3283 1442 3353 infideles

308 3387 350 3454 ad
383 3408 497 3456 manus
528 3396 658 3458 nostras
689 3391 820 3458 fuerant
849 3389 1020 3475 deuolute;
1045 3411 1118 3459 eum
1149 3393 1253 3460 eeiam
1294 3391 1366 3458 inre
1397 3393 1442 3460 eit

308 3495 479 3584 proditum,
513 3497 598 3582 quod
632 3499 720 3566 male
750 3497 858 3565 meriti
886 3503 1032 3584 egestate
1062 3499 1223 3584 laborent,
1250 3504 1284 3566 et
1308 3499 1442 3569 labores

308 3605 470 3690 inpiorum
486 3605 562 3673 insti
580 3605 690 3674 edant.
707 3607 792 3674 Nam
809 3615 972 3692 cumpost
989 3606 1113 3675 obitum
1139 3605 1278 3692 predieti
1310 3605 1438 3675 domini

308 3713 405 3800 Regis
436 3714 602 3783 karissimi
633 3716 736 3802 patrie
752 3716 855 3783 nostri
871 3715 989 3784 Albam
1004 3715 1205 3786 venissemus
1221 3717 1340 3802 Regali
1356 3716 1439 3804 dya-

309 3823 438 3891 demate
453 3823 614 3911 insigniri,
632 3821 737 3890 dietus
762 3823 917 3892 Nieolans
932 3823 976 3892 ad
1007 3824 1272 3911 solempnitatem
1301 3845 1438 3893 eorona

310 3930 413 3998 eionis
429 3936 538 3998 nosue
569 3951 634 3998 non
665 3933 812 4018 accessit,
844 3953 920 4020 ymo
950 3933 1065 4018 pooins
1095 3931 1138 3998 ad
1169 3939 1310 4000 mmmm
1342 3951 1439 4000 anum

308 4023 420 4107 Plislre
436 4035 606 4127 (Pbldslre)
638 4039 833 4108 Teutonicos
865 4040 959 4109 nobie
990 4048 1023 4107 et
1053 4039 1168 4124 Regno
1198 4037 1369 4125 Hungarie
1397 4041 1440 4109 ab

311 4147 444 4233 antiqno
476 4147 634 4234 capitales
666 4147 814 4216 iuimieoe
838 4145 1031 4233 introduxit,
1056 4147 1231 4218 detinendo
1246 4155 1362 4217 eontra
1378 4171 1440 4218 noe

308 4256 414 4342 ipsum
429 4261 584 4343 castrum,
601 4262 632 4324 et
646 4255 798 4325 laniendo
817 4274 876 4343 per
891 4275 947 4324 eos
967 4255 1008 4324 de
1032 4260 1143 4325 oestro
1175 4254 1287 4325 eodem
1302 4257 1439 4326 oeeisio·

308 4384 366 4430 nes
397 4382 587 4453 pauperum,
612 4363 831 4451 spoliarionee
850 4383 980 4451 quoque
993 4364 1164 4451 plurimas,
1182 4373 1215 4432 et
1231 4363 1439 4434 denaeteoio·

308 4491 367 4539 nes
396 4493 462 4539 non
502 4471 647 4540 medieas
687 4473 840 4539 exeroeri.
899 4473 968 4542 Nos
1009 4492 1095 4558 vero,
1126 4473 1182 4558 qni
1214 4493 1254 4540 ex
1294 4475 1438 4559 suseepti

307 4579 473 4668 regiminis
489 4580 596 4650 olfieio
627 4579 856 4672 indempnitati
887 4601 945 4652 reu
975 4583 1221 4654 oonseruaoioni
1253 4582 1434 4654 ineolerum
