3148 5146
626 287 669 352 89

79 480 180 564 digne
195 478 421 546 retribucionis
438 477 593 547 beneficio
609 479 782 564 refocillat,
800 477 876 548 dum
894 481 941 547 eis
971 481 1110 566 largitur
1126 486 1220 573 quod

82 595 255 672 merentur,
271 587 443 654 multorum
460 593 586 654 mentes
602 587 645 654 ad
664 584 831 656 fidelitatis
850 589 962 656 florem
978 593 1107 677 excitat,
1124 600 1156 659 et
1171 595 1215 660 ad

82 693 313 762 benemerendi
330 693 438 761 studia
453 691 593 760 fideliter
610 693 864 779 obsequentibus
886 687 1002 783 prebet
1020 702 1214 785 exemplum,

84 807 116 867 et
131 806 258 886 prestat
288 819 461 887 operosam
476 799 631 868 fiduciam
647 803 821 870 seruiendi.
839 804 909 872 Hoc
924 804 1022 888 igitur
1038 816 1219 893 pensantes

84 929 125 976 ex
144 909 264 993 animo,
280 909 398 975 noticia
415 915 602 978 cunctorum
634 909 849 998 declaramus,
881 911 969 995 quod
999 932 1069 980 eum
1102 915 1219 984 Comes

83 1015 286 1084 Laureneius
311 1015 394 1082 filius
410 1015 497 1080 Petri
515 1014 653 1083 dilectus
670 1021 702 1081 et
717 1015 824 1084 fidelis
840 1023 949 1084 noster
965 1024 1031 1084 tam
1049 1021 1226 1104 predeces-

83 1141 194 1190 sorum
212 1131 392 1190 noslrorum
407 1123 534 1206 Regum
552 1125 763 1210 temporibus,
784 1143 883 1207 quam
914 1125 1033 1194 nostris
1050 1126 1083 1192 in
1116 1133 1217 1195 omni·

82 1232 145 1297 bus
170 1231 276 1314 Regni
308 1229 575 1317 expedicionibus
606 1233 709 1298 multa
741 1239 838 1316 grata
855 1238 887 1299 et
902 1233 1034 1302 diuersa
1049 1235 1221 1306 fidelitatis

85 1338 247 1421 obsequia
263 1337 475 1406 laudabiliter
490 1337 707 1426 inpendisset,
739 1340 846 1425 dubiJs
863 1361 898 1408 se
928 1341 1056 1408 lortnue
1088 1344 1221 1412 casibus

84 1453 117 1511 et
132 1445 226 1510 mille
258 1445 293 1510 in
309 1447 451 1532 pericula
482 1445 711 1532 submittendo,
740 1447 875 1514 sudores
895 1449 1031 1514 bellicos
1048 1455 1080 1516 et
1097 1451 1219 1519 wlnera

83 1550 203 1618 letalia
219 1552 429 1637 sustinendo;
455 1553 642 1639 specialiter
658 1560 765 1621 autem
782 1556 817 1620 iu
835 1555 997 1642 conflictu,
1016 1575 1109 1639 quem
1144 1579 1222 1626 oum

82 1657 240 1743 ilenrico,
275 1655 432 1726 Joachiuo
466 1665 497 1726 et
513 1658 589 1747 alijs
621 1679 731 1726 eorum
763 1661 970 1749 sequacibus,
990 1663 1098 1752 Regni
1114 1667 1218 1733 nostri

83 1764 287 1850 infidelibus,
317 1765 372 1849 qui
397 1766 538 1833 collectis
569 1767 636 1834 suis
668 1767 891 1856 eomplicibus,
922 1769 1054 1836 vexillis
1084 1773 1222 1840 eleuatis

83 1877 198 1939 eontra
232 1871 395 1948 Coronam
426 1875 562 1956 Regiam
582 1894 665 1940 ausu
682 1873 856 1941 temerario
873 1876 985 1942 uenire
1002 1883 1220 1962 attemptans-

83 1985 170 2066 rant,
189 1979 365 2064 pugnaturi
381 1979 470 2064 apud
498 1988 639 2048 montem
671 1981 895 2049 Bukensomla
926 1989 1075 2050 vocatum
1105 1983 1219 2053 habui·

82 2107 158 2153 mus
171 2109 180 2170 ;
203 2087 239 2152 in
271 2107 333 2170 quo
365 2086 495 2170 quidem
520 2089 669 2156 conflictu
696 2090 783 2155 idem
799 2089 969 2172 Heurious,
986 2091 1221 2177 primipilarius

84 2195 251 2262 exercitus
273 2195 448 2264 eorundem
478 2195 667 2280 infidelium,
699 2205 801 2264 morte
818 2198 996 2264 miserabili
1019 2217 1077 2284 per
1092 2208 1219 2272 nostros

84 2301 204 2370 fideles
237 2304 345 2370 extidt
374 2304 586 2389 interemptus
602 2331 610 2370 :
626 2301 712 2371 idem
744 2302 861 2372 Comes
885 2305 1087 2374 Laureneius
1128 2315 1221 2376 aetus

84 2409 292 2477 exhibuisset
308 2415 460 2479 strenuos
476 2411 614 2478 viriliter
630 2411 826 2504 dimicando,
842 2418 874 2477 et
889 2413 998 2497 plures
1014 2412 1048 2478 in
1079 2413 1220 2496 aduersa

84 2519 156 2584 acie
173 2516 381 2584 debellando.
415 2519 483 2586 Nos
500 2521 556 2603 qni
573 2541 613 2586 ex
629 2519 735 2587 officio
751 2521 912 2604 susscepti
929 2520 1097 2606 regiminis
1113 2524 1219 2590 nostri

85 2624 197 2692 metiri
231 2623 385 2694 debemus
416 2625 534 2694 merila
565 2627 779 2716 singulorum,
796 2634 830 2694 et
859 2627 1031 2712 unicuique
1062 2629 1154 2697 iuxta
1170 2631 1221 2697 sui

85 2730 195 2799 meriti
225 2731 439 2814 quantitatem
470 2733 668 2817 respondere
700 2732 874 2820 donatiuis,
891 2741 927 2800 vt
942 2735 999 2820 alij
1014 2743 1162 2822 respecto
1180 2759 1219 2805 eo

86 2839 129 2905 ad
146 2837 317 2905 fidelitatis
333 2859 433 2925 opera
447 2838 569 2907 loreins
584 2841 815 2926 accendantur,
836 2841 941 2927 ipsius
973 2842 1107 2910 Comitis
1137 2844 1221 2911 Lau·

87 2944 192 3030 rencij
226 2945 368 3012 seruicia
398 2945 565 3013 meritoria
580 2947 613 3013 in
630 2945 736 3014 cordis
752 2949 853 3014 nostri
868 2948 1071 3017 reuoluentes
1086 2953 1221 3016 armari·

91 3054 158 3139 olo,
176 3053 389 3138 volentesque
404 3053 511 3140 ipsum
527 3053 612 3124 bono
628 3055 772 3140 quolibet
802 3053 958 3136 refouere,
988 3056 1064 3123 lieet
1094 3057 1226 3124 maiori·

87 3161 150 3227 bus
183 3157 303 3244 dignus
332 3145 517 3229 'haberetur
534 3187 541 3228 :
559 3163 724 3247 quandam
760 3163 1001 3248 possessiouem
1034 3165 1223 3233 Seenmihal

87 3274 254 3348 vocatam,
271 3267 305 3332 in
321 3265 485 3336 comitatu
505 3267 601 3336 Ferei
632 3270 740 3338 castri
771 3271 974 3357 existentem,
1007 3291 1104 3353 quam
1135 3271 1225 3342 idem

87 3377 207 3443 Comes
238 3373 439 3441 Laureneius
469 3375 548 3442 olim
579 3395 619 3442 ex
635 3377 812 3445 collacione
842 3375 947 3461 Regia
974 3377 1173 3463 possidebat,
1190 3387 1222 3448 et

86 3481 294 3570 postmodnm
310 3484 353 3550 ab
369 3483 482 3550 eodem
499 3483 608 3551 luerat
623 3482 770 3552 indebite
786 3485 940 3570 alienata,
973 3483 1174 3554 reddidimus
1190 3499 1224 3556 ct

88 3588 290 3660 restituimus
321 3587 426 3656 eidem
451 3589 566 3658 comiti
596 3590 777 3657 Laurencio
803 3598 836 3658 et
860 3593 929 3660 suis
946 3589 1118 3661 heredibus
1134 3593 1226 3662 bere-w

88 3700 235 3784 dumque
261 3699 505 3766 successoribus
536 3707 693 3786 perpetuo
709 3706 742 3766 et
772 3699 1028 3769 irreuocabiliter
1058 3703 1223 3787 possiden-

87 3808 177 3894 dam,
196 3827 269 3874 eum
303 3807 453 3876 omnibus
475 3808 688 3906 pertinenciJs
706 3817 739 3876 et
754 3809 822 3878 suis
839 3809 1036 3877 utilitatibus
1052 3809 1223 3896 uniuersis,

87 3921 186 4000 prout
201 3913 290 3981 idern
306 3915 457 4000 primitus
474 3915 651 3984 dinoscitur
681 3917 835 3986 tenuisse.
851 3918 892 3984 Iu·
922 3917 1013 3985 cuius
1029 3917 1077 3983 rei
1108 3938 1234 3986 memo„
1325 3903 1331 3920 ⁸

86 4023 172 4089 riam
205 4021 458 4106 firmitatemque
481 4031 675 4110 perpetuum
691 4033 857 4111 presentes
872 4024 1092 4094 concessimus
1110 4026 1223 4094 literas

85 4129 234 4215 duplicis
250 4128 356 4214 sigilli
372 4132 473 4198 nostri
489 4130 667 4227 munimine
683 4133 861 4201 roboratus.
882 4132 1002 4198 Datum
1019 4150 1079 4215 per
1109 4151 1225 4201 manus

85 4236 242 4321 Magistri
274 4235 444 4304 Benedicti
468 4237 587 4305 Sancte
603 4237 839 4322 strigoniensis
856 4239 1006 4306 Ecclesia
1020 4237 1136 4322 illecti,
1151 4238 1226 4308 Per-

85 4343 248 4426 petuique
266 4339 402 4411 Comitis
419 4344 481 4412 loci
497 4342 652 4432 eiusdem,
670 4345 830 4432 Propositi
856 4344 1029 4429 Budensis,
1045 4344 1121 4411 aule
1152 4367 1232 4415 nos··

84 4461 135 4517 tre
169 4449 464 4538 vicecancellarii,
497 4453 606 4519 dilecti
638 4473 678 4520 ae
709 4452 814 4520 fidelis
845 4451 957 4535 nostri,
992 4471 1078 4518 anno
1095 4452 1227 4520 Domini

82 4557 266 4626 millesimo
284 4558 354 4626 00⁰
369 4559 612 4647 septuagesimo
629 4565 755 4647 quarto,
771 4560 912 4630 secundo
939 4558 1101 4627 kalendas
1134 4560 1239 4630 Octo·-
