3068 5150
626 1013 702 1082 325.

100 1215 128 1281 A
143 1217 298 1282 oetenozei
313 1213 591 1300 ltilztdrsarciynulr
608 1213 771 1296 readeteto,
795 1213 940 1300 melylyel
961 1210 1074 1278 Cesero
1089 1211 1224 1298 aziqettu

257 1348 297 1388 aa
312 1325 421 1391 ottoni
437 1346 540 1390 corner
555 1322 665 1388 uillosa
681 1323 943 1407 smbdlyozlatilt.
965 1321 1062 1386 1283.
1171 1325 1178 1398 J
1247 1397 1252 1402 ,

202 1522 244 1585 In
277 1518 338 1584 Dei
369 1518 499 1585 numius
530 1536 634 1585 amen.
665 1517 762 1586 Anno
792 1501 961 1584 Dominiee
981 1513 1225 1590 Iuoarnaeiouis
1263 1577 1265 1583 .

98 1626 369 1695 lICCLXXXIll.
386 1625 438 1692 die
455 1627 492 1690 V.
510 1624 672 1709 Octobris,
689 1623 880 1692 duodeuIme
899 1623 1097 1713 indictionis,
1129 1632 1230 1711 napta
1242 1649 1258 1686 ρ

103 1737 160 1802 suit
189 1754 271 1820 pars
287 1736 321 1802 in
347 1734 462 1802 Maiori
493 1731 637 1802 Consilio
658 1729 891 1802 Venellorum:
909 1730 1238 1819 quodiufrasoripta'

99 1842 273 1910 eoncordia
289 1849 430 1910 tractate
440 1863 497 1930 per
507 1843 632 1910 nobiles
648 1841 735 1910 viros
747 1841 895 1910 dominos
905 1841 1095 1910 Mithaelem
1113 1843 1233 1911 Dauro·
1281 1855 1283 1860 '

98 1959 128 2018 et
141 1951 287 2018 Marcum
320 1951 452 2038 Bombo,
485 1951 570 2016 iuter
602 1949 743 2018 nobilem
764 1951 867 2018 virum
885 1949 1049 2019 dominum
1065 1951 1228 2018 Marinum

98 2059 323 2126 llaurooenum
341 2059 498 2126 Comitem
514 2059 730 2127 Auserensem
747 2080 788 2126 ex
804 2078 872 2125 una
891 2064 1003 2145 parte;
1028 2065 1061 2126 et
1077 2057 1223 2124 homines

99 2165 200 2232 lusule
229 2167 408 2235 Comitatus
424 2167 569 2234 eiusdem
586 2187 627 2234 ex
643 2169 757 2252 altera,
772 2173 804 2235 st
820 2166 929 2236 omnia
945 2173 977 2234 et
992 2166 1225 2251 singularium·

97 2273 160 2341 rius
190 2295 384 2360 comprensa
420 2275 561 2342 debeant
597 2295 669 2342 esse
700 2276 804 2363 firma,
836 2281 868 2342 et
898 2273 1023 2342 attendi
1059 2273 1225 2342 observari

97 2380 161 2447 fieri
192 2390 226 2448 et
242 2381 397 2468 eompleri
413 2389 479 2449 tam
496 2403 552 2467 per
569 2382 674 2469 ipsum
691 2380 860 2469 Comitem,
876 2383 911 2448 in
928 2389 1083 2466 quantum
1099 2387 1226 2468 spectat

98 2490 137 2556 ad
152 2511 240 2576 eum,
272 2511 369 2574 quam
401 2511 458 2574 per
474 2489 620 2556 homiues
638 2488 721 2559 diete
738 2490 855 2576 insule,
872 2489 906 2556 iu
924 2495 1078 2574 quantum
1096 2495 1223 2576 speetat

98 2598 242 2682 adipson
258 2598 416 2666 hominos.
448 2596 611 2684 Imprimis
644 2597 741 2664 debet
771 2597 892 2664 habere
924 2595 1075 2666 dominus
1107 2598 1223 2666 Comes

98 2705 194 2772 libras
228 2705 353 2772 LXXX
384 2705 426 2772 ad
459 2721 581 2790 parvos
597 2704 683 2772 omni
700 2725 787 2772 anno
804 2724 905 2789 nsque
921 2703 964 2772 ad
980 2705 1080 2773 vitam
1101 2704 1226 2773 domini

100 2810 229 2879 Comitis
244 2833 303 2898 per
319 2818 450 2900 nattam,
473 2819 539 2878 tam
556 2813 584 2877 si
601 2812 766 2898 refutaret,
784 2811 922 2896 quamsi
956 2812 996 2879 de
1027 2813 1088 2880 hoo
1118 2813 1229 2879 seoulo

99 2921 352 3009 transmigraret,
379 2921 421 2988 ele
437 2921 590 2987 omnibus
607 2920 724 2987 bannis
742 2928 773 2986 et
788 2919 1113 2988 condemnationibus
1130 2919 1228 2987 totius

100 3025 210 3110 insule,
228 3047 292 3112 que
307 3028 416 3096 banna
434 3029 543 3094 omnia
562 3037 593 3094 et
609 3027 897 3096 condemnationes
914 3027 1056 3096 debeant
1081 3027 1229 3113 perveni·

5 3181 7 3184 -
99 3153 132 3198 re
147 3133 180 3199 iu
197 3133 376 3203 Commune
404 3135 488 3204 diste
519 3135 646 3220 insule;
670 3155 750 3218 quos
781 3135 934 3204 denarios
966 3135 1044 3202 dieti
1062 3135 1102 3202 de
1120 3135 1229 3202 Insula

98 3242 220 3308 solvere
235 3248 405 3310 teneantur
420 3241 484 3328 ipsi
501 3241 760 3309 dominoComiti
776 3243 829 3310 vel
840 3241 909 3310 eius
929 3243 1057 3328 nuncio,
1074 3241 1229 3310 videlieet

98 3345 300 3416 medietatem
332 3351 364 3415 in
380 3349 486 3416 medio
518 3350 607 3436 anui,
625 3356 657 3417 et
673 3350 770 3416 aliam
789 3351 998 3417 medletatem
1015 3349 1048 3416 in
1063 3348 1128 3415 fine
1142 3350 1222 3418 anni

99 3457 155 3522 sub
170 3477 260 3542 pena
274 3457 371 3544 tertii,
389 3455 509 3524 erudito
525 3457 584 3526 soli
601 3457 699 3524 verbo
715 3458 817 3544 ipsius
829 3455 951 3524 domiui
968 3456 1120 3542 Comitir3
1140 3457 1229 3525 etde

100 3561 158 3630 hoe
173 3564 245 3631 lieri
270 3565 388 3631 debeat
403 3566 569 3651 pontinum
588 3567 845 3634 instrumentum.
862 3565 941 3632 Item
958 3565 1077 3633 debeat
1101 3567 1223 3635 habere

102 3669 205 3738 dietus
222 3672 371 3740 dominus
388 3673 504 3742 Comes
521 3675 563 3741 au
589 3674 780 3742 solvendum
813 3673 939 3762 regalia
971 3673 1093 3740 domiui
1124 3675 1226 3744 Duris

99 3777 201 3847 libras
233 3779 455 3866 septingentas
486 3780 529 3847 ad
545 3781 696 3850 denarios
714 3801 771 3867 per
797 3801 945 3866 grossum
962 3783 1050 3848 omni
1067 3801 1163 3866 auno,
1179 3782 1228 3848 vi-

100 3865 217 3936 delieet
246 3869 456 3937 medietatem
488 3872 521 3938 in
547 3871 654 3939 medio
685 3873 772 3958 anni,
805 3879 837 3938 et
853 3873 953 3940 aliam
970 3871 1175 3940 medietatem
1192 3874 1227 3937 in

99 3977 159 4044 fine
191 3977 279 4044 anui.
296 3977 339 4043 Et
370 3997 429 4062 pro
460 3979 511 4046 his
544 3979 688 4048 homines
719 3979 915 4048 dietelnsule
937 3979 1057 4048 habere
1089 3980 1231 4049 debeant

100 4085 328 4166 omniasoolia,
346 4105 456 4154 omnes
468 4091 583 4174 terras,
601 4087 751 4174 llluolam,
768 4107 879 4154 omues
902 4086 1024 4154 reditus
1038 4093 1070 4152 et
1084 4087 1231 4170 intratos,

103 4193 156 4276 qui
188 4199 297 4278 etque
313 4198 463 4279 spectant
494 4195 537 4260 ad
554 4194 676 4262 dietum
692 4196 896 4262 Comitatum.
923 4196 1002 4262 Item
1021 4195 1108 4278 quod
1125 4195 1230 4264 dietus

102 4299 213 4368 Comes
244 4321 316 4368 oum
347 4301 532 4369 hominibus
565 4301 651 4370 dlote
682 4302 930 4369 Insuledebeat
949 4303 1082 4370 Judioes
1100 4303 1231 4393 eligere,

102 4427 182 4490 quos
201 4408 270 4494 ipse
300 4408 449 4476 domiuus
480 4406 594 4476 Comes
627 4410 816 4476 confirmare
841 4408 968 4495 debeat,
1001 4410 1118 4477 stando
1152 4410 1231 4478 dieti

99 4515 224 4583 ludices
254 4517 289 4583 in
321 4536 381 4584 suo
413 4515 570 4601 regimine
600 4538 658 4604 per
688 4537 816 4584 menses
847 4525 972 4601 septem
996 4525 1027 4584 et
1047 4541 1109 4586 uon
1142 4519 1227 4606 plus,

102 4623 239 4708 regendo
254 4624 326 4710 ipse
341 4623 492 4692 domiuus
510 4622 624 4696 Comes
640 4625 763 4694 dietam
780 4623 925 4692 Insulam
943 4627 1119 4695 seeundum
1146 4630 1231 4714 quod
