3170 5166
646 309 807 408 ..ἶφ-

149 507 316 594 Gregorio
333 504 447 591 sepius
463 505 631 571 nominato
648 509 846 570 remanente.
862 503 1014 570 Preterea
1042 501 1182 588 quedam
1213 521 1275 588 par·

150 615 258 684 ‘tionla
273 621 361 682 terre
377 609 551 680 eorundem
568 613 656 678 circa
673 611 784 680 villam
815 610 899 677 Inhe
914 631 935 678 a
952 617 1046 698 porte
1076 609 1292 690 meridionali,

148 745 217 808 qne
235 724 321 790 inter
337 727 460 788 terram
475 717 612 787 Comitis
647 719 796 804 Gregorij
813 741 834 786 a
850 727 947 806 parto
976 718 1130 786 orientali
1146 724 1179 783 et
1208 717 1294 785 inter

149 839 276 900 terram
291 827 473 915 Mycbaelis
490 827 532 894 ab
549 825 720 896 occidente
736 847 838 911 usque
853 835 959 894 metas
976 832 1060 894 terre
1073 825 1178 909 reno,
1195 825 1294 894 cessit

141 936 304 1005 similiter
321 935 438 1004 Gomiti
455 934 613 1019 Gregorio
629 934 695 1001 iam
715 941 838 1002 notato.
869 935 1019 1002 Geternm
1051 939 1242 1028 annuentes,
1260 939 1293 1000 et

147 1044 262 1114 extitit
292 1041 494 1124 ordinatum
517 1062 594 1109 nam
624 1048 727 1112 totam
757 1041 944 1129 porcionem
975 1039 1161 1121 eorundem,
1190 1058 1289 1123 quam

151 1150 319 1218 habebant
335 1149 368 1215 in
385 1149 466 1216 villa
480 1149 571 1228 Inhs,
589 1168 662 1217 cnm
678 1151 828 1216 omnibus
853 1147 1045 1216 utilitatibus
1070 1147 1138 1214 suis
1156 1155 1188 1212 et
1219 1167 1290 1232 per·

148 1257 306 1342 tinencijs
339 1255 516 1340 uniuersis,
532 1255 760 1339 iobagionibus
776 1254 942 1340 uidelicet,
958 1255 1042 1324 sicut
1057 1255 1120 1340 ipsi
1138 1253 1291 1340 possede-

152 1369 239 1444 runt,
281 1359 423 1449 proprijs
464 1361 664 1430 sessionibus
697 1361 804 1432 eciam
838 1361 994 1449 ipsorum,
1035 1367 1144 1446 preter
1174 1359 1290 1430 domos

152 1469 316 1560 proprias,
332 1490 414 1556 quas
430 1491 532 1555 usque
548 1469 664 1538 festum
681 1471 775 1538 Beati
791 1468 924 1556 Georgij
947 1467 1102 1537 deberent
1113 1487 1290 1556 remouere,

152 1579 254 1646 nichil
288 1578 322 1645 in
353 1579 467 1645 eadem
499 1579 580 1646 villa
613 1599 671 1665 cys
702 1585 924 1665 permanente,
955 1578 1154 1662 reliquerunt
1184 1575 1317 1644 eidem.

146 1685 274 1754 Comiti
306 1684 478 1771 Gregorio,
510 1692 543 1752 et
573 1707 632 1772 per
664 1707 737 1754 enm
768 1687 836 1754 suis
866 1685 1041 1754 heredibus
1072 1683 1291 1768 heredumque

147 1813 285 1862 suorum
303 1791 549 1860 suecessoribus
565 1800 723 1880 perpetuo
735 1797 767 1862 et
777 1792 1040 1860 inreuocabiliter
1055 1788 1291 1879 possidendas,

145 1919 251 1986 snper
267 1899 437 1987 premissis
454 1900 658 1984 singulorum
685 1897 770 1986 (igy)
802 1911 993 1992 perpetuum
1024 1898 1193 1967 silencium
1225 1899 1291 1966 sibi

150 2014 190 2074 et
204 2009 273 2074 suis
289 2005 461 2074 heredibus
474 2005 675 2093 inponendo.
691 2006 906 2094 Obligaeione
921 2007 980 2075 tali
995 2007 1180 2091 interserta,
1204 2003 1291 2091 quod

149 2115 185 2182 si
201 2113 274 2200 quis
289 2135 330 2182 ex
345 2113 424 2200 ipsis
440 2115 494 2182 uel
510 2133 622 2182 eornm
638 2113 814 2182 heredibus
829 2135 984 2202 processu
1000 2122 1179 2202 temporum
1191 2133 1291 2200 super

150 2226 244 2288 terra
260 2220 430 2305 sepedicta
445 2228 642 2308 attemptans
667 2222 765 2290 uellet
780 2243 915 2309 mouere¹
926 2223 1095 2290 materiam
1112 2221 1291 2308 questionis

150 2329 344 2415 aliqualem,
361 2349 399 2396 eo
415 2329 503 2396 iacto
518 2329 589 2396 sine
603 2330 739 2414 strepitu
755 2329 927 2397 cuiuslibet
938 2328 1054 2416 jndicij
1071 2329 1160 2396 diota
1191 2337 1293 2415 terra,

158 2455 223 2519 qne
255 2455 315 2520 eys
340 2435 449 2503 suerat
464 2455 520 2522 per
544 2434 724 2522 predictum
740 2436 898 2504 Comitem
915 2435 1106 2522 Gregorinm
1124 2454 1291 2516 concessa,

158 2541 266 2609 eidem
277 2541 396 2609 Gomiti
413 2543 569 2628 Gregorio
585 2542 641 2611 uel
656 2545 725 2620 suis
740 2543 915 2612 heredibus
932 2551 1114 2612 remaneret
1131 2552 1166 2611 nt
1181 2542 1292 2630 primi-

155 2655 210 2716 tus
221 2648 462 2736 possidebatur.
477 2650 547 2718 Nec
562 2649 624 2718 hoc
640 2651 776 2719 silencio
790 2651 1066 2740 pretermittimus,
1084 2651 1171 2737 quod
1190 2651 1291 2738 sepis-

153 2759 239 2826 sime
255 2757 361 2826 dictus
377 2759 493 2826 Comes
510 2759 697 2845 Gregorius,
714 2765 751 2826 ut
769 2780 809 2826 ea
828 2780 891 2844 que
921 2745 1179 2827 misericorditer
1210 2758 1292 2825 ordi-

157 2864 254 2932 nauit
282 2873 315 2933 et
330 2867 501 2952 concessit,
532 2888 592 2954 per
623 2886 658 2934 se
676 2865 727 2934 nel
744 2885 819 2934 suos
841 2866 979 2935 heredes
995 2872 1162 2953 nequeant
1178 2871 1290 2934 attem-

149 2974 245 3058 ptari
261 2973 316 3040 uel
332 2976 436 3041 eciam
453 2974 587 3060 irritari,
604 2995 640 3042 se
657 2981 689 3042 et
705 2993 779 3042 snos
795 2973 902 3042 taliter
924 2974 1096 3062 obligauit,
1112 2981 1148 3040 nt
1162 2973 1188 3040 si
1221 2972 1292 3060 ipse

156 3079 211 3146 nel
243 3079 292 3146 sui
326 3078 461 3148 heredes
493 3100 593 3167 super
624 3089 711 3150 terra
743 3102 821 3168 sepe
838 3080 929 3148 dicta
945 3081 1037 3149 iuxta
1053 3080 1292 3149 continenciam

157 3189 338 3254 litterarum
369 3189 546 3272 Regiorum
577 3210 616 3258 ac
648 3191 812 3258 Beronum
853 3190 1082 3276 premissorum
1122 3187 1289 3256 materiam

156 3294 227 3361 litis
261 3295 434 3362 suscitaret
465 3304 579 3362 contra
610 3296 693 3364 filios
724 3297 829 3364 Booth
845 3297 899 3365 uel
925 3318 1036 3365 eorum
1052 3297 1198 3381 heredes,
1216 3304 1292 3362 ante

155 3402 226 3470 litis
256 3401 440 3487 ingressum
471 3404 712 3489 quinquaginta
743 3425 872 3472 mareas
903 3406 1031 3473 soluere
1062 3413 1221 3473 teneatur.
1246 3404 1290 3472 Vt

159 3511 262 3593 igitur
293 3508 389 3577 huius
419 3509 609 3578 donacionis
642 3519 674 3578 et
705 3511 924 3580 ordinacionis
955 3533 1066 3600 seryes
1099 3520 1172 3580 rata
1202 3513 1245 3582 sit
1261 3521 1293 3578 et

147 3616 356 3682 inconeussa
398 3623 593 3705 perseueret,
624 3616 668 3685 ad
699 3620 893 3690 instanciam
933 3621 1079 3706 parcium
1121 3629 1290 3708 presentes

154 3723 284 3788 litteras
300 3731 428 3792 nostras
446 3728 662 3794 concessimus
680 3729 782 3794 nostri
798 3729 899 3814 sigilli
916 3731 1094 3797 munimine
1110 3731 1291 3800 roboratas.

158 3831 257 3897 Anno
275 3829 405 3898 Domini
430 3834 552 3901 M⁰GG⁰
582 3835 825 3921 septuagesimo
857 3846 972 3904 octauo
1004 3837 1115 3905 datum
1146 3841 1180 3904 in
1211 3839 1293 3906 villa

157 3937 314 4028 Syboucb
345 3939 484 4007 sabbato
515 3941 723 4010 lestinitatem
756 3943 907 4012 Omnium
939 3947 1131 4014 Sanctorum
1148 3947 1292 4033 proxime

158 4045 367 4130 precedente.

149 4241 447 4312 (Somogyvarmegye
467 4246 724 4314 tbrvdnysnelrenelr
746 4253 822 4302 1318.
853 4253 899 4302 »in
927 4254 1034 4304 oetauis
1063 4255 1144 4304 Beati
1176 4253 1290 4320 Georgij

230 4334 374 4385 martiris«
395 4336 455 4386 kelt
474 4337 636 4403 iteletehi513
668 4355 684 4390 a
703 4339 790 4393 budai
802 4342 856 4392 kir.
870 4342 998 4394 kamarai
1020 4343 1217 4410 lereltrirban.)

591 4552 859 4566 m
