3112 5154
636 287 699 358 li'l

94 479 182 547 uicti
198 477 352 565 comites,
382 483 556 550 bliroslaus
579 483 718 566 Traaon,
734 490 768 552 et
783 483 922 566 Buebae,
948 483 1038 552 eiuee
1054 483 1237 568 Nouenses,

104 585 264 656 adiuuetis
280 587 345 656 sibi
359 589 521 658 nonnullis
535 589 716 675 iniquitatis
732 589 809 675 olijs
826 589 870 657 ad
888 591 1003 672 looum,
1030 611 1126 674 quem
1158 591 1235 658 dieti

94 693 291 764 ¹(instruentur
322 703 356 764 et
373 696 466 764 Prior
497 696 664 766 habebant
695 697 729 764 in
747 697 897 784 prediola
927 697 1063 766 oiuitate
1093 700 1238 768 Nouensi

103 801 267 872 hostiliter
280 803 486 891 aoeedsntes,
504 811 537 872 et
548 807 582 874 in
599 803 760 890 quosdam
776 805 929 874 audietis
945 805 1101 874 iratribus
1117 827 1233 875 manus

104 908 299 998 iniieientes,
331 911 395 980 Dei
425 912 540 980 timore
571 913 764 999 postposito,
788 921 909 981 temore
922 911 1094 998 violentas,
1111 921 1236 999 partem

98 1017 170 1084 loei
186 1015 332 1086 eiusdem
348 1019 488 1104 diruere,
506 1025 539 1087 et
556 1020 643 1086 bona
658 1018 818 1088 dietorum
834 1019 971 1089 fratrum
986 1018 1107 1088 ibidem
1122 1019 1237 1088 inuen-
1306 1051 1307 1054 ¹

95 1131 138 1191 ta
153 1143 272 1211 rapere
303 1133 336 1193 et
351 1131 521 1212 asportare
552 1127 702 1210 nequiter
733 1135 1010 1216 presumpserunt,
1024 1130 1059 1196 in
1075 1129 1236 1199 dietornm

100 1233 228 1302 Prioris
244 1238 277 1300 et
290 1233 425 1302 fratrum
441 1253 544 1320 graue
561 1235 788 1323 preiudioium,
805 1242 838 1304 et
863 1235 1054 1304 scandalum
1085 1235 1238 1322 plurimo·

104 1361 186 1408 rum.
222 1339 384 1420 Quooiroa
398 1340 598 1410 fraternitati
614 1351 668 1411 tue
685 1363 742 1429 per
756 1343 945 1430 Apostoliea
964 1343 1088 1430 seripta
1104 1344 1238 1412 manda·

103 1467 188 1536 mus,
214 1456 373 1534 quatenus
389 1450 418 1516 si
433 1447 473 1518 de
506 1449 693 1518 huiusmodi
723 1471 879 1519 manuum
909 1449 1093 1537 iuieotione,
1109 1460 1142 1520 et
1174 1453 1237 1521 loei

104 1555 245 1643 predioti
261 1555 421 1626 dirutione
437 1558 581 1642 legitime
598 1558 656 1626 tibi
667 1559 858 1648 eonstiterit,
875 1559 1041 1646 prediotos
1058 1561 1237 1644 sacrilegos

105 1663 244 1753 tamdiu,
277 1663 502 1751 appellatione
536 1674 673 1751 remota,
712 1669 1008 1736 excommunicatos
1040 1674 1073 1734 et
1112 1666 1241 1754 publice

104 1774 271 1859 enunoies,
301 1777 332 1838 et
348 1770 454 1840 faoias
483 1773 526 1841 ab
542 1776 689 1842 omnibns
720 1775 843 1842 arelius
869 1773 998 1855 euitari‚
1020 1775 1123 1842 donee
1139 1794 1239 1861 snper

106 1881 147 1947 iis
164 1878 379 1948 satisfecerint
409 1889 636 1964 competenter,
652 1891 684 1950 et
714 1881 928 1950 absolutionis
960 1902 1018 1949 sue
1048 1881 1240 1949 beneficium

99 1991 348 2073 wassequentem
369 1987 498 2056 eosdem
534 2009 673 2076 quoque,
706 1987 792 2075 quod
824 1991 910 2056 bona
934 1988 1009 2074 ipsa
1025 1985 1121 2056 dietis
1135 1987 1240 2056 Priori

107 2100 139 2164 et
155 2094 312 2162 iratribus
326 2093 497 2161 restituant
513 2094 647 2182 integre,
658 2104 694 2164 ul
704 2101 865 2182 tenentur,
886 2096 1063 2164 monitione
1079 2095 1241 2182 premissa

107 2221 165 2290 per
197 2221 365 2268 censorum
399 2201 665 2284 eeclesiasticam,
707 2203 919 2290 appelatione
957 2209 1093 2286 remota,
1125 2203 1243 2290 preuia

106 2307 237 2377 rationo
253 2307 439 2395 compellas.
471 2309 587 2379 Testes
603 2317 722 2394 autem,
742 2311 797 2394 qui
823 2309 943 2378 luerint
974 2310 1143 2388 nominati,
1160 2309 1188 2378 si
1204 2328 1240 2377 so

98 2417 194 2505 odio,
228 2415 335 2500 gratia
350 2417 407 2483 rol
424 2416 542 2484 timore
566 2417 802 2502 subtraxerint,
817 2415 956 2486 sensura
971 2415 1080 2503 simili,
1097 2417 1246 2504 appella·

107 2527 196 2592 tione
228 2530 389 2609 cessante,
432 2524 612 2609 oompollas
643 2525 775 2593 veritati
806 2526 1027 2594 testimonium
1058 2524 1240 2611 perbibere.

103 2637 230 2701 Datum
270 2629 408 2698 viterbii
447 2630 557 2700 idibus
590 2632 740 2701 Oelobris
781 2653 870 2701 anno
900 2631 1111 2701 Pontificatns
1141 2633 1243 2700 nostri

103 2760 226 2828 prrmo.

137 2938 267 3002 ffarlati
286 2936 396 3000 Daniel,
415 2937 566 3002 Illyriounr
585 2935 702 2988 Sacrum
720 2937 753 2989 V.
775 2937 834 2988 kot.
854 2938 991 2990 Velenoae
1013 2939 1089 2987 1775.
1111 2939 1152 2986 80.
1174 2938 1205 2999 l.)

642 3825 717 3896 150.

106 4027 201 4092 ΧΧΙ.
216 4025 322 4093 Jonas
335 4030 429 4114 pcipe
446 4023 576 4092 Salvius
593 4023 749 4113 trebipnei
761 4025 927 4112 pilepbleit
943 4027 1050 4091 noorai
1059 4024 1095 4090 ln·
1104 4025 1242 4110 sequani

537 4132 696 4199 troisset.
721 4133 821 4200 1276.

218 4326 386 4395 lohannes
414 4326 597 4414 Episcopus
628 4347 742 4396 seruus
773 4345 940 4394 seruorum
972 4325 1036 4392 Dei
1060 4325 1239 4392 venerabili

102 4435 206 4502 ,fratri
220 4434 333 4504 Salvio
349 4436 605 4523 Arohiepisoopo
621 4438 788 4522 Ragnsino
809 4437 947 4504 salutern
963 4441 995 4502 et
1020 4431 1241 4521 Apostoliuam

101 4543 379 4612 benedietiouem.
409 4543 449 4610 In
479 4563 632 4630 supreme
665 4544 800 4630 specula
831 4542 1003 4628 dignitatis
1046 4560 1243 4626 quamquam

221 4680 325 4718 ΙΟΙΠΙ.
341 4678 423 4716 EUM.
442 4679 514 4718 ulos.
531 4691 572 4706 ·-·
590 4680 664 4720 Dm.
678 4679 745 4717 1111.
1095 4653 1137 4718 12
