3168 5150
215 745 254 819 2.
276 749 557 818 Excellentissimo
573 749 715 838 Principi
732 749 863 818 domino
879 749 1004 819 Karulo
1020 753 1061 818 D.
1079 771 1125 838 gr.
1156 747 1238 836 Regi

105 859 278 942 Hungarie
293 859 412 926 illustri
429 860 492 927 stb.
516 859 706 926 Willermus
722 857 868 944 Drugeth
883 859 1057 928 Palatinus
1075 865 1108 928 et
1130 859 1238 928 Judex

106 967 402 1036 Comauorumstb.
423 967 510 1052 qnod
536 965 711 1034 Ludizlaus
742 966 826 1035 lilius
857 966 1014 1036 iohannis
1046 968 1110 1036 stt.
1139 971 1237 1055 juxta

106 1073 345 1142 continenciam
362 1075 548 1143 litterarum
565 1075 701 1143 Comitis
717 1075 811 1161 Issep
825 1075 954 1142 tudinis
971 1075 1086 1164 nostri,
1102 1074 1136 1142 iu
1152 1083 1236 1144 ccta-

106 1184 159 1248 nis
173 1180 250 1248 festi
267 1182 458 1250 Natiuitatis
473 1181 618 1266 Virginis
635 1181 784 1250 Glorioso
800 1181 843 1249 ad
859 1188 1004 1250 nostrum
1020 1179 1236 1250 Judiciarium

107 1308 247 1356 examen
261 1287 446 1357 accedendo
464 1295 578 1357 contra
593 1289 785 1374 Magistrum
802 1288 992 1358 Ladislaum
1003 1289 1103 1357 filium
1114 1289 1237 1359 Johau·

104 1396 160 1463 nis
174 1395 216 1462 de
231 1395 367 1480 &vanu
381 1396 546 1481 quandam
573 1398 810 1482 possessionem
841 1397 989 1486 Wysnyo
1020 1403 1171 1466 uocatam
1201 1399 1234 1466 in

106 1503 272 1570 Comitatu
289 1503 330 1570 de
345 1502 503 1591 Zemplen
519 1505 710 1572 existentem
726 1525 819 1574 suum
835 1525 906 1574 esse
920 1505 1107 1592 asserendo,
1131 1513 1165 1574 et
1180 1526 1237 1592 per

105 1609 245 1679 eundem
260 1609 450 1679 Ladislaum
467 1617 677 1698 occupatam
704 1609 852 1680 exhibuit
867 1613 945 1680 mihi
961 1611 1088 1683 litteras
1103 1611 1234 1701 priuile-

104 1718 214 1805 giales
233 1717 441 1786 Serenissimi
458 1717 617 1803 Principis
631 1717 753 1785 domini
780 1718 937 1806 Stephani
970 1717 1085 1787 eadem
1118 1720 1234 1804 gracia

104 1823 247 1894 condam
262 1825 367 1894 incliti
383 1824 482 1910 Regis
498 1825 675 1911 Hnugarie,
692 1846 779 1894 anuo
795 1827 837 1893 ab
853 1826 1090 1894 incarnacione
1103 1826 1236 1894 Domini

104 1934 394 2004 monoceroton
410 1933 652 2020 septuagesimo
662 1939 845 2023 emanatas,
861 1934 895 2001 in
907 1934 1024 2019 quibus
1034 1935 1236 2002 intercetera

103 2042 214 2129 reperi
231 2042 400 2128 contineri,
415 2040 503 2127 quod
519 2041 589 2127 ipse
607 2041 757 2111 dominus
772 2041 959 2129 Stephanus
975 2043 1046 2110 Rex
1065 2039 1235 2111 attendens

104 2149 218 2218 tidelia
232 2149 373 2218 seruicia
387 2149 536 2234 Magistri
552 2149 724 2236 Reynoldi,
757 2151 905 2236 Magistri
930 2149 1080 2220 videlicet
1112 2152 1235 2236 Agaro-

102 2280 184 2328 num
200 2278 332 2328 suorum
349 2264 381 2327 et
395 2257 624 2346 Dapiferouum
643 2257 765 2326 domini
782 2258 882 2326 Ducis
905 2255 1052 2327 Ladislai
1082 2257 1141 2344 filij
1173 2259 1234 2345 sui,

103 2389 148 2438 ex
165 2367 284 2452 quibus
301 2365 441 2451 quedam
457 2366 645 2453 specialiter
660 2366 871 2436 declarantur
881 2367 913 2432 in
925 2363 1058 2448 eisdem,
1075 2366 1234 2449 quasdam

103 2473 343 2564 possessiones,
372 2494 508 2559 quorum
524 2475 657 2542 nomina
672 2475 705 2542 in
722 2472 837 2542 eodem
868 2472 1040 2561 priuilegio
1070 2473 1235 2541 eontinen-

102 2595 170 2674 tur,
201 2593 235 2653 et
249 2582 439 2671 specialiter
470 2583 710 2672 possessionem
745 2585 871 2670 Vyssuo
905 2580 1012 2651 eidem
1044 2581 1236 2651 contulisset

104 2699 268 2784 perpetuo
285 2691 517 2780 possidendam
533 2693 595 2760 stb.
633 2692 753 2759 Datum
770 2691 804 2758 in
819 2687 1009 2777 ltysscgrad
1036 2694 1152 2759 octauo
1182 2687 1235 2757 die

102 2800 237 2872 termini
253 2799 416 2888 prenotati
431 2819 517 2868 anno
535 2799 664 2866 Domini
680 2797 827 2866 ΜῦΟΟΟο
844 2796 1005 2866 tricesimo
1021 2816 1114 2864 nono.

103 2999 208 3064 (llavai
240 2997 396 3056 Leucatach
426 2999 575 3052 ntdornak
605 3000 717 3052 1393-Ὴὶ
745 2997 983 3063 ttetetlevetebttl‚
1023 3011 1041 3048 a
1070 2993 1155 3048 budai
1181 2994 1235 3049 kir.

505 3091 633 3142 lamanai
651 3089 846 3154 leveltdrmam.)

538 3373 805 3392 ...ana-*m

649 3909 699 3995 to.

105 4117 142 4198 V.
159 4117 278 4196 laven
294 4115 474 4212 leirdlynck
489 4123 675 4204 ireneus-ete,
690 4115 838 4210 melylycl
852 4113 979 4210 Btttepa
996 4115 1028 4189 da
1049 4103 1155 4187 Vocon
1170 4107 1237 4188 bit·

210 4235 345 4303 tokokat
362 4233 516 4323 lpandadc'
532 4233 723 4299 Mittoanak
741 4233 805 4300 odo
824 4235 1008 4299 hutdroazo.
1033 4228 1129 4296 1270.

95 4437 133 4502 (Δ
152 4433 227 4505 grui
245 4433 337 4502 ziehy
356 4432 450 4487 esaltd
469 4432 661 4499 Okmuiuyttra
692 4433 714 4485 1.
745 4433 804 4486 noe.
833 4435 875 4486 23.
905 4430 960 4497 lap.
990 4426 1130 4498 Vegtuelyi
1148 4427 1238 4480 Deest

573 4524 776 4590 kdztemdnye.)

541 4683 810 4699 nuo-m

1089 4735 1131 4810 2*
