3124 5152
599 305 759 404 Q

133 505 205 570 nodi
233 502 431 570 decimarum
449 523 489 570 ex
506 509 599 588 parte
618 505 729 568 nostra
745 499 917 568 efficaciter
932 521 1065 568 monere
1081 523 1244 592 procures,

134 619 159 676 ut
173 609 306 677 decimos
323 611 415 697 ipsas
433 610 534 678 cidem
552 610 712 696 Episcopo
723 613 755 673 et
770 608 926 696 Ecclesic,
943 617 977 676 ut
994 617 1153 697 tenentur,
1171 632 1243 678 cum

132 718 301 801 integritate
321 721 515 806 persolvant,
532 725 564 784 et
580 717 621 784 de
637 719 810 786 subtractis
828 717 1023 800 condignam
1040 718 1242 786 satisfactio·

130 846 188 891 nem
203 827 403 910 inpendent5
420 827 567 912 alioquin
584 827 672 911 ipsos
706 825 749 890 ad
781 824 824 912 id,
857 824 1038 892 municione
1069 825 1241 912 premissa,

127 953 346 1016 percensuram
372 934 636 1014 ecelesiasticam,
668 935 752 1000 sicut
768 933 884 1000 iustum
911 932 1017 1020 fuerit,
1034 933 1239 1018 apellaeione

126 1041 227 1108 aduos
257 1049 390 1125 remota,
422 1043 636 1128 compellatis.
663 1042 783 1108 Datum
804 1044 836 1106 in
870 1047 976 1108 castro
1008 1041 1240 1125 Strigoniensi,

127 1149 199 1216 lllll.
215 1149 289 1216 idus
316 1149 526 1236 Septembris,
559 1152 771 1218 Pontificatus
791 1149 911 1216 domini
929 1149 1055 1216 Nicolai
1072 1149 1162 1235 Papo
1178 1149 1237 1214 Ill.

125 1275 196 1322 anno
213 1256 269 1322 lII.

214 1367 283 1449 Ego
315 1387 391 1434 vcro
423 1367 536 1433 Vestre
567 1366 757 1432 Sanctitatis
791 1373 975 1449 preceptum
1003 1371 1187 1431 reverenter
1205 1373 1237 1432 ct

124 1471 233 1556 devote,
266 1475 349 1539 siout
382 1473 482 1542 debeo
500 1481 531 1540 et
562 1483 682 1558 teneor,
715 1473 889 1558 adimplere
905 1479 937 1538 et
954 1473 1073 1555 exequi
1094 1473 1237 1558 cupiens,

37 1657 38 1676 ,
123 1581 209 1649 tribus
234 1583 527 1650 ammonicionibus
543 1582 712 1667 legittimis
730 1581 885 1648 canonice
902 1581 1080 1665 premissis,
1097 1587 1132 1646 ut
1149 1581 1233 1647 deci-

121 1707 179 1756 mas
193 1709 274 1772 quas
291 1692 472 1757 venerabili
499 1690 583 1776 patri
615 1689 795 1776 Thymotco
827 1689 989 1775 Episcopo
1021 1688 1233 1773 Zagrabicnsi

120 1799 299 1866 ctllcclesie
330 1817 388 1864 sne
420 1799 573 1866 exhibere
605 1803 755 1864 tenentur
787 1817 858 1865 cum
891 1797 1079 1881 integritate
1109 1798 1233 1863 solvere

118 1913 263 1988 curarent,
280 1913 314 1974 et
331 1906 372 1974 de
388 1907 561 1974 subtractis
583 1925 758 1990 congruam
790 1903 1048 1972 satisfaccionem
1079 1904 1231 1991 inpende-

118 2021 185 2080 rent
216 2011 276 2090 oui
310 2033 382 2080 cum
415 2015 645 2082 contumaciter
665 2034 725 2081 nec
740 2014 885 2080 decimas
902 2013 1095 2098 persolvere,
1113 2035 1172 2080 nec
1189 2013 1230 2078 dc

116 2122 276 2190 subtractis
292 2124 485 2192 satisfacere
500 2131 668 2192 curassent
679 2123 819 2208 omnino,
837 2122 869 2188 in
882 2121 1060 2190 festivitate
1076 2121 1225 2190 Omnium

115 2229 293 2298 Sanctorum
310 2231 458 2316 proximo
474 2231 637 2318 preterita,
653 2231 686 2297 in
704 2230 854 2298 Ecclesia
876 2229 1064 2297 Obasmcnsi
1080 2230 1229 2315 Prepesi-

116 2339 176 2423 tali,
192 2346 264 2424 post
280 2339 496 2424 ewangelium
528 2339 720 2426 celebatum,
736 2339 778 2404 de
810 2335 977 2406 Vereuehe
1009 2336 1096 2403 etde
1125 2337 1229 2422 Lipoa

114 2445 230 2512 villicos
262 2455 381 2515 etcum
414 2446 461 2513 cis
477 2445 615 2531 vinginti
642 2451 778 2530 quatuor
803 2447 969 2530 utriusque
984 2443 1061 2512 ville
1077 2445 1225 2531 maiores,

112 2554 245 2622 seniores
275 2561 308 2622 et
337 2555 468 2638 iuratos,
503 2563 611 2622 vestra
644 2553 742 2620 fultus
773 2555 977 2638 auctoritate,
1018 2553 1226 2637 solempniter

110 2663 266 2730 sentencia
299 2663 647 2730 excommunicacionis
683 2661 836 2729 innodavi
871 2669 903 2726 et
935 2659 1064 2728 eosdem
1096 2661 1226 2746 publice

110 2771 358 2839 excomunicatos
376 2771 570 2840 denunciari
586 2770 789 2855 nominatim,
805 2771 887 2836 sicut
905 2769 985 2836 iuris
1002 2777 1032 2836 et
1049 2770 1147 2836 moris
1172 2779 1223 2836 est

110 2876 287 2963 inscriptis,
320 2879 456 2964 pulsatis
488 2879 657 2963 campanis
690 2884 722 2944 et
739 2877 888 2944 extinctis
904 2877 1058 2962 candelis,
1074 2885 1106 2942 et
1122 2885 1223 2943 totam

110 2993 220 3054 terram
235 2987 495 3070 domineRegine
506 2987 654 3073 senioris,
671 2986 893 3052 eeclesiastico
910 2984 1034 3053 subieci
1053 2981 1222 3052 interdicto

108 3095 138 3159 in
153 3095 292 3162 eiusdem
322 3094 387 3161 loci
419 3095 559 3179 Capituli
587 3101 617 3160 et
634 3094 842 3180 plurimorum
868 3093 1033 3160 hominum
1049 3091 1222 3176 presencia

107 3209 135 3268 et
149 3202 339 3270 testimonio.
356 3204 397 3268 nt
413 3203 491 3285 quia
506 3201 540 3268 in
558 3202 705 3287 partibus
724 3202 794 3268 istis
826 3221 902 3270 usus
933 3201 1142 3268 tabellionum
1158 3221 1222 3266 non

108 3319 158 3396 est,
189 3313 229 3379 ad
245 3310 342 3378 iidem
373 3310 558 3378 laciendum
573 3310 614 3378 dc
630 3331 702 3378 meo
730 3331 880 3396 processu
897 3316 1004 3377 vestre
1019 3307 1219 3394 paternitati,

105 3419 214 3501 prefati
231 3417 373 3504 Capituli
390 3419 602 3487 Chasmensis
634 3419 746 3487 literas
776 3420 885 3503 sigillo
917 3439 1027 3485 eorum
1058 3418 1220 3486 autentico

104 3526 234 3592 munitas
272 3527 447 3615 transmisi,
477 3535 509 3594 ct
540 3529 747 3616 supradictas
778 3528 1154 3596 excommunicacionnm
1188 3539 1220 3596 et

104 3629 252 3701 interdicti
270 3636 453 3704 sentencias
470 3657 526 3722 per
542 3637 870 3703 Viccarcbidiuconus
887 3655 978 3703 meos
993 3646 1060 3703 tam
1085 3637 1117 3702 in
1148 3655 1219 3722 pre-

103 3741 223 3825 scriptis
253 3741 345 3809 villis
376 3742 498 3810 seilicet
530 3741 570 3809 de
585 3743 753 3810 Vereuehe
769 3752 800 3809 et
816 3743 857 3811 de
873 3742 985 3828 Lipoa‚
1001 3762 1098 3828 quam
1114 3743 1218 3810 eciam

101 3845 131 3912 in
147 3857 209 3916 toto
225 3849 389 3918 (lumitate
405 3850 446 3915 de
463 3851 629 3930 Vereuehe
645 3851 706 3918 leci
735 3851 892 3935 publicari
908 3855 941 3917 et
971 3851 1162 3919 denunciari
1178 3871 1218 3918 ac

101 3955 199 4024 arcius
229 3957 407 4040 observari,
439 3957 532 4025 etsie
565 3976 634 4023 meo
666 3957 805 4026 fideliter
836 3967 868 4025 et
883 3959 1059 4044 diligenter
1090 3959 1216 4028 iunctus

99 4061 207 4146 ostiolo,
222 4083 408 4150 processum
424 4083 530 4131 meum
545 4067 749 4150 presentibus
776 4067 877 4134 literis
907 4067 1053 4134 seriatim
1084 4088 1216 4152 expres·

98 4189 173 4252 sum,
185 4181 291 4240 vestre
308 4173 495 4260 paternitati
514 4175 698 4262 transmisi,
724 4181 755 4242 ct
772 4177 834 4242 iam
852 4176 908 4244 diu
924 4177 1074 4260 estquod
1090 4176 1215 4243 ferven-

98 4283 143 4341 ter
158 4279 277 4345 mitterc
293 4298 469 4366 curassem,
488 4281 545 4347 sed
556 4290 685 4366 propter
703 4281 887 4350 continuum
903 4283 1045 4369 inpacati
1061 4287 1214 4370 temporis

98 4381 250 4453 incursum
281 4387 408 4454 mittere
438 4409 499 4455 non
532 4389 632 4474 potui,
649 4397 681 4455 et
696 4396 827 4477 propter
847 4391 908 4459 hoc
926 4391 960 4458 in
976 4391 1038 4458 hac
1054 4400 1145 4478 parte
1163 4413 1214 4460 me

97 4497 198 4560 vestra
212 4494 392 4580 paternitas
409 4496 658 4574 misericorditer
675 4498 793 4565 hebeat
814 4507 1010 4568 excusatum.
1044 4501 1165 4568 Datum
1182 4507 1213 4566 et

97 4603 196 4667 aetum
211 4603 243 4666 in
259 4604 399 4672 eeclesia
415 4605 528 4674 Sancti
545 4603 686 4691 Spiritus
703 4606 744 4673 de
760 4603 888 4695 Casma,
904 4609 937 4675 in
955 4611 1081 4695 optaris
1099 4606 1210 4676 Omni·
