3170 5166
786 311 945 412 Q

299 507 385 576 leeto
396 507 527 595 plenius
551 505 693 576 vidimus
703 506 965 593 oootinori;oum
976 501 1063 576 itiam
1074 501 1263 590 Stephanus
1277 501 1436 574 filiusiis

305 614 1027 701 nediotiherodomsolaoioassoratseoarero,
1045 611 1270 700 pronominato
1291 610 1365 680 Vsa
1384 629 1437 697 ge

305 741 383 794 nero
394 742 462 808 suo,
471 722 523 790 oui
542 721 673 807 quidem
683 722 753 790 Vna
764 723 835 808 ipse
854 721 1040 809 Stephanus
1058 717 1438 788 titiusBonediotihiiam

305 834 442 902 suamin
454 829 892 915 taoieSauotoEooiooieper
904 830 1085 898 formamve
1103 827 1303 914 matrimonij
1326 826 1440 914 digno

304 936 597 1024 santonorum,
609 945 643 1005 et
654 937 748 1004 fratri
759 939 905 1005 eiusdem
915 937 983 1003 Vas
999 934 1117 1002 Comiti
1137 935 1307 1023 Stephano
1325 955 1440 1024 prouo-

305 1043 793 1129 mioatoraoioneoognaoionis
805 1063 864 1112 sen
877 1041 1105 1130 proximitatis,
1117 1064 1176 1130 pro
1195 1041 1300 1110 tribus
1320 1043 1439 1112 mareis

304 1155 347 1222 ab
358 1152 483 1224 eisdem
508 1153 634 1224 Gemite
659 1152 823 1238 Stephano
849 1160 882 1219 ot
902 1150 1440 1240 Vnareoeptisexintegrosibhd

308 1281 365 1350 per
375 1281 430 1331 eos
440 1259 508 1332 suis
518 1260 701 1348 heredibus,
712 1257 1073 1344 horedomqoesuorum
1089 1259 1376 1330 suoeeosorihuset
1386 1278 1440 1347 po·

304 1366 482 1453 steriojure
508 1373 662 1453 perpetuo
673 1371 704 1433 ot
715 1366 970 1434 irremeabiliter
995 1363 1443 1454 possidendssevendidiose

307 1472 1303 1562 estooniessusoraouloviuouoois,etrendiditooramnobiu
1315 1475 1437 1543 Datum

306 1602 393 1654 auno
410 1579 540 1650 Domini
555 1579 728 1649 millesimo
744 1577 814 1647 00⁰
830 1582 1043 1666 nonogesimo
1060 1584 1176 1649 octauo
1193 1600 1306 1650 meuse
1321 1580 1439 1669 Aprili.

307 1693 503 1780 Bogsmerio
518 1691 652 1759 Dsoano
677 1689 857 1776 eodemque
882 1686 1025 1758 Custode
1056 1688 1227 1776 existento,
1260 1689 1441 1776 meusque

303 1789 463 1869 fratribus
479 1817 545 1866 vna
560 1797 729 1866 nooioonm
747 1797 816 1865 Deo
832 1797 953 1883 iugiter
977 1796 1212 1864 inmutantibus
1239 1815 1280 1864 ao
1310 1796 1437 1866 deuote.

1432 1921 1442 1952 θ

307 1995 449 2062 fflrsdatis
468 1992 650 2058 htirhirtyim
670 1993 832 2047 sold-virita
858 1993 1093 2060 solyomssinorou
1114 1995 1201 2062 suippe
1230 1994 1329 2060 penset
1353 1995 1426 2048 slatt

454 2103 472 2142 a
502 2083 612 2140 romili.
630 2084 749 2150 herozop
767 2083 939 2150 Esatsrhiay
959 2085 1055 2137 osalid
1074 2084 1288 2150 levilttriban.)

839 3121 917 3188 ool.

316 3317 559 3406 Tempsanus
574 3319 723 3407 okmdny,
754 3319 835 3405 nuely
852 3319 971 3386 suerint
985 3321 1108 3388 Jdaosi
1132 3321 1249 3388 istorio
1272 3325 1448 3390 maeroris

300 3424 367 3510 fisi
382 3425 533 3494 saeviret
546 3425 648 3492 Jonos
664 3426 820 3493 haldldru
836 3428 929 3491 aizoo
954 3449 995 3492 az
1020 3425 1193 3513 ellease'llei
1224 3430 1440 3514 epyeakedteio.

826 3535 925 3601 1298.

417 3729 521 3796 Datur
551 3747 611 3814 pro
641 3730 810 3816 memoria,
842 3727 930 3814 quod
960 3728 1120 3818 Myohaeh
1142 3730 1309 3821 nycolaus
1326 3739 1362 3804 et
1375 3736 1444 3804 su·

312 3835 441 3924 phanes
455 3835 512 3922 filij
530 3834 678 3921 Magistri
694 3835 853 3922 Stephani
886 3837 927 3904 de
957 3838 1063 3907 Juuus
1096 3859 1137 3906 ex
1168 3859 1235 3909 una
1264 3845 1369 3926 parte„
1401 3843 1444 3909 ab

311 3945 417 4012 attera
446 3963 525 4010 vero
540 3943 704 4011 Abraham
738 3944 825 4014 filius
841 3943 990 4012 Ladiatai
1007 3947 1049 4014 de
1065 3947 1180 4016 Kosuh
1197 3969 1256 4035 pro
1272 3968 1320 4036 se,
1336 3957 1372 4018 et
1386 3971 1444 4038 pro

312 4049 516 4137 Pangaraoio
532 4050 634 4117 fratre
651 4070 721 4139 suo,
738 4051 904 4137 Nycolaus
920 4051 1007 4120 titius
1024 4055 1186 4142 Mothous,
1214 4061 1249 4123 et
1277 4054 1446 4126 Diouioius

311 4155 396 4226 titius
426 4157 559 4242 Bodwn,
589 4177 629 4225 ao
659 4157 860 4226 Luoremins
891 4160 977 4228 tilius
1008 4163 1137 4248 Rosoyn
1170 4163 1212 4230 de
1236 4164 1342 4246 Dors;
1366 4165 1446 4234 item

311 4265 458 4333 Mothous
474 4264 560 4334 filius
575 4265 734 4334 Kouardi
750 4287 809 4354 pro
827 4286 861 4334 so
878 4274 911 4336 et
926 4289 983 4356 pro
1008 4271 1100 4338 Boia
1114 4278 1148 4338 et
1178 4271 1305 4340 'Phoros
1335 4271 1446 4340 fratri·

311 4371 371 4439 hos
387 4369 466 4457 suis,
496 4389 605 4438 ooram
621 4373 714 4442 uobis
730 4375 944 4459 personaliter
964 4378 1150 4462 constituti3
1174 4377 1341 4466 dixerunt,
1356 4375 1447 4466 quoti

312 4495 410 4562 super
424 4483 528 4545 morte
543 4478 704 4547 Johanois
720 4480 832 4550 fratris
863 4481 1083 4567 prediotorum
1113 4485 1253 4553 fitiorum
1284 4485 1446 4571 Stophuni

312 4579 482 4650 ahlsoioue
497 4601 604 4654 rerum
620 4605 752 4655 suarum
769 4595 803 4656 ot
819 4589 1013 4676 populorum
1030 4593 1108 4679 eius,
1124 4613 1165 4662 ao
1180 4613 1278 4680 sopor
1293 4593 1448 4664 omnibus
