3124 5152
850 313 915 394 ute

310 523 505 614 angularem
530 525 607 593 inde
626 521 748 607 regirat
765 523 807 591 ad
824 533 947 610 partem
958 521 1144 607 aquillonis,
1165 521 1253 591 etibi
1269 511 1449 608 pertransit

310 633 442 700 fluuium
459 631 656 700 antedictum
672 631 778 718 ipsum
797 640 917 699 terram
934 651 992 718 per
1006 630 1145 698 medium
1167 637 1362 720 onrrentem,
1388 630 1447 698 vbi

311 749 361 808 est
378 739 510 826 quidam
526 741 612 826 lapis
630 759 771 824 magnus
788 739 821 805 in
838 738 944 806 medio
963 737 1110 808 eiusdem
1125 737 1181 806 flul
1198 739 1351 822 existens,
1383 759 1446 826 pro

311 857 399 918 meta
430 850 624 936 asignetus3
646 848 724 914 hino
754 847 951 915 transeundo
982 847 1117 932 attingit
1145 853 1266 914 terram
1294 847 1445 915 Ecclesie

312 956 467 1024 Aliensis
483 951 637 1024 Kislalud
653 962 811 1034 vocatam,
827 955 918 1022 iuxta
934 975 1031 1040 quam
1045 974 1220 1042 parumper
1234 955 1445 1040 peragrando

315 1064 411 1134 vadit
426 1065 532 1132 adhue
549 1083 661 1132 versus
677 1064 880 1146 aquillonem
898 1065 942 1130 ad
972 1071 1038 1131 tres
1069 1068 1173 1132 metas
1205 1063 1380 1150 angulares
1412 1071 1449 1132 et

316 1173 441 1260 finales,
474 1191 610 1258 quarum
626 1191 690 1238 vna
706 1178 753 1238 est
770 1177 856 1237 meta
881 1170 1037 1238 Kissalud
1062 1169 1239 1257 antedicto,
1269 1171 1336 1239 alia
1365 1191 1447 1240 uero

313 1279 456 1346 Fabiani
472 1277 617 1366 superins
634 1278 770 1363 anotati,
786 1277 885 1346 teroia
901 1289 1009 1346 autom
1029 1286 1078 1348 est
1094 1278 1196 1364 ipsius
1213 1286 1298 1347 terre
1314 1278 1447 1364 Adand,

312 1407 371 1473 per
387 1387 571 1474 predictum
585 1387 778 1472 Magistrum
796 1387 931 1454 Pethrus
961 1389 1072 1473 preoio
1105 1393 1309 1475 eomparate;
1332 1393 1366 1454 et
1397 1387 1448 1456 sio

312 1503 398 1564 mete
415 1493 485 1562 siue
501 1494 629 1564 termini
645 1496 861 1582 possessionis
878 1495 1043 1563 untediote
1060 1493 1286 1563 terminantur.
1304 1491 1341 1562 ln
1352 1493 1447 1562 euius

313 1603 362 1670 rei
380 1601 602 1672 testimoninm
619 1609 652 1671 et
678 1603 774 1672 robor
791 1610 982 1691 perpetuum
999 1603 1041 1670 ad
1057 1601 1254 1690 peticionem
1271 1609 1304 1670 et
1320 1603 1446 1672 instan-

314 1711 398 1778 ciam
414 1711 582 1795 vtriusqno
598 1713 702 1796 partis
732 1721 901 1798 presentes
931 1712 1165 1780 ooneessimns.
1181 1711 1307 1780 litteras
1341 1711 1448 1798 sigilli

314 1819 418 1886 nostri
434 1818 611 1886 munimine
627 1820 805 1889 roboratas
853 1821 974 1888 Datum
991 1840 1048 1906 per
1066 1839 1181 1887 manus
1196 1819 1348 1904 Magistri
1362 1817 1446 1890 Her·

314 1926 402 1994 mani
418 1925 563 1994 Lectoris
579 1927 728 1996 Eoelesie
743 1934 862 2013 nostre,
894 1947 982 1994 enno
1013 1926 1143 1994 Domini
1174 1926 1347 1998 millesimo
1375 1925 1448 1994 CC·

313 2031 423 2098 LXX⁰
438 2053 535 2116 nono,
552 2034 652 2102 teroio
669 2055 749 2104 noas
776 2035 867 2120 Maij.
905 2034 1096 2103 Reuerendo
1127 2033 1160 2102 in
1192 2033 1319 2104 Christo
1350 2042 1448 2123 patre

314 2138 445 2207 domino
460 2139 556 2208 Petro
584 2140 747 2226 Episcopo
773 2147 902 2226 nostro;
941 2141 1099 2226 Magistro
1128 2141 1233 2210 Paulo
1264 2142 1448 2231 Proposito,

315 2246 420 2314 Paulo
436 2247 585 2334 Cantoro,
601 2247 766 2318 Adronioo
783 2247 923 2318 Custode
940 2247 1164 2319 existentibus.

314 2441 454 2507 (Erodetie
485 2445 670 2512 borhtrtytn,
702 2463 719 2498 a
749 2448 845 2512 peosot
877 2448 1028 2514 alvesuett;
1058 2463 1076 2500 a
1107 2449 1295 2516 itmtltlirrtgiu
1322 2451 1446 2522 hereaeg

623 2537 781 2601 Betthyrtni
801 2537 894 2590 osoltd
913 2537 1129 2604 levtltrirlben.)

741 2823 767 2838 Ἀ
773 2823 1011 2838 d—-n-a-—u—-n

837 3355 912 3435 tii.

312 3557 343 3624 Α
357 3559 553 3646 Ρέοευάναιίι·
566 3559 760 3626 konnentuele
775 3560 1058 3648 bizoupsdpleuele,
1072 3561 1155 3653 hopy
1169 3565 1273 3635 Jeme
1283 3567 1447 3637 Boetme

447 3669 500 3749 fia
516 3668 657 3736 lirtokdt
669 3669 786 3756 Fuzep,
803 3671 912 3736 Embil
921 3669 1042 3752 fidnok
1058 3673 1175 3740 eladto.
1200 3677 1299 3740 1279.

312 3863 348 3929 (Α
367 3865 528 3934 motziony
538 3866 632 3920 oralid
645 3867 837 3934 otmtnytsra
851 3870 872 3920 1.
886 3869 944 3922 leot.
957 3873 1000 3924 42.
1015 3869 1032 3922 1.
1053 3871 1134 3939 Nagy
1148 3871 1223 3928 Imre
1233 3872 1445 3944 ktzlemtnye.)
1557 3865 1558 3878 ¹
