3096 5160
775 175 935 276 gua-

286 371 440 454 Megister
471 369 663 456 Luoaohyus
694 368 790 436 homo
822 376 935 438 noster
966 369 1053 436 iilius
1084 371 1209 457 Bagou,
1231 371 1419 440 secedendo
1528 335 1529 354 ἶ

291 497 389 562 snper
417 477 554 545 eandem
571 491 701 564 terram,
719 477 801 543 neiat
818 485 852 542 et
867 477 1008 560 inquirat
1023 478 1064 544 dn
1080 481 1237 562 qualitate
1262 485 1296 548 et
1320 499 1420 562 qnan·
1528 559 1529 562 Ἴ

288 586 381 652 titato
412 586 514 670 ipsius
549 586 681 671 plenam
712 587 894 667 ueritatem,
927 592 959 652 et
990 584 1073 652 sieut
1102 585 1195 654 uobis
1227 587 1415 673 eonstiterit,

289 693 383 762 nobis
399 693 538 760 fideliter
556 691 754 761 resoribatis.
786 695 908 760 Datum
928 691 1020 760 Bude
1044 694 1142 762 toreio
1159 694 1212 762 die
1228 701 1416 764 oetamrum

288 798 529 869 Purifieaaionis
546 800 691 885 Uirginis
709 799 868 869 Gloriose.

290 1001 326 1060 (A
346 1000 582 1054 szekesiehdrviri
600 999 794 1064 kriptalannnk
809 999 1000 1064 jaientdsebdh
1031 1002 1105 1052 mini
1123 1003 1206 1053 aldbb
1228 1007 1289 1054 395.
1308 1019 1343 1056 az.
1372 1019 1417 1068 s.;

450 1105 467 1141 s
485 1091 591 1143 semeis.
611 1091 729 1156 herezeg
747 1091 920 1156 Emteruszy
939 1092 1032 1144 molid
1045 1092 1259 1156 levsltsraban.)

719 1377 986 1390 m

817 1699 892 1768 392.

290 1901 378 1966 Peter
394 1901 569 1986 ueszpre'mi
579 1895 767 1985 pitspb'kuak
783 1897 1065 1985 tizooysa‘qleoete,
1082 1900 1164 1984 doqy
1181 1899 1302 1963 Buzod
1317 1920 1417 1963 eomes

293 2003 439 2072 Olturicd
457 2001 655 2088 ueviifb'ldet
682 2005 899 2071 oroibirrokol
929 2005 1093 2089 dempsere
1127 2005 1217 2090 Opera
1248 2007 1416 2071 comanos.

803 2114 820 2176 Ι
826 2115 904 2182 288.

395 2309 525 2396 (Petrus
558 2307 633 2396 Dei)
664 2308 777 2394 gracia
792 2309 972 2395 Episcopus
995 2307 1247 2396 Vesprimiensis
1263 2311 1413 2378 memorie

288 2417 552 2486 commendantes
584 2415 805 2502 significamus
836 2415 997 2483 uniuersis
1023 2415 1147 2502 ‘quibus
1179 2418 1314 2504 expedit
1345 2417 1414 2506 (por

288 2522 480 2613 presentes),
514 2524 598 2609 quod
630 2523 720 2607 Ogou
752 2524 877 2590 (inmite
908 2523 1106 2610 Symigiensi
1121 2526 1165 2592 ab
1184 2545 1250 2592 una
1265 2531 1367 2610 parte,
1384 2533 1414 2590 et

288 2631 399 2698 Buzad
415 2631 482 2698 filio
500 2631 592 2698 Ghak
609 2651 649 2697 ex
665 2631 769 2697 altera
788 2650 895 2696 eoram
913 2630 1006 2698 nobis
1024 2633 1241 2715 personaliter
1265 2634 1412 2700 eonstitu-

291 2742 352 2822 iis;
375 2741 460 2808 idem
492 2741 604 2808 Bunad
635 2739 777 2806 asseruit
806 2737 884 2805 uiua
913 2759 1002 2826 vooe,
1034 2739 1118 2824 quod
1147 2748 1265 2818 terram
1283 2743 1411 2810 Ottraeh

288 2857 446 2934 vocatam,
463 2868 559 2933 quam
577 2848 648 2933 ipse
665 2854 696 2913 et
712 2845 812 2913 irater
828 2867 904 2912 suus
920 2845 1078 2914 Nicolaus
1109 2847 1196 2914 bone
1226 2851 1412 2917 memorien

286 2956 388 3043 Myka
403 2957 468 3022 filio
484 2955 613 3022 Martini
629 2974 686 3040 pro
702 2955 938 3040 quinquaginta
954 2954 1070 3021 mareis
1086 2977 1144 3041 pro
1162 2955 1302 3041 pignore
1328 2977 1412 3026 reee-

287 3075 418 3153 porant;
441 3087 500 3152 pro
517 3064 637 3133 eisdem
654 3065 895 3149 quinquaginta
909 3065 1027 3132 mareis
1054 3065 1140 3132 dieto
1172 3066 1291 3132 Comiti
1326 3065 1414 3151 Ognn

288 3179 383 3262 piene
414 3175 456 3240 ab
488 3171 601 3240 eodem
632 3175 775 3259 adneptis
807 3171 969 3260 (dederint
988 3170 1161 3260 perpetuo)
1177 3173 1414 3260 possidendam.

286 3287 357 3350 Hae
373 3281 561 3351 eondieione
576 3282 779 3369 interposita,
797 3282 882 3367 quod
898 3282 926 3350 si
947 3301 1100 3367 processu
1127 3281 1283 3368 temporis
1315 3281 1416 3349 dietus

288 3395 402 3460 Comes
432 3390 525 3477 Ogua
556 3391 661 3476 ipsam
692 3399 812 3456 terram
846 3389 978 3457 Oltraoh
993 3409 1058 3455 non
1075 3396 1183 3474 posset
1200 3389 1415 3475 possiderent

287 3501 490 3587 empticium
516 3504 633 3566 extunc
650 3497 816 3584 predictus
832 3497 943 3564 Bunad
959 3495 1000 3564 de
1016 3497 1158 3583 proprijs
1168 3503 1200 3563 et
1210 3497 1415 3584 hereditarijs

289 3607 549 3698 possessionibus
590 3607 657 3674 suis
697 3606 936 3693 possessionem
977 3607 1139 3673 valentem
1180 3605 1415 3691 quinquaginta

285 3737 413 3784 marcas
429 3716 507 3782 dare
525 3723 558 3782 et
577 3715 748 3800 assignare
775 3722 939 3781 teneretur
969 3734 1028 3798 pro
1060 3714 1132 3798 ipsa
1164 3722 1252 3781 terra
1284 3715 1413 3782 Oliaroh

287 3833 403 3893 uoeata
433 3823 583 3890 similiter·
599 3829 753 3908 perpetuo
773 3820 1025 3908 possidendam
1050 3821 1133 3887 siout
1149 3822 1192 3887 ad
1209 3821 1242 3889 id
1260 3823 1413 3889 nedictus

284 3932 394 4000 Bunad
411 3941 594 4018 spontanea
610 3931 772 4013 obligauit
790 3932 965 3998 uoluntate.
982 3933 1104 3998 Datum
1121 3931 1154 3997 in
1181 3931 1351 4018 Gyosiapa
1379 3933 1410 3997 in

284 4043 365 4110 festo
405 4042 513 4108 Sancti
548 4039 646 4125 Regis
678 4039 832 4125 Stephani
871 4060 958 4105 anno
989 4039 1119 4106 Domini
1153 4038 1410 4106 ii⁰CG⁰LXXX⁰

287 4157 412 4217 octauo.

289 4296 429 4361 (Eredetie
449 4295 633 4362 bdrhirtydm
665 4312 682 4347 a
700 4296 795 4362 peesdt
814 4281 966 4359 sisenem}
997 4312 1013 4348 a
1047 4296 1133 4348 budai
1158 4296 1263 4363 knslyi
1287 4292 1408 4347 kamarai

752 4383 947 4448 ievdltdrban.)
