3148 5164
110 525 499 612 quartodieootauarum
531 526 633 594 Pasce
666 525 798 606 domini,
830 541 915 592 anno
949 523 1092 592 eiusdem
1126 522 1246 592 ΜΟο

109 633 322 719 nonagesimo
338 639 440 700 sexto.

109 831 251 892 (Eredetie
269 829 452 896 bbrhdrtyan,
472 845 489 880 a
507 830 602 894 pecset
621 830 771 893 elveszett3
804 845 821 878 a
840 828 948 878 fdmelt.
979 829 1098 891 herczeg
1130 828 1239 876 Eszter·

469 919 543 982 hstzy
563 917 657 968 csalad
676 917 889 980 leveltrtrtban.)

544 1203 807 1214 -n-——nn-

640 1733 718 1800 471.

109 1933 142 1997 A
181 1933 286 1996 baulai
322 1933 551 2019 lodptalanuulc
577 1931 857 2017 bizonpcdpleoele‚
894 1933 976 2016 bopy
1015 1932 1107 1996 Pe'ter
1147 1952 1245 1998 comcs

111 2061 305 2126 appanowa
321 2038 574 2126 birsdpfejo'bea
597 2037 681 2102 Udol
706 2037 861 2124 belpstpet
886 2039 1014 2104 Merton
1039 2059 1137 2105 comcs
1162 2039 1246 2104 olor-

310 2146 525 2230 eza'pbu'rtlaolc
542 2144 731 2230 tulajdouot
748 2146 924 2230 dtenpedte.
947 2147 1044 2213 1296.

220 2341 290 2406 Nos
307 2339 491 2425 Capitulum
507 2339 666 2407 Budensis
688 2339 834 2407 Ecclesia
850 2341 1003 2406 memorie
1019 2341 1244 2408 commendan-

109 2455 157 2513 tes
191 2445 415 2530 significamus
447 2447 607 2514 uniuersis
648 2448 851 2530 presencium
885 2466 944 2531 per
974 2453 1129 2535 tenorem,
1160 2446 1247 2532 quod

112 2552 229 2622 Comes
246 2557 360 2621 Petrus
378 2553 463 2619 lilius
479 2537 658 2638 Tyburchij
677 2554 710 2619 in
727 2554 829 2624 nostri
846 2555 1015 2640 presencia
1032 2556 1248 2641 personaliter

110 2662 309 2729 constitutus
329 2660 469 2728 asseruit
495 2659 706 2745 proponendo
737 2670 920 2748 spontanea
951 2665 1128 2746 uoluntate,
1160 2660 1250 2746 quod

109 2789 183 2834 cum
216 2768 290 2852 ipse
320 2773 352 2834 et
367 2767 510 2834 Thomas
541 2768 642 2834 frater
674 2789 753 2836 suus
785 2769 872 2835 lilius
904 2769 1037 2836 Comitis
1066 2768 1243 2855 Tyburcbij

108 2875 227 2942 fratris
244 2873 295 2940 sui
312 2879 466 2957 tanquam
483 2877 611 2940 actores
627 2893 726 2959 super
758 2871 1037 2941 destruccionibus
1070 2874 1248 2959 possessio·

108 3003 187 3050 num
207 3001 319 3049 eorum
335 2987 369 3046 et
385 2980 461 3065 alijs
481 2979 629 3047 articulis
645 2982 727 3048 satis
747 2981 858 3047 arduis
875 2980 907 3046 in
924 2981 1095 3067 presencia
1112 2980 1247 3048 Comitis

106 3085 248 3154 Martini
280 3085 479 3154 llioeiudicis
520 3083 615 3151 (iurie
658 3085 781 3153 domini
816 3087 915 3170 Regis
947 3092 1058 3152 contra
1089 3085 1247 3154 Comitem

105 3194 322 3264 Dominicnm
354 3192 395 3258 de
425 3193 536 3277 Turny
569 3189 691 3258 dictum
725 3191 767 3260 de
784 3193 952 3279 Vyscgrad
970 3211 1102 3260 causam
1118 3191 1249 3262 habuis-

103 3311 193 3390 sent,
212 3308 249 3368 et
263 3300 367 3387 ipsam
385 3317 518 3366 oausam
535 3318 573 3366 eo
598 3298 683 3382 quod
716 3301 821 3366 ardua
852 3301 957 3388 fuerit,
988 3299 1031 3367 ad
1064 3301 1248 3386 Speoialem

102 3407 325 3478 Presenoiam
358 3405 479 3472 domini
510 3404 640 3472 Andree
673 3405 806 3474 illustris
838 3407 938 3491 Regis
964 3407 1109 3492 Vngarie
1125 3407 1247 3474 domini

104 3517 219 3586 nostri
239 3513 459 3601 deduxissent,
475 3519 507 3579 et
539 3519 654 3580 contra
686 3513 822 3581 eundem
854 3513 1010 3582 Comitem
1042 3515 1248 3582 Dominicum

101 3625 170 3712 ipsi
205 3622 302 3691 faeta
333 3621 466 3689 accione
498 3620 673 3688 secundum
707 3623 847 3689 formam
877 3623 996 3707 judioij
1030 3622 1248 3692 mediantibus

100 3728 339 3800 instrumentis
370 3733 403 3795 et
443 3728 557 3795 litteris
598 3747 695 3812 quam
735 3729 896 3814 pluribus,
936 3729 1088 3798 uidelicet
1128 3729 1257 3796 domini

100 3837 266 3910 Ladizlai
283 3835 447 3920 quondam
463 3835 562 3920 Regis
579 3836 723 3919 Vngarie
739 3836 792 3920 pie
811 3833 1060 3922 recordacionis,
1077 3844 1110 3903 et
1126 3837 1251 3904 Viociu·

100 3951 220 4020 dicum
258 3945 405 4013 eiusdem
447 3944 645 4014 diuersorum
679 3946 712 4010 in
744 3944 919 4012 Preseuoia
950 3945 1095 4012 eiusdem
1127 3943 1255 4012 domini

98 4058 246 4126 Andree
279 4053 390 4142 Regis,
423 4051 630 4139 presentibus
667 4051 771 4118 eciam
812 4050 1052 4119 venerabilibus
1083 4049 1251 4135 pratribus

99 4166 245 4235 domino
263 4158 416 4229 iohanne
430 4157 689 4246 Archiepiscopo
706 4154 885 4245 colocensi,
912 4156 1043 4224 domino
1073 4157 1251 4226 Benedicta

99 4275 280 4364 Episcopo
320 4265 538 4354 Waradiensi,
581 4266 750 4333 Dominico
795 4267 953 4350 Magistro
992 4265 1251 4334 Tauamicornm

99 4380 261 4454 eiusdem
280 4375 401 4446 domini
417 4375 530 4466 Regis,
546 4373 703 4459 Magistro
719 4373 883 4441 Demetrio
901 4374 1025 4442 Comite
1055 4373 1096 4440 de
1128 4373 1256 4460 Zolum,

97 4489 278 4576 Magistro
309 4483 460 4554 Jobanne
484 4483 552 4551 filio
584 4481 711 4566 (lhaak,
744 4482 903 4568 Magistro
919 4482 1013 4566 Moys
1028 4481 1099 4548 lilio
1115 4480 1252 4568 Albertp

98 4596 311 4684 Batonibus,
329 4599 362 4661 et
376 4593 452 4682 alijs
468 4591 642 4660 Nobilibus
658 4589 763 4674 Regni
780 4609 878 4676 quam
904 4589 1061 4677 pluribus,
1092 4590 1147 4674 quri
1180 4609 1261 4677 pre·⁴
