3096 5160
133 1209 191 1273 Ill.
217 1207 333 1273 Hadra
359 1205 541 1292 lrr'rcilyuul·
567 1203 665 1270 Ailou
696 1203 851 1288 lrelysdyct
884 1203 1043 1288 trirqyuac'
1073 1203 1263 1288 udoruriuyu,

400 1313 695 1400 Her·iue9huol·flui
710 1317 868 1376 szunzcirur.
887 1312 985 1375 1291.

234 1510 387 1578 Andreas
429 1511 492 1580 Dei
531 1511 644 1594 gracia
686 1509 863 1595 Hunguric,
905 1508 1085 1592 Dalmacie,
1116 1509 1259 1594 (lucania,

21 1643 22 1690 3
130 1624 235 1704 Reme,
253 1620 378 1706 Seruio,
396 1620 542 1704 Galliuie,
559 1617 762 1705 Lodomerie,
779 1614 934 1683 Cumania
954 1613 1172 1702 Bulgarieque
1189 1617 1258 1684 Rex

130 1727 276 1796 omnibns
293 1726 416 1796 Christi
432 1727 583 1794 fidelibus
599 1732 666 1792 tarn
682 1723 885 1811 presentibus
912 1743 1010 1808 quam
1040 1724 1158 1792 tuturis
1188 1744 1259 1810 pre·

132 1842 236 1904 sentes
264 1835 392 1904 litteras
418 1834 611 1921 inspecturis
638 1835 775 1901 salutem
793 1833 825 1900 in
843 1835 985 1900 omniurn
1006 1832 1179 1900 saluatore.
1207 1833 1259 1899 Ad

130 1944 354 2013 uniuersorum
371 1952 438 2010 tam
455 1943 658 2028 presencium
674 1961 772 2025 quarn
788 1942 967 2008 futurorum
978 1941 1132 2007 noticiam
1143 1939 1256 2007 harum

129 2052 207 2117 serio
223 2052 377 2118 volumus
393 2049 575 2136 peruenire,
609 2047 694 2132 quod
711 2045 826 2114 Comes
842 2047 998 2114 Nicolaus
1025 2047 1129 2114 dictus
1163 2048 1254 2137 Wm,

129 2157 293 2241 Werrach‚
328 2156 502 2224 conaldus
519 2153 735 2242 etSeyfridus
751 2155 808 2238 filij
837 2153 1001 2239 Hertuegh
1031 2153 1074 2220 ud
1109 2163 1253 2222 nostram

127 2267 320 2334 accedentes
336 2267 542 2335 Presenciam
560 2265 601 2330 de
616 2263 734 2331 Nostra
759 2264 930 2330 Maiestate
955 2263 1060 2346 Regia
1090 2264 1256 2332 humiliter·

127 2373 343 2460 supplicando
359 2375 576 2460 postularunt,
604 2372 690 2456 quod
705 2379 823 2438 terrum
842 2371 1002 2456 hospitum
1019 2371 1125 2440 Casiri
1151 2375 1253 2441 nostri

128 2482 229 2550 Casiri
245 2481 369 2568 Ferrey
386 2479 428 2548 de
443 2479 620 2567 Hydcgsed
636 2481 736 2547 Alber
752 2487 911 2562 uocatam,
929 2499 1066 2548 uacuam
1078 2489 1110 2549 ct
1124 2483 1252 2550 habita·

125 2591 244 2658 toribus
263 2591 465 2676 destitutam,
498 2609 555 2676 per
570 2589 734 2656 dominum
751 2589 942 2656 Ladizlcum
958 2589 1090 2675 Regem,
1120 2591 1253 2659 fratrem

125 2705 265 2765 nostrum
283 2698 464 2783 patruelem
480 2697 520 2764 ob
539 2698 653 2764 merita
669 2696 878 2764 seruiciornm
894 2715 1025 2764 suorum
1042 2699 1124 2785 ipsis
1141 2700 1252 2769 datam

125 2807 336 2889 siccitatum,
368 2803 490 2871 eisdem
508 2805 696 2888 relinquere
713 2809 746 2868 et
762 2805 908 2872 conferre
925 2804 1142 2889 dignaremur.
1182 2807 1250 2875 Nos

123 2913 227 2998 itaque
243 2911 489 2981 considerantes
507 2912 685 2980 fidelitates
701 2919 733 2978 et
751 2911 958 2980 seruioiorum
967 2913 1251 2981 meritarlicturum

122 3017 254 3088 Comitis
268 3019 426 3106 Nyoolay‚
442 3019 621 3106 Wardaclr,
638 3019 792 3088 Corrardi
809 3027 840 3085 et
856 3019 1011 3106 Seyfridi,
1028 3041 1091 3104 que
1107 3023 1200 3089 nobis
1216 3024 1251 3090 in

122 3127 258 3194 diuersis
276 3126 543 3212 expedicionibus
559 3127 592 3193 in
609 3127 749 3196 confinio
764 3129 869 3212 Regni
884 3127 988 3223 nostri
1004 3130 1246 3212 emergentibus

122 3243 150 3300 ct
164 3235 251 3302 alias
266 3233 407 3302 fideliter
415 3255 542 3322 semper
552 3235 803 3321 impenderunt;
820 3235 957 3322 primum
975 3235 1137 3321 uidelicet,
1149 3259 1247 3323 quum

120 3347 260 3428 tempore
276 3340 400 3408 domini
414 3343 514 3428 Regis
529 3343 689 3431 Ladizlui‚
724 3345 856 3428 quando
872 3344 1012 3411 confinia
1028 3347 1132 3430 Regni
1158 3347 1249 3416 Hun-

119 3453 206 3534 garic
224 3457 384 3518 etcastra
409 3471 467 3536 per
497 3451 659 3519 Trusalch
688 3457 728 3518 wct
760 3453 842 3520 alius
873 3453 1092 3521 Theotonicos
1122 3456 1252 3524 fueraut

119 3565 286 3646 occupata,
318 3557 419 3644 ijdem
436 3560 552 3626 (lomes
569 3559 726 3628 Nicolaus
745 3567 776 3626 et
793 3561 912 3628 iratres
929 3562 979 3629 sui
1010 3559 1145 3648 predicti
1177 3585 1249 3631 cum

117 3666 283 3754 Trusalch,
301 3669 356 3752 qui
372 3673 449 3735 tuno
466 3673 607 3735 castrum
625 3668 795 3738 Kurmand
813 3673 1038 3757 conseruabat,
1057 3673 1248 3762 preliantes,

118 3795 152 3840 se
167 3775 295 3842 fortune
310 3777 442 3844 casibus
459 3775 690 3866 submittendo,
724 3779 835 3846 March
851 3777 951 3847 frater
967 3783 1110 3866 ipsorum
1142 3783 1249 3850 extitit

119 3887 324 3970 ntercmptus.
348 3885 439 3951 Item
458 3906 530 3953 cum
549 3885 670 3952 Diuino
688 3905 823 3954 munere
849 3888 883 3953 in
913 3889 1019 3972 Regni
1051 3889 1248 3973 gubernacu-

118 3989 181 4056 lum
198 3999 230 4058 et
244 3991 360 4060 solium
377 3992 649 4062 successissemus
666 3995 740 4062 iure
758 4001 789 4061 ct
806 3995 920 4063 ordine
952 3997 1109 4081 geniture,
1142 3999 1248 4084 prudi-

114 4104 183 4166 ctus
205 4097 385 4168 Warharch
416 4108 527 4169 contra
560 4101 724 4170 insultum
756 4103 1032 4172 Teuthonicorum
1064 4104 1247 4175 volenoium

110 4205 260 4276 inuadere
276 4209 416 4277 confinia
431 4211 538 4296 Regni
554 4212 672 4296 nostri,
702 4211 762 4278 sub
779 4219 886 4281 castro
902 4212 1059 4281 Ruhannh
1076 4233 1147 4280 cnm
1163 4216 1246 4302 ipsis

112 4313 320 4384 'leothoricis
336 4320 516 4404 pugnando
534 4327 665 4388 strenuo
684 4321 792 4389 extitit
809 4324 953 4390 letaliter
963 4325 1161 4393 uulneratus.
1178 4324 1245 4392 Sub

114 4429 220 4488 castro
235 4424 338 4490 eciam
357 4427 468 4494 Sancti
485 4428 655 4496 Michaelis
672 4429 778 4497 dictus
796 4432 911 4499 Comes
928 4432 1083 4498 Nicoluus
1099 4432 1242 4517 profide-

114 4526 209 4595 litaic
224 4533 317 4600 nobis
336 4532 455 4624 debita,
473 4537 594 4605 baliste
610 4537 715 4605 iaculo
732 4541 839 4606 extitit
856 4541 1032 4608 scutulatus,
1064 4539 1243 4608 Attendam-

113 4642 164 4702 tes
183 4640 279 4708 eciam
296 4641 438 4713 seruicia
464 4665 573 4714 eorum
605 4647 638 4713 in
670 4647 812 4715 exercitu
844 4656 967 4734 nostro,
1001 4669 1095 4734 quem
1128 4655 1244 4718 contra
