3148 5164
799 297 957 394 318.--

308 489 416 568 Quam
432 491 603 574 pecuniam
621 497 721 556 totam
739 490 853 555 codem
870 489 1028 572 Magistro
1046 487 1206 556 Corrardo
1237 491 1448 574 persoluente
1565 497 1566 560 l

306 593 456 662 Dionisio
488 594 703 682 ellstephano
736 595 814 678 lilijs
845 595 1021 679 Lounardi‚
1041 595 1120 660 item
1136 597 1211 680 filijs
1229 593 1368 662 comtos
1384 599 1448 663 Do
1565 575 1566 652 3

307 701 746 788 minicictfilijsJohannis,
780 701 919 768 filiorum
952 702 1102 768 videlicet
1132 703 1298 769 Leanardi
1330 722 1447 789 supra·
1565 703 1566 786 f

309 808 405 896 dioti;
430 831 470 879 cx
502 811 618 893 quibus
650 818 682 876 et
708 830 766 894 pro
793 812 909 894 quibus
957 809 1122 895 predictus
1155 808 1324 876 Diouisius
1356 809 1445 876 filius
1565 855 1566 878 t

306 915 470 984 Leunardi
488 916 718 1003 personaliter]
733 917 952 1004 comparando
983 916 1105 1002 recepit
1136 914 1308 1001 pecuniam
1343 921 1448 982 totam
1491 1001 1497 1012 Ι
1565 919 1566 956 ³

307 1024 544 1109 supradictam
570 1024 660 1091 cuius
692 1023 822 1108 quidem
853 1023 990 1108 pecunie
1016 1043 1164 1107 sumpno,
1181 1029 1213 1090 st
1227 1017 1342 1090 modus
1359 1023 1449 1090 solu·

308 1129 420 1216 olonis,
446 1131 563 1198 litteris
593 1130 732 1198 Ducisse
764 1132 867 1199 tocius
884 1130 1056 1198 Solanonie
1088 1131 1216 1214 plenius
1247 1129 1447 1197 continetur.
1565 1131 1566 1186 l

307 1235 462 1304 Preterea
477 1237 642 1324 predictus
657 1237 814 1321 Magister
830 1236 1011 1305 Corrardus
1028 1236 1149 1303 ibidem
1165 1235 1450 1320 inpresenoiarum
1565 1219 1566 1238 ³

307 1341 447 1410 astando
463 1341 597 1410 nominc
614 1343 674 1429 sui,
691 1363 731 1411 ac
747 1343 877 1411 nominc
903 1351 936 1410 ct
966 1341 1038 1410 vinc
1069 1340 1203 1408 Comitis
1235 1340 1355 1410 Jsoobi
1387 1343 1446 1427 filij
1565 1333 1566 1406 f

306 1451 367 1537 sui,
384 1453 481 1518 cessit
514 1457 547 1516 ct
578 1450 782 1517 renuncianit
812 1449 899 1518 omui
916 1450 1043 1516 accioni
1058 1467 1116 1514 sue
1139 1467 1235 1531 quam
1252 1446 1339 1516 forte
1359 1471 1448 1517 nunc

308 1557 361 1623 uel
377 1557 411 1622 in
427 1565 591 1642 posterum
612 1577 710 1643 super
725 1557 810 1627 santo
843 1565 926 1624 terre
955 1555 1090 1641 Beangh
1121 1554 1279 1624 aduersus
1310 1557 1447 1624 eosdem

306 1661 390 1730 filios
420 1662 584 1731 Lcencrdi
616 1662 671 1746 de}
685 1663 850 1750 Nempthy
865 1683 996 1731 mouere
1011 1662 1178 1750 potuisset.
1196 1664 1320 1729 Datum
1334 1663 1369 1728 iu
1387 1683 1442 1730 oo·
1565 1691 1566 1738 t

308 1771 392 1838 tanis
407 1769 519 1838 Sancti
537 1770 665 1838 Nicolci
681 1772 877 1839 confessoris
893 1791 980 1838 anno
1003 1769 1135 1838 Domini
1166 1767 1342 1838 millesimo
1375 1770 1446 1838 OG·
1565 1795 1566 1802 ¹

306 1876 519 1962 nonagesimo
538 1877 663 1960 quinto.
1565 1951 1566 1962 ¹

332 2069 369 2080 ¹-
416 1981 553 2068 Kllvltl
570 2010 577 2050 ε
594 1983 657 2052 Pro
684 1983 841 2068 Magistro
873 1982 1032 2051 Corrardo
1066 1991 1099 2050 et
1129 1981 1196 2050 tilio
1227 2003 1288 2050 suo
1319 1981 1447 2052 Gemite

306 2081 578 2174 Jaoobo'poontra
607 2089 790 2158 Dionisium
821 2095 853 2158 et
883 2089 1084 2175 Stephanum
1116 2087 1202 2156 filios
1218 2089 1395 2175 Leunardi,
1412 2097 1448 2156 et

308 2195 392 2262 filios
407 2195 577 2282 Dominici,
593 2201 625 2265 et
643 2197 726 2264 filios
757 2193 916 2264 Johnnnis
948 2215 1047 2279 super
1078 2194 1317 2281 composicione
1348 2197 1442 2280 pacis

306 2303 392 2368 inter
409 2302 508 2386 ipsos.

308 2497 449 2559 (mundetis
467 2500 649 2567 bethar-tycia,
669 2515 685 2552 a
703 2498 846 2564 adrpsosit
864 2498 1017 2563 elvssnett;
1038 2513 1056 2549 a
1075 2497 1154 2550 malt.
1173 2495 1244 2550 beto
1266 2496 1366 2564 Riny
1378 2511 1439 2548 osa·

732 2587 780 2639 leid
792 2585 1005 2650 lavsltsrtbcn.)

735 2871 1006 2886 w

837 3399 913 3468 loo.

311 3605 343 3668 A
379 3605 467 3687 picci
490 3597 725 3686 *copulantes
746 3597 1019 3683 biaonysa'pleocle,
1059 3603 1142 3686 luopy
1171 3575 1276 3667 όυάη·
1299 3602 1442 3670 Koordd

302 3724 412 3779 macter
443 3707 605 3774 Jclcmm
637 3705 775 3772 Latinas
803 3706 893 3791 pdoci
909 3704 1099 3790 pulparum
1121 3731 1143 3774 a
1156 3708 1293 3774 locdboa
1316 3717 1438 3776 tor-teat

598 3813 815 3878 iodrosc'tdsdra
837 3813 932 3896 clepet
953 3821 1017 3876 toll.
1040 3812 1144 3878 1295.
1392 3811 1395 3816 ⁴

412 4009 481 4077 Nos
511 4003 694 4090 Capitulum
725 4001 1085 4085 Quinqucecolesieusis
1115 4005 1261 4075 Ecclesic
1281 4012 1439 4079 memorie

299 4117 578 4198 commendamus,
596 4109 682 4196 quod
697 4107 863 4178 Johauues
894 4107 1032 4180 Latinus
1062 4111 1149 4181 filios
1180 4112 1325 4184 Gobartlr
1355 4117 1440 4185 ciuis

305 4221 524 4309 Pecehyensis
556 4217 769 4304 personaliter
800 4217 1017 4301 comparendo
1048 4217 1138 4306 dixit,
1169 4219 1254 4304 quod
1280 4222 1442 4307 Magister

305 4331 484 4400 Corrsrdus
501 4329 541 4394 de
559 4327 656 4393 Orrar
671 4325 760 4390 illam
777 4321 943 4390 dimidiam
976 4346 1129 4414 maroam,
1162 4347 1259 4410 quam
1292 4329 1356 4397 sibi
1388 4351 1441 4397 ra-

300 4440 398 4506 ·oione
429 4434 595 4504 cuiusdam
612 4431 704 4518 gequi
734 4431 784 4497 sui
816 4431 962 4516 impediti
978 4431 1012 4499 in
1033 4433 1110 4502 villa
1126 4433 1269 4502 eiusdem
1286 4435 1442 4522 Magistri

305 4541 459 4614 Corrardi
475 4539 563 4627 opud
579 4537 750 4606 Nicolaum
775 4537 875 4604 filium
910 4537 1057 4621 Ledeger
1087 4539 1129 4607 de
1160 4539 1303 4609 Dabska
1332 4543 1441 4630 impe·
