3068 5150
848 244 912 310 438

800 333 959 344 m

844 579 919 648 ere.

315 781 336 844 l
342 777 379 844 V.
413 780 525 845 Ldazlo'
556 779 733 864 kirnlyuot·
756 777 869 858 dovor,
901 777 1049 866 Stipatulc
1075 781 1108 842 es
1134 779 1237 843 Delus
1253 778 1435 862 betysdpekct

317 890 475 973 lciryyuzo'
489 892 559 954 meis
576 889 831 974 crdonur'rtyleoele
858 905 1048 974 rrpyouuzou
1073 885 1207 973 Gycirpp
1238 897 1347 950 mester
1369 889 1434 949 aad·

766 1000 870 1062 uto-ra.
890 997 987 1061 1285.

423 1191 595 1259 Ladizlaus
636 1191 699 1258 Dei
729 1191 841 1276 gracia
874 1191 1049 1276 Hongarie,
1083 1191 1264 1277 Dalmacic,
1296 1189 1435 1274 Groacic,

317 1303 428 1385 Ramc,
459 1301 582 1385 Seruis,
614 1297 762 1384 Gallicis,
794 1296 993 1381 bodomarie,
1029 1297 1184 1364 Cumanis
1224 1297 1435 1382 Butgarieqne

316 1409 385 1475 Rex
401 1407 551 1474 omnibus
574 1427 709 1494 presens
739 1407 875 1490 sriptum
904 1405 1097 1491 inspecturis
1128 1405 1269 1472 salutem
1300 1405 1333 1470 in
1364 1425 1436 1471 vero

315 1518 488 1583 saluatore.
513 1515 654 1583 Prouida
669 1517 794 1598 Regum
811 1512 966 1582 discrecio
983 1520 1050 1580 tam
1068 1514 1334 1599 circumspectam
1361 1531 1436 1597 erga

317 1622 452 1691 lideliter
467 1623 530 1690 sibi
546 1623 742 1689 famulantes
760 1623 854 1690 debet
870 1621 990 1689 habero
1006 1619 1225 1707 diligenciam,
1258 1629 1294 1688 vt
1319 1627 1436 1705 quanto

317 1731 390 1814 quis
405 1729 533 1799 fidelius
549 1729 611 1798 sibi
627 1731 810 1814 famulatur,
821 1736 917 1797 tauto
933 1729 1128 1817 propensius
1144 1728 1362 1796 munificencia
1382 1747 1436 1794 sne

319 1837 413 1906 donis
430 1837 683 1906 remunerandus
700 1837 769 1905 lore
785 1842 966 1906 censeatur.
1005 1836 1143 1904 Proinde
1159 1835 1202 1904 ad
1219 1835 1436 1904 uniuersorum

318 1945 472 2013 noticiam
491 1946 604 2013 harum
620 1945 703 2014 serio
720 1945 868 2012 uolumus
898 1945 1078 2032 peruenire,
1111 1943 1198 2029 quod
1230 1942 1437 2010 consideratis

316 2052 525 2122 fidelitatibus
541 2060 573 2120 et
588 2055 796 2122 seruieiorum
813 2051 943 2138 meritis,
972 2073 1034 2136 qne
1050 2051 1144 2119 nobis
1160 2053 1315 2135 Magister
1342 2049 1437 2116 Geor·

317 2162 391 2244 gius
407 2160 495 2228 lilius
512 2161 665 2249 Symonis
682 2169 756 2248 post
771 2162 894 2230 obitum
910 2160 1075 2228 karissimi
1093 2160 1194 2246 patris
1219 2159 1333 2245 nostri,
1364 2157 1436 2224 dum
1525 2239 1526 2244 Ἰ

315 2270 419 2353 Regni
437 2289 547 2336 snmus
563 2269 785 2354 gubernacula
801 2269 921 2358 adepti,
954 2269 1103 2354 idemque
1120 2269 1152 2334 in
1169 2267 1309 2334 diuersis
1335 2267 1435 2352 Regni
1525 2257 1526 2286 ³

315 2375 419 2442 nostri
435 2376 700 2462 expediciouibus
718 2377 905 2445 fidelitatem
923 2378 1047 2444 (torono
1063 2375 1164 2460 Regie
1195 2375 1338 2442 debitam
1371 2379 1436 2440 tota

317 2483 485 2552 alacritate
502 2486 677 2573 exhybuit;
702 2507 767 2570 que
784 2505 840 2572 per
857 2485 988 2570 singula
1013 2484 1148 2569 longum
1173 2490 1260 2552 esset
1290 2483 1436 2566 renitere,

316 2601 348 2659 ct
364 2595 568 2676 presentibus
583 2595 682 2662 inseri
698 2595 867 2680 tediosam,
894 2601 1003 2661 tamen
1021 2593 1183 2678 paneade
1200 2591 1346 2676 pluribus
1371 2609 1437 2676 pre-

316 2703 461 2771 sentibus
477 2703 627 2772 duximus
643 2702 839 2772 annotanda.
863 2703 971 2772 Primo
987 2703 1147 2789 videlicet,
1161 2722 1259 2786 quum
1276 2699 1437 2768 Rotundus

317 2811 402 2878 lilius
418 2796 512 2879 llum
529 2833 586 2898 per
602 2833 696 2881 suam
712 2813 936 2881 infidelitatem
954 2819 1072 2880 terram
1090 2819 1232 2879 nostram
1250 2810 1436 2896 Scepnsien-

316 2941 394 3006 sem,
411 2943 475 2989 vna
489 2941 561 2990 cum
580 2922 722 3010 Gyluich
738 2921 840 3010 Bana,
858 2929 889 2988 et
904 2928 1024 2989 terram
1040 2921 1110 3006 Nyr
1126 2922 1214 2988 ultra
1244 2925 1370 3006 partem
1401 2917 1437 2982 de

316 3029 460 3116 Thynael
479 3051 579 3115 usquc
611 3031 653 3096 ad
685 3039 809 3118 partem
840 3030 1111 3099 Transsiluanam
1143 3036 1256 3096 eontra
1287 3029 1436 3095 Nostram

317 3139 453 3222 Regiam
494 3137 697 3207 Maiestatem
737 3139 961 3224 potencialiter
999 3146 1172 3226 occuparet
1209 3144 1242 3204 et
1272 3134 1438 3212 detineret,

315 3247 419 3314 dietus
436 3246 592 3330 Magister
609 3247 769 3335 Georgius
805 3268 870 3315 vna
894 3271 964 3316 sum
991 3248 1068 3335 alijs
1099 3247 1281 3314 Beronibus
1312 3243 1437 3324 nostris,
1523 3239 1524 3290 t

316 3354 468 3423 videlicet
483 3375 555 3422 cum
571 3357 728 3441 Magistro
745 3357 842 3424 Fintu
858 3358 897 3425 dc
913 3365 1067 3445 precepto
1083 3361 1203 3443 nostro,
1236 3355 1312 3421 dum
1329 3361 1439 3422 eontra

315 3463 422 3549 ipsum
448 3464 603 3551 irruisset,
630 3465 716 3532 idem
749 3465 914 3532 Rotandus
945 3467 978 3532 in
1011 3468 1123 3534 eodem
1157 3464 1304 3534 conlliotn
1337 3461 1439 3530 extitit

281 3643 286 3648 ,
318 3572 539 3659 interemptus.
566 3573 665 3641 Cuius
681 3581 757 3660 post
782 3579 916 3642 mortem
949 3581 1106 3659 cognatus
1138 3573 1283 3642 eiusdem
1313 3572 1440 3639 nominc

317 3677 503 3764 Gregorius,
521 3701 594 3747 cum
609 3679 755 3766 predicta
771 3691 960 3768 occuparet,
986 3682 1072 3748 idem
1100 3681 1254 3766 Magister
1280 3680 1438 3764 Georgius

315 3809 387 3854 oum
405 3790 481 3875 atijs
498 3789 617 3856 nostris
633 3789 782 3858 fidelibus
808 3797 920 3858 eontra
950 3791 1055 3878 ipsum
1088 3789 1226 3858 viriliter
1256 3785 1438 3856 dimicando
1522 3781 1523 3790 ’

316 3895 497 3980 coptinauit
515 3897 661 3985 eundem,
679 3905 709 3964 ct
725 3897 817 3964 nobis
834 3897 980 3981 adduxit,
996 3919 1090 3984 quem
1108 3919 1165 3968 uus
1197 3905 1325 3986 propter
1352 3916 1439 3964 snam

315 4001 538 4072 infidelitatem
578 4003 713 4072 fecimus
754 4005 919 4073 decollari.
966 4005 1114 4076 Celerum
1153 4008 1186 4072 in
1226 4005 1439 4093 expedicione

315 4118 437 4198 nostra,
454 4131 549 4195 quam
567 4109 738 4180 habuimus
755 4122 867 4182 contra
893 4117 1016 4200 Regem
1032 4117 1256 4202 Bohemorum‚
1274 4135 1347 4183 cum
1366 4133 1440 4181 eun·

316 4219 389 4287 dem
417 4221 610 4303 Magistrum
637 4223 812 4308 Georgium
842 4223 884 4290 ad
901 4223 1065 4292 sciendum
1083 4231 1116 4290 el
1135 4223 1306 4291 videndum
1323 4223 1439 4294 exerci-

316 4334 382 4393 tum
414 4327 557 4395 eiusdem
590 4329 803 4419 misissemus,
834 4353 931 4399 vnum
958 4353 1096 4402 cuneum
1123 4333 1280 4402 exereitus
1297 4332 1439 4400 eiusdem

317 4445 394 4502 aute
418 4439 689 4506 acceleracionem
707 4449 850 4508 nostram
867 4441 1002 4509 viriliter
1017 4443 1202 4530 debellauit,
1231 4449 1262 4510 et
1280 4449 1347 4510 tres
1364 4439 1440 4509 mili-

318 4551 365 4611 tes
381 4544 513 4614 houestc
529 4555 671 4617 armatos
689 4549 846 4619 Bolrernos
863 4571 934 4618 cum
951 4553 1091 4638 ipsorum
1109 4553 1282 4644 dextrarijs
1298 4553 1332 4620 in
1366 4571 1440 4620 area
