3068 5150
810 316 970 412 Q

324 507 390 572 sita
407 507 503 574 etiam
522 515 635 574 contra
651 527 710 575 nos
726 508 842 594 rigida,
861 509 951 594 dura,
970 530 1088 594 aspera
1105 517 1136 576 et
1154 509 1292 576 molesta
1307 511 1428 592 appellu-

325 615 426 699 oione,
443 615 637 682 audiuimus.
663 617 767 702 Super
783 617 900 701 quibus
916 618 1066 684 omnibus
1098 618 1245 700 grauiter
1277 617 1381 683 afflicti
1406 627 1429 682 et

326 724 518 810 perturbati,
536 724 579 790 ad
596 724 789 792 instanciam
807 736 838 790 et
853 745 965 810 preces
983 727 1104 790 multas
1120 726 1263 791 omnium
1288 724 1429 807 Suffraga-

327 851 458 898 neorum
476 839 670 913 nostrorum,
695 832 751 918 qui
768 839 936 917 presentes
953 832 985 896 iu
1003 831 1086 898 festo
1101 831 1213 898 Sancti
1231 831 1376 917 Dompnii
1390 851 1429 896 er·

329 939 489 1024 stiterunt,
506 940 615 1006 taliter
631 947 739 1006 vestre
755 939 951 1006 fraternitati
969 939 1153 1022 scribimus,
1170 945 1202 1005 et
1218 960 1276 1024 per
1300 939 1357 1004 hoc
1380 959 1432 1021 pre·

328 1068 404 1114 scus
419 1049 575 1132 seriptum
593 1053 738 1114 nostrum
755 1048 888 1115 tirmiter
905 1057 935 1114 et
951 1049 1097 1116 districte
1113 1047 1312 1131 precipimus
1328 1057 1358 1113 et
1375 1067 1431 1132 prc-

329 1156 480 1239 eipiendo
496 1155 686 1222 mandamus
704 1179 711 1220 ε
730 1153 897 1232 Quatenus
915 1157 948 1221 in
966 1163 1074 1238 antea,
1090 1156 1175 1222 sieut
1191 1157 1335 1239 graciam
1355 1153 1431 1220 Beati

330 1263 483 1346 Dompnii
501 1271 533 1330 et
550 1267 692 1330 nostram
709 1283 821 1330 earam
837 1263 974 1350 habetis,
1007 1269 1039 1328 et
1054 1263 1134 1330 dicti
1167 1261 1303 1345 Concitij
1335 1281 1432 1346 penam

328 1370 426 1438 uiuitis
443 1353 594 1456 effugere,
623 1372 813 1458 supradicta
830 1374 1017 1440 nuliatenus
1035 1371 1233 1455 attemptatis
1250 1371 1329 1436 etin
1346 1367 1434 1452 predi·

326 1479 386 1545 ctis
426 1480 616 1546 nullatenus
648 1481 827 1548 excedatis.
876 1481 1032 1562 Alioquin
1066 1479 1330 1562 indignacionem
1360 1477 1434 1544 Beati

327 1588 480 1675 Dompnii
498 1597 529 1655 et
546 1595 697 1674 nostram,
714 1609 752 1654 ac
768 1589 948 1674 supradicti
966 1588 1103 1671 Concitij
1123 1607 1253 1674 penam,
1282 1587 1310 1653 si
1342 1593 1436 1654 contra

327 1695 476 1782 feceritis,
503 1678 728 1779 proculdubio
746 1695 928 1762 incurretis.
969 1694 1054 1760 Data
1087 1693 1215 1778 Spalati
1247 1695 1282 1759 in
1328 1691 1438 1778 patacio

329 1802 609 1890 archiepiscopati
627 1802 678 1869 die
693 1804 808 1870 Martis
833 1804 909 1870 XII.
942 1803 1044 1887 Madij
1079 1801 1164 1868 iutra
1196 1809 1331 1868 octauas
1362 1795 1438 1866 Beati

327 1911 479 1998 Dompnii
498 1910 672 1978 indictione
688 1920 795 1978 sexta.

328 2111 382 2170 (Aa
403 2109 508 2160 eredeti
527 2109 598 2160 uta'n
617 2109 797 2175 Kukutjevies
816 2109 896 2170 Ivan,
916 2110 986 2159 Jura
1005 2110 1095 2173 Regni
1125 2109 1266 2172 Oroaciae,
1298 2107 1440 2158 Dalmatiae

558 2207 585 2248 et
606 2200 752 2250 Slavoniae
772 2200 792 2248 I.
814 2201 873 2250 kur.
893 2199 1011 2262 ngrdb,
1034 2202 1109 2248 lasa.
1130 2203 1172 2248 95.
1194 2200 1225 2260 l.)

763 2485 1023 2492 —n-—a--m

331 3223 479 3288 Abudai
504 3220 734 3306 kdptaluanak
764 3219 1037 3304 bizoaysdpteuele,
1069 3221 1151 3303 kopp
1179 3216 1307 3282 Aruoid
1323 3212 1444 3281 o-ucdat

330 3329 420 3398 laicos
435 3333 466 3394 ds
482 3329 631 3414 esulddju
648 3327 864 3392 Poeantius-2·
879 3327 1061 3410 sztttoy'ruku
1071 3325 1211 3412 (despair)
1222 3323 1351 3388 ddrrdui
1359 3325 1445 3387 turro-

690 3433 817 3497 cornute
834 3433 973 3498 eladtu'ic.
1002 3433 1101 3498 1283.

366 3635 424 3698 (ttj.
444 3633 569 3696 Kubirryi
587 3631 717 3691 Ferencz,
737 3631 856 3694 Magyar
875 3629 1044 3678 Tsrrtenelmi
1063 3626 1197 3678 Emle'trek
1210 3625 1232 3675 1.
1244 3627 1301 3676 not.
1319 3627 1372 3674 128,
1384 3624 1411 3684 l.)
