3112 5154
819 347 978 448 „Q

329 533 1468 629 ElpeinoonenmbiumterrebranyasroeateincomitatudeBorsod

330 645 510 735 existentis,
523 685 562 696 -
575 681 619 696 -
632 686 671 696 -
684 641 758 732 (pro
766 643 939 734 fidelitate)
952 683 991 697 -
1005 683 1059 738 -,
1076 666 1176 732 quum
1191 647 1257 734 ipsi
1272 645 1332 733 filij
1351 647 1466 718 Benene

330 761 363 824 et
378 751 438 840 lilij
455 751 537 840 lllye
553 771 575 819 a
589 752 734 838 primeuo
750 769 808 819 sne
823 753 918 820 etatis
936 759 1084 839 tempore
1103 753 1165 825 sibi
1197 753 1416 823 exbibuerunt
1430 763 1461 823 et

331 859 560 948 inpenderunt,
592 866 626 926 et
641 857 830 944 speoialiter
860 880 919 946 pro
950 867 1053 930 morte
1069 860 1231 932 Jobannis
1246 863 1308 949 filij
1321 863 1465 950 predicti

330 969 425 1055 Elye,
443 967 498 1054 qui
514 987 587 1035 oum
602 965 758 1036 Lsdizlao
784 967 886 1035 tratre
917 967 1063 1036 eiusdem
1092 969 1236 1055 Nieolay
1251 969 1286 1036 in
1317 972 1464 1038 exercitu

332 1073 572 1159 dominiRegis
602 1079 716 1142 eontra
747 1069 906 1142 comanos
936 1073 972 1142 in
988 1073 1095 1144 Howd
1114 1075 1226 1144 habito
1245 1075 1354 1144 extitit
1370 1078 1470 1145 inter·

334 1185 472 1270 emptus,
503 1179 564 1249 sub
580 1180 703 1248 eisdem
722 1180 818 1248 oertis
842 1180 938 1250 metis
954 1187 988 1248 et
1018 1181 1177 1266 terminis,
1207 1185 1325 1267 quibus
1357 1183 1463 1252 dietus

331 1295 425 1375 pater
456 1307 532 1356 suus
549 1289 667 1376 etipse
693 1289 913 1378 possidebant,
946 1309 1020 1358 enm
1035 1290 1199 1360 uniuersis
1214 1291 1416 1362 utilitatibus
1431 1301 1462 1360 et

333 1397 546 1484 pertinenoijs
562 1395 641 1485 suls,
658 1403 690 1464 et
704 1395 890 1484 specialiter
906 1417 978 1465 oum
1005 1407 1094 1468 terra
1123 1399 1256 1467 Morsus
1288 1406 1410 1468 ronuta
1424 1399 1468 1467 ed

331 1503 435 1590 ipsam
466 1507 707 1590 possessionem
722 1505 832 1592 Bogus
847 1507 1042 1595 pertinente,
1061 1506 1208 1576 dedisset
1225 1511 1259 1574 et
1275 1509 1469 1576 eontulisset

332 1607 456 1678 eisdem
473 1610 549 1696 filijs
563 1608 675 1678 Bedek
692 1616 726 1678 et
740 1610 818 1696 filijs
835 1611 929 1698 lllye,
944 1613 1010 1680 sibi
1025 1621 1060 1680 et
1074 1611 1143 1681 suis
1168 1611 1345 1682 heredibus
1375 1612 1466 1684 bere-

335 1717 475 1804 dumque
491 1737 622 1786 suorum
639 1718 880 1788 suceessoribus
892 1718 969 1804 jure
984 1727 1142 1805 perpetuo
1158 1726 1192 1787 et
1208 1719 1467 1788 irreuoeubiliter

334 1825 472 1912 paoilioe
488 1823 720 1912 possidendum
735 1830 768 1892 et
792 1822 997 1910 habendam
1023 1825 1071 1895 its
1101 1832 1220 1913 umen,
1251 1826 1341 1910 quod
1372 1827 1465 1894 dimi·

334 1931 442 2002 dietas
466 1932 568 2019 ipsius
589 1931 805 2019 possessionis
821 1933 930 2018 Bogus
943 1933 1036 2003 osdet
1050 1933 1127 2020 filijs
1142 1932 1257 2002 Bedelr
1272 1934 1464 2020 antediotis;

336 2041 441 2110 alteru
456 2060 534 2110 uero
553 2038 729 2108 dimissius
761 2038 855 2108 oedet
885 2039 963 2130 lilijs
992 2040 1078 2129 Elye
1107 2041 1298 2128 prenotatis
1328 2041 1474 2128 Insuper

336 2147 497 2232 obligauit
527 2146 684 2216 redietur
715 2146 872 2215 Nioolaus
888 2153 921 2214 et
936 2147 1075 2216 heredes
1100 2168 1188 2235 suos,
1203 2148 1367 2236 predictos
1384 2149 1473 2216 tilios

335 2254 448 2324 Bedelr
465 2260 497 2322 et
507 2253 592 2323 ilios
607 2255 690 2342 Elye
707 2274 746 2322 ao
761 2254 899 2322 heredes
914 2255 1091 2324 eorundem
1107 2256 1287 2344 uniuersos,
1303 2257 1347 2324 ob
1363 2257 1469 2324 omui-

337 2359 535 2430 busraeione
565 2360 711 2448 predicte
725 2360 941 2450 possessionis
958 2363 1105 2450 inpetere
1118 2363 1296 2434 nitentibus
1312 2361 1468 2432 deiende·

337 2491 372 2540 re
388 2477 421 2539 et
437 2469 591 2556 expedire
616 2471 757 2560 proprijs
789 2472 954 2542 laboribus
969 2476 1003 2538 et
1032 2473 1196 2560 expensis,
1213 2479 1246 2540 et
1261 2471 1296 2538 in
1325 2469 1472 2556 pueifiea

335 2577 542 2664 possessione
572 2577 676 2666 ipsius
690 2583 776 2646 terre
800 2577 1019 2665 indempniter
1033 2597 1239 2647 conseruare.
1254 2577 1294 2645 In
1309 2577 1403 2645 ouius
1418 2579 1473 2644 rei

336 2685 558 2754 testimonium
574 2686 618 2754 ad
632 2686 808 2754 instantem
824 2685 1020 2771 peticionem
1036 2685 1180 2772 purnium
1197 2692 1368 2772 presentes
1395 2704 1474 2754 eon·

336 2793 493 2862 sensimus
510 2791 647 2878 litteras,
664 2789 764 2876 sigilli
780 2791 882 2860 nostri
897 2797 971 2878 post
982 2793 1115 2878 plegem
1124 2793 1336 2862 Tartoromm
1351 2811 1475 2861 seeun-

336 2899 379 2966 do
394 2899 544 2969 renouati
559 2898 739 2968 munimine
753 2900 934 2968 roboratas.
950 2899 1159 2968 Presentibus
1175 2905 1287 2968 tamen
1304 2900 1472 2984 Magistro

336 3007 433 3077 Haab
463 3006 641 3095 Proposito,
671 3007 772 3075 Saule
803 3006 949 3093 Leotore,
968 3007 1148 3077 Laureneio
1164 3007 1317 3095 cantore,
1333 3005 1480 3093 llykow

336 3113 489 3203 emtore,
505 3109 618 3184 Marito
634 3114 676 3182 de
691 3113 807 3200 Panna,
822 3113 959 3203 llstbya
974 3115 1016 3182 de
1031 3115 1125 3182 Nouo
1149 3113 1274 3200 Castro,
1306 3116 1416 3183 Paulo
1434 3112 1482 3180 de

334 3224 470 3310 Borsua,
496 3221 635 3291 Mmtim
652 3221 693 3289 de
707 3221 827 3305 Heues,
845 3221 1005 3307 Gregorio
1020 3221 1062 3290 de
1076 3221 1229 3290 Zobonob
1246 3221 1478 3307 Arohpdiaoo·

335 3331 399 3421 nis,
410 3337 443 3398 et
452 3329 530 3420 elijs
544 3331 665 3399 mulbs.
680 3329 776 3398 Anno
790 3328 922 3398 Domini
942 3327 1061 3398 Μῠῦθο
1076 3328 1319 3417 septuagesimo
1335 3329 1480 3414 quinto;

337 3446 495 3522 regnante
525 3423 679 3506 Lsdmleo
710 3436 827 3506 illustri
843 3437 931 3522 Rege
946 3437 1123 3524 Hungarie,
1137 3435 1329 3505 Lodomerio
1345 3435 1484 3522 Strigo-

337 3546 453 3632 niensi,
485 3544 635 3614 iohanne
665 3544 834 3614 Goloeensi
867 3543 1160 3632 Arohyepisoopis3
1191 3543 1324 3613 domiuo
1355 3549 1487 3614 nostro

338 3653 519 3722 venerabili
534 3659 627 3740 patre
640 3649 772 3720 Andrea
781 3651 844 3720 Dei
854 3653 968 3740 grauia
982 3649 1144 3740 Episcopo
1159 3651 1312 3739 Agriensi
1329 3653 1489 3721 existen·

336 3760 433 3831 tibus.

338 3959 393 4022 (Aa
410 3960 471 4028 egri
489 3958 684 4026 heptalsnnalr
700 3959 810 4011 ltili-ki
823 3958 985 4024 ttbstabffl,
1005 3959 1112 4012 smelt.
1131 3956 1200 4009 berb
1220 3955 1344 4022 Perenyi
1374 3959 1490 4012 etalio

797 4048 1014 4114 leveltlireban.)

768 4387 1036 4403 m
