3170 5166
644 249 799 354 ..NL

155 441 237 536 atijs
263 443 417 535 dampnis
448 453 479 516 et
508 445 638 534 iniurijs
669 467 727 534 per
756 442 939 536 predictum
970 441 1114 514 hhraam
1147 451 1180 516 et
1210 440 1292 524 alios

158 556 367 644 supradictos
395 555 516 638 eisdem
549 557 626 642 filijs
642 553 800 642 Stephani
817 560 850 620 et
864 551 993 640 populis
1017 554 1159 642 ipsorum
1174 555 1288 644 illatis,

157 664 195 730 in
211 664 310 732 tatem
325 662 463 732 formam
482 661 730 750 composicionis
750 667 882 748 propter
913 659 1034 727 bonum
1066 662 1160 748 pacis
1190 661 1290 734 dene-

156 769 286 838 nissent
303 793 311 834 =
328 769 422 850 Quod
451 769 533 838 feria
558 775 674 856 quarta
690 769 838 856 proxima
853 773 929 856 post
943 767 1062 836 testum
1078 767 1288 848 Pentecosten

158 875 297 964 predicti
311 875 465 964 libraam,
482 877 713 965 Pongoracius,
734 875 897 963 Nicotaus,
929 873 1118 964 Dyonisius,
1148 873 1291 944 Lauren

159 984 241 1070 cius,
270 984 434 1070 hlothere,
465 984 558 1053 Boda
589 991 622 1053 et
635 985 779 1052 Thomas
810 981 941 1052 invilla
970 983 1112 1053 Terehes
1138 991 1290 1070 presente

159 1091 319 1178 Magistro
344 1091 541 1180 Andronico,
572 1094 752 1178 consciam,
779 1111 877 1176 qnam
893 1110 913 1156 a
929 1089 1006 1178 tilijs
1036 1090 1192 1178 predictis
1222 1091 1293 1162 sta·

159 1199 262 1286 phani
292 1200 506 1287 abstulerant,
532 1201 705 1268 restituent
720 1197 881 1286 Nychaeli
897 1196 1093 1284 supradicto.
1109 1197 1160 1266 Ex
1176 1197 1292 1284 quihus

159 1307 191 1376 si
207 1305 312 1392 aliqui
327 1305 500 1394 defuerint,
516 1307 676 1392 Magister
691 1306 809 1393 Fynta,
833 1304 1001 1376 lohannes
1032 1325 1104 1372 cum
1135 1305 1292 1394 abraam,

159 1415 331 1504 Nycolaus
362 1435 435 1482 cum
450 1414 619 1500 Dyooisio,
636 1413 837 1482 Laurenoius
863 1433 935 1482 curn
952 1413 1080 1501 Alexio,
1097 1417 1130 1481 et
1144 1413 1292 1481 Matheus

159 1541 236 1590 cnm
250 1522 387 1609 Thema,
402 1521 516 1589 eodem
548 1521 601 1588 die
631 1527 785 1606 presente
815 1521 887 1606 ipso
917 1520 1075 1606 Magistro
1105 1520 1293 1589 Andronico

160 1629 315 1698 iurahuut
347 1647 516 1716 supereo,
547 1629 636 1714 quod
667 1627 791 1696 nullam
823 1625 865 1696 de
880 1627 1022 1714 equaciis
1038 1625 1192 1713 predictis
1207 1625 1295 1696 trau·

161 1734 310 1804 dulenter
327 1733 551 1804 concitassent.
567 1735 603 1800 st
620 1744 728 1802 antem
759 1739 863 1802 morte
895 1735 946 1804 vel
977 1733 1153 1801 amissione
1184 1733 1294 1820 alique

162 1843 324 1927 deessent,
357 1841 531 1909 restituant
562 1842 646 1908 alias
664 1861 764 1925 equas
781 1861 841 1928 pro
858 1841 991 1929 eisdem,
1010 1840 1188 1911 secundum
1205 1842 1293 1926 quod

161 1949 315 2036 hlychacl
330 1968 404 2016 cum
418 1948 601 2015 iuramento
624 1947 858 2036 presumpserit
883 1949 991 2016 dicere
1021 1952 1163 2018 valorem
1195 1969 1293 2036 equa·

161 2077 245 2126 rum.
274 2056 356 2123 Item
388 2055 502 2124 eodem
534 2055 588 2123 die
602 2061 635 2124 et
650 2057 721 2125 loco
750 2055 813 2124 suh
830 2055 934 2124 torma
964 2055 1103 2142 predicti
1120 2053 1294 2124 iuramenti

161 2165 267 2233 eidem
284 2161 445 2249 Mychaeti
460 2165 632 2231 restituent
646 2161 788 2231 sedecim
815 2182 914 2246 equos
944 2163 1144 2246 nominatos;
1167 2163 1208 2232 de
1223 2161 1297 2250 qui·

163 2273 226 2342 bus
256 2270 286 2340 si
302 2271 430 2354 aliquos
462 2291 540 2340 casu
571 2271 686 2338 mortis
718 2270 773 2338 uel
812 2268 996 2338 amissionis
1026 2272 1198 2340 restituere
1230 2291 1296 2344 non

161 2385 309 2468 possunt,
326 2399 385 2465 pro
401 2379 528 2466 quihus,
555 2398 638 2462 equo
669 2399 734 2445 non
766 2375 904 2463 reddito,
936 2377 965 2446 si
996 2376 1103 2446 dictus
1133 2377 1295 2466 Mychael,

161 2509 236 2558 cnm
267 2493 406 2571 quatuor
437 2484 601 2555 nobilibus
632 2505 668 2554 se
683 2485 796 2570 quInto
829 2486 988 2556 iurauerit
1016 2506 1125 2554 coram
1142 2487 1296 2577 capituto

161 2595 318 2684 Agriensi
333 2595 430 2663 nohis
446 2593 479 2662 in
496 2593 550 2662 die
566 2591 669 2678 prime
684 2593 858 2663 solucionis
888 2595 1033 2682 prestito,
1064 2591 1152 2681 quod
1182 2595 1294 2662 decem

161 2724 293 2772 marcas
324 2701 461 2790 quilibet
491 2701 684 2770 amissorum
724 2702 844 2788 valeat,
886 2702 1013 2770 soluent
1054 2699 1180 2770 eisdem
1212 2699 1291 2790 fitijs

161 2810 321 2900 Stephani
336 2829 396 2896 pro
412 2808 555 2896 quolibet
574 2809 685 2878 decem
716 2807 895 2878 marcasio
926 2807 1074 2876 terminis
1106 2807 1151 2875 ad
1184 2807 1295 2876 hocin

161 2920 217 2990 die
247 2916 350 3009 prime
372 2913 552 2990 'saluatoris
582 2937 642 3004 per
656 2937 716 2985 nos
748 2915 953 3002 deputandis.
978 2913 1061 2983 Item
1076 2916 1109 2982 in
1125 2913 1296 3000 quindena

160 3029 374 3096 Pentecosten
390 3025 424 3092 in
441 3025 519 3093 nilla
534 3025 639 3092 Pacas
654 3043 763 3092 coram
794 3022 919 3092 Gemite
948 3023 1058 3103 Belus,
1089 3021 1246 3091 Nicotaus
1262 3029 1296 3090 et

163 3133 344 3224 Dyonisins
374 3131 513 3219 predicti
528 3130 671 3200 sedecim
687 3129 843 3218 pecudes,
867 3131 1015 3199 listhene
1031 3135 1064 3199 et
1079 3129 1222 3197 Abraarn
1237 3149 1296 3197 an-

163 3241 280 3312 tedicti
294 3242 413 3327 viginti
431 3241 524 3328 duas,
550 3239 750 3326 Laurencins
780 3258 856 3307 sero
887 3235 1036 3306 undecim
1066 3237 1210 3307 triennes
1240 3238 1295 3306 uel

161 3371 277 3437 snpra,
307 3355 339 3416 et
369 3369 435 3416 non
451 3347 546 3435 intra,
579 3353 759 3414 memorato
789 3345 952 3434 Mychaeti
984 3344 1063 3413 dare
1094 3347 1296 3414 tenebuntur.

160 3461 246 3528 Item
261 3457 418 3526 Nicotaus
433 3456 520 3524 tilius
536 3456 694 3544 Matheus,
710 3454 910 3524 Laurenciue
941 3453 1027 3524 titirus
1056 3451 1196 3541 Roiaen
1225 3455 1296 3522 lda.

159 3567 255 3636 rhene
279 3564 367 3634 filius
399 3561 560 3652 Corrardi,
584 3570 616 3632 et
648 3562 791 3632 Abraam
804 3561 891 3632 tilius
915 3561 1066 3630 Ladirlai
1081 3561 1219 3648 predicti
1235 3581 1295 3648 pro

160 3681 265 3744 morta
281 3672 437 3762 predicta,
453 3679 485 3738 et
500 3671 650 3740 omnibus
666 3671 795 3738 damnis
812 3678 844 3739 et
860 3671 990 3758 iniurijs
1005 3671 1100 3738 modo
1127 3667 1295 3756 prehabito

160 3782 266 3850 illatis
282 3779 398 3850 'dictis
427 3779 506 3865 tilijs
535 3779 694 3864 Stephani
719 3779 848 3847 soluent
864 3779 1021 3848 ducentas
1037 3797 1165 3846 marcae
1181 3777 1214 3844 in
1231 3781 1296 3846 ter·

158 3887 258 3958 minis
288 3886 506 3974 infrascriptis
550 3906 658 3956 coram
689 3886 803 3968 nobts;
827 3908 868 3954 ex
897 3888 1014 3973 quihus
1058 3885 1293 3972 quinquaginta

158 4016 287 4064 marcas
319 3996 475 4063 vicesimo
506 3991 647 4062 secundo
688 3994 742 4060 dic
772 3993 966 4063 Natiuitatis
1007 3995 1102 4062 Beati
1132 3991 1295 4063 Iohannis

158 4102 317 4192 Baptista,
332 4103 411 4170 item
426 4101 667 4188 qninquaginta
693 4119 820 4172 marcas
835 4103 868 4168 in
886 4103 1010 4172 octauia
1040 4101 1136 4169 Beati
1166 4101 1288 4170 Micha-

159 4212 221 4280 elis
252 4211 452 4296 archangeli,
472 4217 502 4278 et
518 4209 757 4296 quinquaginta
795 4231 922 4280 marcas
952 4209 987 4278 in
1017 4210 1144 4280 octaris
1168 4208 1295 4279 Natiui-

158 4319 237 4386 tatis
253 4317 397 4407 Domini,
413 4317 563 4385 residuas
578 4335 654 4384 vero
685 4316 925 4402 quinquaginta
957 4337 1084 4388 marcas
1101 4318 1135 4387 in
1166 4320 1290 4388 ootauis

158 4429 365 4496 Pentecostes
396 4426 513 4511 partim
536 4425 570 4492 in
586 4423 730 4492 denariis
762 4445 820 4512 pro
851 4431 988 4510 quatuor
1018 4426 1220 4495 currentibus
1238 4427 1293 4494 vol

170 4531 380 4602 estimacionc
395 4530 538 4602 denariis
555 4529 766 4620 equiualenti,
783 4533 901 4621 partim
926 4554 1003 4604 roro
1019 4533 1053 4606 in
1084 4531 1295 4608 estimaoione
