3148 5146
131 1141 196 1208 JV.
214 1143 335 1208 Leiszlci
349 1145 459 1230 kirtly
474 1149 658 1230 meyere'tse‘ti
675 1170 696 1212 c
712 1147 846 1233 requeti
862 1154 983 1234 etha'z
1004 1153 1115 1236 jcoac't
1140 1153 1170 1216 ee
1196 1173 1276 1216 eze»

558 1254 736 1339 caesenate.
761 1255 857 1322 1273.

224 1547 385 1610 (Tknlcsics
405 1551 529 1601 Menum.
550 1553 614 1602 hiet.
635 1554 724 1616 Epise.
745 1556 939 1621 Zegrsbiensis
958 1557 980 1606 Ι.
999 1558 1061 1607 nce.
1085 1563 1143 1608 los.
1163 1560 1193 1621 l.)

130 2671 194 2736 IV.
211 2671 332 2737 Lctezld
346 2671 525 2756 kirtlycok
551 2669 680 2756 Vajszit
704 2671 858 2757 helyetqet
888 2671 1046 2758 tetryyozo
1077 2673 1266 2760 cdomutnya·

202 2778 340 2863 Nempty
355 2778 591 2864 nemzetstytele'
606 2778 728 2846 Miletos
745 2781 777 2843 ce
793 2777 1195 2846 Jatabczcmcra.·1273.

243 2971 420 3040 Lsdinlcns
451 2974 511 3040 Dei
543 2973 656 3058 grecie
687 2972 863 3056 Hongarie‚
894 2971 1077 3056 Dnimaoie,
1119 2971 1265 3061 Grcccie,

131 3083 246 3166 Rome,
262 3079 386 3164 Seruio,
403 3079 551 3168 Gallicis,
567 3079 769 3168 Lodornerie,
787 3077 940 3148 Comanis
959 3077 1178 3164 Buigcrieque
1193 3080 1263 3147 Rex

132 3186 282 3252 omnibus
297 3205 432 3272 presens
447 3187 602 3273 scripturn
618 3185 813 3271 inspecturis
829 3189 968 3256 salutem
985 3188 1019 3254 in
1036 3187 1181 3254 omniurn
1197 3187 1266 3254 sal-
1398 3233 1401 3240 -

134 3297 257 3360 ustore.
282 3290 336 3358 Ad
351 3293 577 3362 uniuersorum
594 3293 745 3364 noticiam
762 3299 830 3360 tem
855 3292 1058 3378 presencium
1084 3312 1182 3376 quom
1207 3313 1262 3378 po·

133 3408 293 3466 sterorum
311 3406 422 3468 tenore
438 3400 641 3487 presencium
654 3401 803 3469 volumus
814 3398 994 3484 peruenire,
1011 3397 1096 3482 qnod
1107 3397 1262 3468 Nicotaus

133 3512 166 3570 et
181 3504 324 3573 Jacobus
338 3506 397 3592 filij
416 3506 552 3575 conteis
568 3506 684 3577 Jacobi
700 3507 741 3576 de
758 3525 878 3592 genere
893 3505 1037 3589 Nempty
1062 3523 1083 3570 e
1109 3505 1262 3590 primoris

134 3631 194 3678 soe
210 3615 353 3698 puericie
368 3614 567 3699 temporibus
583 3615 714 3683 dominc
730 3613 863 3682 condam
881 3611 963 3695 Regi
973 3610 1140 3696 Stephano
1150 3613 1262 3680 inclite

135 3720 377 3790 recordacionis
408 3722 580 3792 karissimo
614 3724 698 3810 petri
729 3731 838 3790 nostro
870 3727 902 3788 et
933 3719 1027 3787 nobis
1058 3719 1091 3784 in
1123 3717 1262 3784 diuersis

132 3829 239 3912 Regni
255 3832 357 3896 nostri
377 3829 652 3916 expedicionibue‚
669 3838 701 3898 et
717 3829 902 3915 specialiter
918 3828 953 3893 in
972 3825 1115 3894 exercitu
1141 3832 1261 3913 nostro,

134 3953 233 4016 quem
250 3943 364 4004 contro
377 3937 501 4021 Regem
517 3936 689 4005 habuimus
705 3936 918 4004 Bohemorum
935 3933 1101 4000 inimicum
1120 3938 1262 4000 nostrum

130 4041 309 4126 capitalem
324 4041 464 4112 fideliter
481 4043 679 4128 obsequiosa
704 4043 845 4113 seruicia
877 4047 910 4110 et
939 4041 1054 4110 fideles
1086 4040 1262 4107 tumulatus

129 4148 322 4233 impendere
338 4149 549 4238 studuissent,
582 4169 640 4238 per
656 4171 720 4235 que
735 4169 776 4218 ex
807 4147 1031 4218 munificencia
1063 4147 1167 4232 Regio
1197 4165 1262 4211 non

128 4257 284 4324 inmerito
300 4255 431 4327 inerant
446 4257 628 4328 attollendi.
653 4257 722 4328 Nos
739 4259 796 4344 qni
812 4277 853 4324 ex
870 4256 976 4326 officio
1008 4255 1148 4339 suscepti
1179 4253 1261 4336 regi·
1311 4277 1315 4292 ·

127 4363 231 4430 minis
248 4363 355 4432 metiri
372 4364 529 4434 debemus
561 4365 678 4434 merita
709 4365 923 4452 singulorum,
954 4369 990 4430 vt
1021 4359 1077 4446 ciij
1111 4359 1261 4444 exemplo

124 4473 318 4542 huiusmodi
334 4473 379 4540 ad
395 4473 563 4543 fidelitatis
579 4493 680 4561 opera
695 4473 816 4543 torcios
832 4469 1071 4552 accendentem
1089 4469 1124 4537 in
1139 4485 1263 4538 reeom-
