3170 5166
679 981 754 1052 499.

142 1187 175 1257 Α
203 1185 444 1279 puaooahuimo’
478 1183 674 1250 koaoootoek
707 1179 975 1267 biaeopedpteoele
1003 1175 1112 1266 Iloua,
1145 1173 1277 1248 macuta

383 1313 483 1360 eomes
497 1291 628 1378 neje'oet
643 1287 919 1376 oeproodetoerot.
941 1287 1039 1356 1298.

254 1490 324 1558 Nos
340 1487 527 1556 Hermanno
546 1482 669 1552 Diuina
684 1481 898 1552 miseraeione
913 1480 1026 1551 Abbas
1042 1485 1075 1552 et
1090 1477 1277 1558 Oonnentus

144 1595 333 1682 Menanterij
365 1594 406 1662 ie
437 1593 559 1662 Sanoto
590 1590 730 1660 Martino
761 1590 802 1658 de
832 1589 933 1659 Sauro
966 1590 1079 1659 Monte
1108 1590 1278 1659 Pannonia

146 1703 297 1776 unibus
327 1701 449 1770 Christi
481 1699 631 1768 fidelibus
663 1704 848 1787 presentem
883 1697 1041 1786 paginam
1080 1698 1278 1788 inspeetnris

144 1813 290 1882 seinte!
316 1809 350 1877 in
383 1809 528 1877 omnium
569 1806 745 1875 saluatore
775 1805 828 1872 Ad
858 1806 1086 1876 uniuersorum
1123 1806 1281 1876 notioiem

145 1920 263 1987 harum
293 1913 382 1986 serie
410 1913 561 1984 uolumus
592 1912 773 2000 peruenire,
805 1912 892 1996 quod
908 1910 1024 1983 Comes
1038 1913 1179 2002 itsohya
1192 1915 1280 1984 itinn

145 2026 249 2094 Aiber
264 2023 307 2092 rie
320 2021 411 2091 (thou
427 2019 558 2110 iobegio
573 2021 753 2090 Comitatus
768 2019 878 2088 Ferret
894 2019 999 2089 castri
1030 2041 1091 2108 pro
1105 2040 1142 2090 se
1158 2027 1198 2090 et.
1220 2042 1280 2108 pro

146 2133 282 2202 domina
304 2129 412 2200 Eleae
427 2149 526 2198 onore
541 2149 611 2216 sna,
627 2129 694 2196 tilia
710 2128 862 2198 videlieet
877 2127 1036 2215 Dyonieij,
1053 2149 1163 2199 eoram
1178 2130 1275 2200 noun

147 2239 366 2330 personaliter
397 2237 617 2319 eonstitutns3
651 2237 744 2304 ouius
782 2233 913 2319 quidem
940 2236 1074 2305 'domine
1105 2243 1217 2308 uotum
1247 2245 1280 2306 et

149 2349 352 2416 uoluntatem
382 2343 416 2412 in
447 2345 509 2412 hae
538 2351 641 2432 parte,
674 2343 753 2428 quia
768 2343 840 2428 ipsa
865 2343 996 2412 donrinu
1011 2351 1144 2432 propter
1159 2345 1282 2415 intesti-

150 2475 228 2524 nam
245 2452 392 2542 inpueati
407 2452 514 2538 Regni
531 2453 813 2539 perturbuoionem
830 2459 863 2522 et
878 2453 1004 2521 viarum
1035 2453 1224 2523 discrimina
1239 2455 1283 2523 ad

152 2582 214 2632 nos
244 2559 460 2648 personaliter
489 2558 647 2628 aceedere
678 2579 743 2626 non
774 2560 892 2646 potuit,
912 2559 946 2627 in
962 2560 1079 2632 titteris
1095 2561 1208 2631 fratris
1223 2563 1286 2630 Lu-

153 2669 254 2739 dinlai
270 2668 390 2738 Prioris
406 2674 441 2737 et
456 2665 643 2736 conuentus
659 2669 809 2735 Fratrum
835 2667 1078 2738 Predieatorum
1109 2671 1151 2738 de
1181 2671 1286 2738 Domo

151 2776 277 2862 Ferrep
307 2772 414 2844 Omtri
446 2781 479 2842 et
509 2773 709 2859 quorundam
730 2775 931 2844 saeerdotum
964 2775 1005 2844 de
1021 2775 1164 2862 Dyouesi
1180 2775 1284 2844 Jouri·

152 2883 223 2954 ensi
238 2883 274 2951 in
289 2882 510 2952 testimonium
527 2889 799 2970 eonwooatornm,
819 2903 956 2966 quorum
986 2883 1120 2950 nomina
1149 2881 1287 2951 interius

151 2991 384 3080 exprimentur,
414 2990 501 3058 idem
532 2991 647 3058 Comes
679 2990 821 3078 Maohya
851 2991 946 3059 nobis
976 2990 1131 3078 exhibuit,
1164 2990 1236 3076 ipse
1251 2997 1286 3058 et

155 3101 291 3170 domina
305 3117 440 3168 eoneors
455 3096 526 3165 eins
541 3095 690 3184 prediote
704 3097 857 3166 heredum
873 3103 1024 3168 carentes
1053 3097 1177 3168 eolnoio
1207 3101 1290 3166 tem-

154 3205 320 3298 perusiam
351 3227 394 3276 ex
409 3205 524 3276 intimo
550 3196 678 3276 feruore
694 3206 881 3276 deuoeionis
898 3208 1026 3296 affeetu,
1043 3205 1288 3278 oonsioierentee
1369 3225 1371 3230 ·

153 3317 457 3386 remuneracionem
475 3321 588 3384 eterne
604 3317 670 3383 vite
686 3316 860 3401 sapienter,
879 3315 1053 3385 salubriter
1080 3317 1185 3386 eoiem
1214 3335 1288 3406 pru·

153 3424 224 3494 uidi
254 3431 288 3494 et
302 3422 409 3492 ednoti
440 3429 654 3509 proourantes
669 3423 856 3490 transitoria
872 3428 1056 3508 permetere
1070 3443 1144 3493 eum
1159 3425 1289 3510 eternis,

154 3531 341 3602 Eeelesiem
356 3528 451 3598 Beati
475 3529 646 3598 Miohuelis
676 3529 871 3614 Arehangeli
903 3530 944 3598 de
975 3531 1090 3601 Castro
1121 3531 1240 3601 Ferreo
1254 3532 1291 3597 tn

154 3639 227 3707 uita
262 3645 296 3707 et
326 3640 358 3706 iu
374 3644 479 3706 morte
509 3638 571 3706 sibi
602 3638 800 3726 adoptarunt
814 3639 848 3705 in
863 3649 1042 3724 petronam,
1058 3639 1091 3708 in
1107 3641 1193 3709 rtnis
1208 3639 1292 3707 eins·

159 3747 238 3816 dem
261 3747 382 3814 Sancte
411 3745 556 3814 Eoeleuie
587 3765 689 3832 usque
720 3747 931 3815 nouissimam
963 3749 1075 3817 tubam
1107 3746 1292 3837 torporibus

159 3873 272 3922 eornm
302 3853 503 3940 sepuitorem
534 3873 592 3921 sen
624 3855 824 3922 mansionem
857 3855 1022 3939 eligendo.
1039 3857 1083 3922 lit
1100 3861 1134 3920 ut
1148 3854 1293 3942 ipsorum

156 3961 317 4030 memoria
348 3981 406 4048 per
438 3961 599 4046 prefatam
631 3961 786 4030 Sanctum
820 3963 1003 4031 Ecclesiam
1036 3961 1246 4030 tauudubittter
1261 3967 1294 4027 et

159 4069 336 4139 salubriter
366 4067 401 4135 in
442 4075 631 4156 perpetuum
673 4067 922 4156 commendetur,
963 4069 1149 4140 antedictus
1180 4070 1294 4137 coma

160 4179 304 4267 tiathya
337 4177 420 4245 duae
465 4179 689 4264 possessiones
735 4197 821 4264 suas,
852 4177 1007 4248 videlieet
1040 4197 1138 4248 rnam
1164 4176 1296 4245 Korion

159 4293 323 4371 rueatam,
355 4287 444 4352 eirea
475 4287 716 4372 possessionem
747 4284 883 4374 Oloaka,
909 4285 1179 4373 qnemaiiegali
1194 4287 1297 4353 muni·

158 4394 295 4463 tieeueia
326 4393 570 4482 acquisiturae
602 4394 703 4464 stiam
733 4402 853 4464 terram
884 4393 1145 4465 lwankateldew
1174 4411 1296 4460 nuneu-

160 4508 285 4591 petem.
318 4501 401 4570 item
417 4501 584 4573 antediota
607 4503 740 4572 domina
755 4523 887 4574 eonsore
904 4507 974 4577 eius
991 4511 1092 4574 totum
1108 4504 1299 4590 porcionem

158 4629 266 4704 suem,
285 4627 386 4698 quam
402 4611 435 4682 in
454 4609 569 4686 eadem
586 4609 712 4686 Otoaka
727 4612 843 4686 habuit
862 4620 894 4688 et
926 4612 1079 4708 possedit,
1110 4618 1188 4794 ¹23¹*
1209 4611 1297 4680 vide·
