3068 5150
611 295 771 396 ..sss-

120 494 282 564 itatoldns
300 492 514 579 personaliter
531 489 749 574 comparando
767 486 983 555 mediantibus
1002 487 1121 556 litteris
1137 491 1258 557 nostris

125 603 312 688 patentibus
338 599 507 688 sepedicto
523 597 682 683 Magistro
699 595 878 664 Benedicto
895 595 1107 682 obligauerat,
1124 593 1208 662 dixit
1222 615 1259 663 se
1344 622 1346 628 ’

124 709 309 778 vendidisse
325 707 395 774 iure
411 711 568 792 perpetuo
584 709 617 771 et
632 701 890 772 irreuocabiliter
905 700 1130 788 possidendas,
1151 707 1258 768 tenen·

126 817 181 882 das
196 815 336 900 pacifice
369 822 401 880 et
417 811 595 880 habendas.
612 811 699 877 Mete
716 815 824 876 autem
845 808 1063 894 predictarum
1079 808 1258 894 possessio-

125 943 198 988 num
214 921 344 990 Pethna
362 929 394 984 et
410 918 538 1004 Golgos
553 926 743 986 vocatarum
775 916 836 983 hoo
868 917 979 983 ordine
1010 914 1231 1000 distinguntur
1250 957 1262 996 :

126 1027 315 1114 Incipiendo
347 1033 481 1111 aparte
515 1025 717 1094 meridionali
749 1025 783 1091 iu
810 1023 919 1110 capite
949 1023 1148 1108 Babawelge
1179 1023 1258 1090 inde

123 1155 236 1204 uersus
253 1134 424 1202 meridiem
439 1132 587 1202 ascendit
602 1132 645 1200 ad
661 1132 752 1200 birch
768 1132 939 1198 cuiusdam
957 1132 1076 1198 montis
1104 1128 1258 1198 Mothcok

126 1243 253 1326 voeati3
280 1243 402 1309 abhinc
435 1261 490 1326 per
521 1239 612 1306 bircb
646 1237 737 1306 uadit
752 1259 809 1324 per
836 1239 922 1305 viam
938 1238 1095 1306 Keralwa
1111 1245 1259 1306 vocatam

127 1369 237 1415 versus
254 1347 476 1431 occidentem,
501 1347 541 1413 de
559 1365 622 1430 quo
638 1345 729 1412 biroh
745 1353 778 1411 et
803 1344 858 1411 uia
888 1343 1055 1410 descendit
1085 1344 1128 1411 ad
1158 1365 1258 1410 vnum

126 1461 258 1540 puteum
291 1455 509 1522 Detriehkuta
539 1457 701 1532 uocatum,
732 1452 787 1536 qui
819 1459 868 1518 est
899 1470 957 1536 pro
976 1459 1079 1537 meta;
1106 1450 1182 1518 bino
1201 1471 1260 1537 per

120 1583 253 1631 eorsum
271 1563 362 1648 putei
378 1557 553 1644 descendit,
570 1570 601 1626 et
617 1558 707 1624 cadit
723 1559 755 1624 in
772 1557 898 1626 Pothua
913 1556 1047 1644 potoka,
1079 1559 1134 1625 vbi
1170 1578 1255 1625 oom-

127 1675 269 1736 metatur
285 1675 372 1736 terre
388 1667 562 1750 Burstian;
587 1667 663 1732 inde
679 1671 794 1732 eontra
809 1685 937 1732 cursum
956 1666 1060 1751 ipsius
1076 1665 1260 1752 Petbnapo-

118 1778 203 1842 soka
228 1775 325 1843 uadit
355 1775 399 1841 ad
430 1780 557 1858 portem
590 1773 888 1859 septemtrionalem
920 1773 953 1836 iu
987 1771 1111 1838 modico
1142 1771 1254 1858 spacio

128 1903 227 1968 usque
243 1883 304 1970 ibi,
320 1883 375 1948 vbi
391 1882 524 1966 quidam
541 1881 664 1947 riuulus
681 1877 768 1944 eadit
786 1878 1111 1963 adPethnapotoka;
1136 1877 1259 1944 abhinc

128 1999 242 2058 contra
260 2009 390 2056 cursum
407 1989 510 2074 ipsius
526 1988 622 2054 riuuli
640 1987 745 2053 eundo
761 1987 911 2070 peruenit
926 1985 969 2051 ad
979 1993 1076 2070 eaput
1092 1985 1253 2068 eiusdem,

128 2099 168 2164 de
199 2098 294 2164 ouius
323 2095 420 2164 riuuli
452 2096 560 2180 eapite
592 2093 740 2162 aseendit
766 2092 809 2159 ad
825 2093 914 2159 birclr
931 2092 974 2158 ad
991 2092 1262 2176 septemtrionem,

128 2205 182 2271 vbi
201 2209 419 2272 commetatur
434 2210 522 2269 terre
541 2201 679 2268 tiliorum
712 2201 877 2281 Budimiri‚
896 2207 927 2266 et
943 2220 1001 2285 per
1031 2201 1136 2284 ipsum
1170 2199 1261 2266 bircb

130 2311 220 2378 uadit
253 2329 359 2394 usque
375 2316 479 2375 metas
499 2315 585 2374 terre
601 2307 729 2390 Golgoa
746 2308 789 2374 ad
806 2327 958 2390 magnam
974 2307 1069 2382 viam,
1088 2325 1259 2391 perquam
1282 2355 1285 2362 .

128 2419 193 2485 itur
208 2415 257 2484 ad
273 2417 484 2500 Posagawar,
500 2414 555 2481 vbi
571 2413 686 2500 incipit
702 2430 787 2480 mera
808 2421 891 2478 terre
917 2411 1042 2496 Golgos
1074 2413 1108 2478 in
1138 2433 1260 2499 magna

129 2525 193 2610 ria,
226 2530 262 2591 ct
278 2523 397 2590 transit
426 2521 529 2606 ipsam
562 2521 660 2606 vlam,
694 2520 907 2607 potueritque
923 2519 966 2586 ad
982 2520 1129 2588 arborem
1148 2523 1264 2589 harant

124 2653 225 2700 eruce
242 2632 427 2714 signatam:
451 2635 483 2695 et
498 2648 556 2714 per
572 2627 709 2694 eandem
725 2626 810 2694 viam
843 2625 1016 2694 reflectitur
1031 2627 1074 2693 ad
1106 2630 1261 2696 orientem

130 2760 188 2826 per
213 2741 334 2806 bonum
365 2735 522 2822 spacium,
539 2741 571 2801 et
587 2735 735 2820 peruenit
758 2733 802 2801 ad
818 2739 937 2800 metam
953 2737 1092 2802 terream
1106 2754 1115 2817 ;
1138 2734 1178 2801 de
1194 2757 1260 2819 qua

131 2847 308 2914 reflectitur
339 2863 451 2912 uersus
481 2844 754 2930 septemtrionem,
788 2849 821 2908 et
851 2840 997 2927 peruenit
1037 2840 1081 2907 ad
1112 2844 1262 2910 arborem

131 2951 323 3036 borkolcha,
338 2949 397 3018 sub
419 2970 485 3034 qua
500 2957 549 3018 est
564 2957 652 3016 meta
662 2955 768 3016 terrea
782 2974 789 3034 ;
813 2947 888 3016 inde
904 2947 1073 3016 deseendit
1089 2969 1147 3035 per
1162 2969 1264 3034 quan·

123 3061 208 3130 dam
224 3078 380 3129 saxosam
397 3059 527 3142 vallem,
544 3067 577 3124 et
592 3055 682 3124 eadit
699 3055 761 3144 (iu)
777 3057 895 3124 flumen
912 3056 1041 3140 Golgoa
1060 3055 1094 3124 in
1110 3057 1183 3124 loeo
1208 3057 1263 3124 vbi

131 3171 257 3236 riunlus
288 3165 490 3252 Bulsoaryka
521 3163 658 3232 eaditin
690 3157 800 3249 ipsam
822 3163 968 3247 Golgoa3
994 3169 1027 3229 et
1051 3183 1110 3248 per
1126 3165 1262 3232 eandem

123 3259 236 3354 tendit
254 3293 366 3342 versus
383 3275 540 3341 orientem
558 3291 616 3358 per
633 3271 793 3340 modicum
825 3272 983 3358 spacium,
1015 3272 1191 3356 exiensque
1220 3272 1263 3341 de

132 3383 205 3468 ipso
238 3375 338 3462 fluuio
370 3401 430 3465 por
460 3380 580 3448 vallem
611 3377 759 3447 aseendit
791 3380 825 3444 in
841 3387 989 3462 montem,
1023 3387 1056 3444 et
1075 3399 1132 3465 per
1155 3379 1264 3463 ipsum

122 3499 274 3558 montem
291 3507 402 3556 versus
420 3487 573 3555 orientem
591 3487 697 3554 eundo
714 3489 860 3573 peruenit
891 3487 935 3554 ad
966 3493 1065 3573 caput
1095 3483 1263 3554 cuiusdam

129 3597 239 3682 putei;
265 3593 341 3660 inde
374 3592 478 3662 tendit
510 3613 623 3662 versus
655 3595 834 3679 meridiem,
867 3602 900 3661 et
916 3594 1065 3680 peruenit
1080 3593 1123 3661 ad
1142 3602 1261 3662 metam

128 3712 291 3785 terream;
315 3698 390 3768 inde
406 3701 449 3768 ad
465 3701 614 3769 arborem
632 3701 714 3785 ihor,
731 3721 793 3785 que
810 3711 860 3769 est
892 3702 926 3768 in
957 3701 1063 3788 capite
1094 3701 1262 3770 cuiusdam

126 3808 249 3891 riuuli3
271 3807 347 3874 inde
357 3808 401 3875 ad
414 3815 533 3874 metam
549 3815 699 3894 terream,
716 3816 750 3874 et
765 3809 814 3874 sic
828 3807 932 3876 eundo
948 3827 1005 3893 per
1021 3817 1123 3878 metas
1140 3817 1264 3878 terreas

129 3917 280 4002 peruenit
297 3915 340 3982 ad
356 3935 509 4000 magnam
528 3915 625 4000 viam,
648 3936 713 3999 qua
744 3917 808 3983 itur
823 3917 856 3982 in
887 3917 1045 4003 Berenno,
1076 3926 1109 3985 et
1139 3918 1183 3984 ibi
1213 3924 1265 3986 est

127 4030 217 4091 meta
249 4031 364 4108 terrea,
397 4023 625 4108 transiensque
657 4023 762 4108 ipsam
795 4023 881 4091 riam
898 4027 1045 4111 peruenit
1062 4025 1105 4092 ad
1120 4025 1264 4112 lapidem

123 4132 185 4215 qui
202 4135 253 4198 est
269 4151 327 4217 pro
347 4136 444 4214 meto,
479 4129 535 4198 ubi
566 4137 780 4198 commetatur
810 4139 896 4198 terre
926 4131 1060 4201 filiorum
1093 4130 1264 4200 Benedicti

127 4237 242 4323 Poryk
272 4243 406 4320 voeate;
429 4236 508 4305 inde
546 4237 661 4306 transit
691 4238 808 4306 flumen
840 4238 981 4324 Golgoa,
1013 4249 1045 4307 et
1076 4239 1180 4307 tendit
1203 4257 1263 4328 per

121 4363 263 4430 campos
278 4343 314 4412 in
330 4347 413 4414 bono
430 4345 552 4432 spacio,
570 4351 602 4412 et
621 4346 769 4432 peruenit
789 4345 833 4412 ad
866 4354 1008 4416 montem
1039 4345 1260 4430 Motboeheob,

122 4459 161 4520 »et
176 4453 222 4520 ibi
238 4460 287 4521 est
302 4451 399 4520 arbor
430 4451 494 4538 piri
511 4473 568 4540 pro
582 4459 690 4538 meta,
717 4462 748 4521 et
765 4472 823 4540 per
839 4453 976 4524 eundem
992 4463 1132 4524 montem
1148 4475 1262 4525 ascen·

122 4557 236 4662 dendo
251 4557 368 4628 transit
384 4560 417 4628 in
433 4561 573 4628 riuulnm
590 4559 800 4631 Mothoobeeb
826 4583 941 4632 versus
973 4564 1158 4647 meridiem
1182 4563 1261 4637 iude
