3068 5150
870 897 947 968 326.

340 1094 370 1160 Α
386 1095 541 1161 oeienezea'
563 1093 783 1181 kormdnpnak
797 1097 954 1162 condolete
971 1097 1038 1164 tubo
1052 1101 1357 1188 najokapiutaytoz,
1371 1105 1439 1190 ioqy

623 1200 766 1269 Admisso
774 1203 847 1289 fote
859 1205 1067 1292 indcljacak.
1090 1209 1192 1274 1283.

448 1399 539 1479 Quod
551 1399 704 1484 mittatur,
716 1400 924 1487 precipiendo
934 1403 994 1470 sub
1010 1403 1121 1472 debito
1137 1407 1331 1474 sacramenti
1346 1406 1442 1474 domiti

338 1509 424 1594 ligni
449 1508 624 1590 Quarnsrii
641 1515 674 1576 et
693 1507 819 1576 Oomito
850 1510 930 1594 ligni
963 1512 1093 1600 Umagi,
1124 1515 1210 1599 quod
1242 1514 1443 1598 incontinenti,

341 1618 483 1702 receptis
498 1618 713 1704 presentibus,
724 1616 864 1685 debeant
875 1618 922 1688 ire
932 1621 975 1686 ad
985 1623 1237 1691 succurendum
1254 1623 1443 1711 capitaneum

340 1734 424 1792 terre
441 1733 551 1792 nostre
567 1725 705 1812 dimisii,
724 1733 756 1793 et
771 1723 941 1796 intendere
956 1729 1000 1795 ad
1016 1729 1157 1798 nobilem
1183 1731 1344 1802 Andrean
1372 1733 1444 1797 Dau-

339 1833 417 1901 ritulo
448 1833 659 1920 Oapitaneum
692 1833 751 1918 ibi,
782 1835 861 1902 etei
892 1835 1033 1905 obedire.
1064 1838 1145 1906 Item
1174 1839 1340 1906 mittantur
1357 1839 1446 1904 littere

340 1941 490 2008 omnibus
507 1941 626 2008 nostris
643 1941 870 2030 Comitatibus,
903 1945 959 2029 qui
991 1943 1134 2013 debeant
1164 1945 1195 2011 ei
1227 1944 1307 2014 dare
1337 1963 1446 2013 omnem

340 2048 430 2116 illum
463 2067 660 2130 succursum,
694 2067 790 2132 quem
809 2048 888 2116 darc
905 2049 1067 2122 valebunt.
1094 2053 1175 2120 Item
1191 2053 1347 2121 scribatur
1366 2049 1447 2136 (iapi-

350 2163 449 2224 tanoo
463 2153 662 2242 Gallearum,
674 2157 842 2224 occasione
858 2177 1023 2245 novorum,
1034 2179 1097 2242 que
1108 2159 1264 2228 habemus
1276 2157 1449 2242 denlmisio,

339 2263 393 2348 qui
409 2261 508 2328 iaciat
524 2262 609 2328 viam
625 2262 765 2347 Almisii,
781 2263 808 2328 si
826 2273 932 2350 potest
951 2265 1031 2333 dare
1047 2267 1077 2333 oi
1094 2264 1230 2352 aliquod
1246 2265 1440 2348 adiutorium,

339 2393 402 2438 non
418 2369 651 2456 preiudicando
668 2370 849 2459 Caravane,
866 2371 984 2442 debeat
999 2373 1089 2461 darc,
1104 2379 1136 2442 et
1153 2372 1259 2443 facere
1276 2374 1354 2442 iliud
1364 2373 1440 2457 boni,

339 2478 424 2565 quod
440 2477 510 2566 ipse
526 2479 657 2548 valebit.

429 2677 563 2746 (Ljubics,
582 2679 705 2734 Monuni.
726 2685 811 2747 spect.
830 2681 897 2732 hist
917 2681 993 2734 Slar.
1012 2681 1111 2735 Murid.
1130 2681 1154 2734 1.
1174 2682 1234 2738 not
1256 2687 1316 2736 135.
1334 2682 1363 2747 l.)

764 2969 1031 2982 Ἥ

862 3509 938 3580 327.

335 3710 530 3778 Aoelancaei
545 3709 705 3796 kormdny
720 3734 759 3778 aa
785 3710 1084 3786 almisaaiakelleci
1113 3709 1235 3776 tuomet
1266 3707 1457 3777 tekicietdddt

424 3821 561 3888 Lenaiou
576 3825 608 3888 6⁸
624 3821 754 3888 Braazu
771 3821 934 3908 oziqetdcrc
949 3819 1044 3886 atace
1059 3817 1251 3888 inscendit.
1277 3817 1377 3886 1283.

441 4019 520 4086 (ium
548 4017 693 4086 homines
707 4017 809 4084 Farre
825 4023 858 4084 et
874 4017 996 4084 Bracae
1011 4015 1078 4084 sint
1093 4017 1268 4102 plurimum
1284 4015 1454 4100 aggravati

333 4127 502 4195 occasione
518 4145 631 4212 guerre
646 4127 895 4210 Almisanorom,
913 4126 960 4192 ita
977 4124 1063 4210 quod
1080 4124 1122 4192 ad
1154 4126 1288 4192 multam
1325 4140 1457 4211 pauper·

333 4243 434 4304 tatem
449 4240 523 4302 sunt
550 4233 686 4316 reducti,
706 4239 803 4318 capta
819 4231 880 4298 fuit
896 4249 973 4316 pars
989 4257 998 4298 z
1015 4231 1102 4316 quod
1118 4230 1161 4298 ad
1177 4230 1249 4320 hoo,
1266 4237 1302 4297 ut
1317 4231 1382 4318 ipsi
1398 4249 1459 4297 nou

334 4349 553 4428 aggraventur
567 4341 679 4410 nimiis
695 4339 966 4408 intollerabilibus
999 4340 1162 4426 expensis,
1189 4340 1385 4427 Potestates,
1411 4337 1461 4422 qui
1516 4415 1517 4428 χ

333 4451 374 4519 de
391 4455 496 4518 cetero
528 4450 619 4518 ibunt
643 4449 686 4518 ad
702 4448 827 4518 dictam
856 4448 990 4516 Famam
1009 4457 1041 4516 et
1057 4449 1224 4534 Brennum,
1240 4465 1306 4515 non
1323 4447 1460 4516 debeant
1516 4441 1517 4464 ³

333 4556 451 4626 habere
464 4557 685 4645 consiliarios,
701 4555 760 4626 sed
776 4557 859 4626 sicut
875 4555 1039 4628 debebant
1054 4555 1176 4625 habere
1202 4575 1302 4625 unum
1333 4556 1451 4624 notium
