3148 5164
273 1155 325 1219 Aa
343 1159 412 1243 apri
427 1155 655 1240 kdptalauaal
684 1153 963 1240 biacayaciplcuela
996 1157 1081 1239 hopy
1108 1153 1228 1221 Mtttda
1244 1153 1414 1222 &taranah
1550 1215 1551 1220 ,

267 1265 322 1346 fla
340 1271 371 1326 dc
390 1264 605 1341 trdettcrcci,
622 1287 637 1328 a
654 1261 801 1326 Iwacbia
821 1263 852 1324 ds
869 1260 1076 1326 drdektcirsai
1098 1260 1267 1328 lbrdczttt
1290 1265 1413 1330 Turdus

410 1373 441 1434 c'a
458 1367 592 1434 Chalae
610 1367 905 1433 dudltbirtolialtban
922 1367 1152 1432 osatoakodtak.
1179 1371 1278 1435 1297.

384 1561 542 1630 Omnibus
560 1563 681 1630 Christi
695 1561 846 1629 fidelihus
867 1569 932 1628 tam
948 1561 1157 1647 presentibus
1174 1581 1272 1645 quam
1289 1563 1406 1633 suturis

277 1689 413 1755 presens
429 1672 584 1756 scriptum
616 1669 808 1754 inspecturis
842 1665 1030 1754 Capitulum
1060 1669 1208 1742 Ecclesie
1239 1669 1409 1754 Agriensis

277 1779 417 1844 salutem
450 1778 483 1843 in
515 1779 657 1846 omnium
691 1777 864 1844 saluatote.
899 1773 951 1842 Ad
989 1777 1212 1845 uniuersorum
1251 1776 1409 1846 noticiam

279 1891 392 1952 tencre
422 1885 624 1970 presencium
650 1885 797 1952 uolumus
813 1885 996 1970 peruenire,
1028 1882 1114 1968 qnod
1141 1883 1310 1970 Nyeclaus
1326 1886 1410 1954 filius

279 1991 389 2078 Starlr,
422 1991 499 2058 item
530 1992 641 2058 Budur
672 1998 704 2059 et
733 1993 850 2060 Petrus
883 1991 941 2077 tilij
968 1991 1060 2058 Sanls
1075 1990 1192 2059 fratres
1208 1991 1356 2059 eiusdem
1372 1994 1411 2060 de

280 2098 372 2164 inxta
403 2098 533 2166 Turuch
565 2119 605 2165 ex
646 2119 712 2166 una
742 2107 866 2185 parte;
901 2099 943 2166 ab
975 2098 1080 2166 altera
1119 2119 1196 2166 vero
1226 2099 1410 2166 lwachinns

278 2223 383 2289 nyger
416 2210 449 2268 et
464 2205 573 2273 Pcucb
606 2206 663 2292 filij
681 2207 802 2291 bigidij‚
818 2207 896 2274 itam
913 2205 1045 2294 Paulus,
1061 2207 1230 2276 lohannes
1247 2213 1279 2274 et
1294 2207 1411 2276 Petrus

276 2309 335 2392 filij
352 2309 485 2396 Thone,
505 2314 737 2396 consanguinei
764 2314 938 2382 eorundem
955 2313 1098 2400 Nyeclai
1114 2320 1146 2380 et
1160 2315 1298 2382 tiliorum
1314 2314 1407 2382 Sanlr

277 2413 320 2484 de
336 2417 451 2484 eadem
469 2419 559 2486 iuxta
574 2421 714 2508 Turueh,
734 2441 842 2490 coram
867 2422 962 2490 nobis
994 2421 1210 2508 personaliter
1241 2423 1405 2490 constituti

279 2522 463 2610 retulerunt,
497 2526 582 2611 qnod
613 2529 648 2594 in
679 2529 805 2598 duabus
836 2528 1099 2612 possessionibus
1123 2529 1265 2614 ipsorum
1284 2527 1410 2596 heredi-

278 2629 373 2715 tarijs
388 2631 517 2700 Turuch
536 2641 568 2702 et
584 2633 721 2702 Ohakan
747 2636 873 2704 vocatis
906 2635 1001 2702 iuxta
1030 2635 1162 2704 'l'uruch
1195 2633 1409 2703 existentibus

277 2742 351 2827 pari
383 2758 543 2808 censensu
574 2743 673 2810 talem
705 2741 789 2809 inter
803 2761 839 2808 se
856 2741 1011 2810 iecissent
1035 2741 1239 2825 diuisionem,
1254 2741 1343 2825 qnod
1359 2743 1405 2827 ip·

277 2865 347 2913 sam
364 2849 606 2932 possessionem
622 2849 760 2916 (thahan
775 2869 847 2917 cum
867 2850 1028 2917 uniuersis
1044 2848 1241 2917 utilitatibus
1273 2851 1344 2916 suis
1374 2849 1407 2914 in

277 2953 360 3020 duas
395 2961 503 3039 partas
535 2957 668 3039 equales
700 2955 899 3036 diuisissent,
932 2977 973 3023 ex
988 2957 1106 3041 quibus
1131 2976 1195 3023 vna
1211 2975 1287 3040 pars
1303 2955 1409 3022 eidem

276 3061 425 3148 Nyculac
442 3066 474 3129 et
506 3063 581 3148 hlijs
612 3063 702 3130 Sanh
734 3063 943 3150 supradictis,
978 3085 1017 3132 ae
1048 3065 1223 3132 heredibus
1253 3062 1407 3150 ipserum,

277 3169 403 3253 reliqua
435 3169 502 3236 alia
533 3189 609 3256 pars
624 3169 788 3238 Inachiac
806 3177 838 3237 et
854 3172 932 3256 alijs
949 3170 1133 3258 antedictis,
1163 3189 1302 3238 necnon
1319 3169 1410 3238 bere

276 3275 373 3342 dibus
390 3273 566 3343 eorundem
582 3278 755 3344 cessissent
771 3283 927 3362 perpetue
956 3275 1158 3364 possidende
1190 3285 1221 3343 et
1252 3276 1410 3343 habende.

277 3380 359 3448 Item
401 3385 561 3468 prefatam
603 3384 840 3470 possessionem
882 3383 1013 3452 'lurneb
1053 3384 1205 3453 similiter
1235 3403 1306 3450 cnm
1340 3386 1409 3452 suis

275 3489 472 3558 utilitatibus
488 3490 638 3558 omnibus
655 3492 688 3556 in
705 3499 769 3558 tres
783 3499 892 3575 partes
913 3493 1058 3576 equales,
1068 3491 1162 3558 metis
1192 3491 1412 3576 infrascriptis

274 3595 482 3682 distingendo
514 3599 556 3664 ab
571 3599 723 3683 inuicem,
755 3597 957 3684 diuisissent,
977 3599 1151 3683 exquibus
1169 3618 1326 3684 unapars
1343 3602 1408 3666 sita

275 3704 310 3770 in
326 3705 433 3771 medio
465 3705 625 3773 dictarum
657 3705 793 3772 duarum
825 3708 973 3791 parcium
1005 3727 1077 3772 cum
1109 3705 1306 3774 utilitatibus
1337 3707 1407 3772 suis

275 3811 441 3879 lwachinc
475 3820 507 3880 et
523 3815 598 3880 aliis
630 3813 784 3898 predictis
816 3834 855 3881 ac
885 3812 1061 3881 heredibus
1089 3813 1233 3899 ipsorum
1249 3820 1404 3899 perpetuo

273 3919 426 3987 cessisset
457 3919 657 4004 possidenda
687 3927 720 3988 et
749 3921 911 4008 habenda,
944 3921 1069 4006 relique
1086 3927 1195 3988 autern
1214 3921 1277 3987 due
1293 3926 1405 4005 partes

271 4027 316 4093 ab
332 4035 471 4112 utraque
486 4035 579 4113 parte
595 4025 736 4095 eiusdem
759 4028 853 4096 vnius
886 4028 991 4115 partis
1023 4027 1202 4096 existentes
1228 4048 1302 4094 cunr
1333 4027 1406 4093 atti-

271 4135 397 4220 nencijs
429 4134 498 4202 suis
528 4135 688 4202 uniuersis
721 4135 817 4202 dictis
848 4134 999 4222 Nycolao
1025 4144 1057 4202 et
1073 4135 1151 4219 lilijs
1167 4134 1259 4200 Sanlr
1275 4153 1314 4200 aa
1330 4151 1401 4200 suc-

269 4242 455 4310 cessoribus
472 4240 644 4309 eorundem
660 4242 810 4310 similiter
823 4251 982 4328 perpetue
1004 4241 1200 4328 possidenda
1232 4243 1403 4308 remansis·

269 4357 354 4417 sent.
386 4349 490 4418 hletae
521 4356 627 4416 autem
641 4349 802 4417 'eiusdem
832 4357 915 4416 terre
940 4349 1082 4436 Turucb‚
1098 4350 1216 4434 quibus
1232 4349 1320 4415 dicte
1336 4356 1404 4413 tres

271 4457 431 4542 particule
448 4465 532 4524 terre
549 4461 592 4525 ab
607 4455 746 4524 inuicem
763 4465 967 4544 separantur,
993 4464 1103 4542 partes
1133 4457 1242 4522 taliter
1272 4473 1402 4542 expres-

268 4569 382 4632 serunt
413 4583 524 4632 coram
557 4563 649 4634 nobis
666 4591 674 4632 :
692 4561 777 4647 quod
810 4564 914 4649 prima
946 4569 1034 4630 meta
1059 4563 1172 4648 incipit
1189 4582 1288 4650 snper
1303 4561 1400 4632 duuic
