3124 5152
846 281 1007 386 Q

366 476 470 564 caligo
498 479 686 546 suceeesiua
710 475 919 548 Excellenoic
949 475 1083 564 Regalis
1115 477 1310 546 donaciones
1342 479 1496 548 offuscare

369 586 483 654 nubilo
500 584 689 653 inmemorie
704 585 825 674 uoleat,
856 586 956 671 digne
972 607 1013 654 ea
1027 584 1256 672 inscribuntur,
1272 605 1335 670 que
1351 585 1393 654 de
1409 589 1495 672 Regi·

370 697 432 764 bns
450 694 667 763 conferuntur.
701 693 841 762 Proinde
871 693 915 764 ad
946 695 1169 763 uniuersorum
1200 695 1356 764 noticiam
1388 703 1496 764 tenore

370 801 575 889 presencium
592 801 740 869 volumus
755 803 937 888 peruenire,
969 800 1056 888 quod
1071 803 1186 872 Petrus
1202 803 1313 870 Banne
1328 801 1416 872 tilius
1442 803 1496 872 co·

371 910 459 978 mitis
475 907 646 978 Benedicti
662 906 801 978 dilectus
818 917 851 978 et
882 909 987 978 fidelis
1018 919 1129 979 noster
1159 912 1203 978 ad
1234 917 1379 980 nostram
1410 931 1497 982 acee-

366 1017 476 1086 dendo
493 1015 695 1103 presenciam
712 1017 805 1087 nobis
823 1018 1007 1104 significare
1023 1020 1156 1104 curauit,
1175 1017 1263 1104 quod
1276 1019 1418 1103 quedam
1430 1039 1496 1108 pos·

363 1127 466 1194 sossio
481 1125 595 1214 anag
610 1131 742 1214 uocata,
776 1146 840 1211 que
855 1127 943 1215 olym
959 1127 1204 1214 progenitorum
1230 1147 1363 1196 suorum
1387 1127 1497 1216 fuerat,

365 1238 408 1303 ab
423 1235 504 1322 ipsis
520 1255 585 1302 non
603 1233 814 1318 exigentibus
831 1237 935 1322 culpis
966 1236 1046 1324 suis,
1078 1234 1136 1304 sed
1167 1235 1393 1322 potencialiter
1423 1237 1497 1306 alie·
1549 1235 1550 1312 ]

364 1349 452 1428 nata,
470 1350 502 1410 et
513 1338 741 1429 jurisdiooioni
759 1339 894 1412 Comitis
911 1343 951 1410 dc
967 1345 1099 1414 Bataua
1114 1343 1226 1412 dedita
1240 1344 1359 1413 fnisset
1373 1350 1407 1412 et
1422 1347 1493 1413 snb

370 1453 473 1538 iecta3
495 1456 609 1538 petens
625 1471 647 1518 a
661 1449 755 1518 nobie
771 1470 843 1519 oum
860 1450 1036 1536 instancia,
1070 1457 1105 1518 ut
1120 1451 1225 1538 ipsam
1257 1452 1493 1538 possessionem

366 1560 481 1646 Ouyag
497 1577 539 1626 ex
554 1557 782 1628 munificencia
795 1559 901 1646 Regia
917 1559 981 1628 sibi
998 1557 1136 1626 reddere
1151 1566 1184 1628 et
1199 1561 1368 1628 restituere
1382 1559 1494 1646 diguu-

366 1687 484 1736 remur.
509 1667 577 1736 Nos
594 1667 705 1753 itaque
720 1668 813 1738 cuius
831 1703 1173 1721 ------
1188 1667 1364 1753 uuicuique
1378 1669 1414 1736 in
1439 1690 1497 1738 suo
1549 1683 1550 1740 l

369 1775 439 1844 iure
455 1797 520 1844 uon
537 1775 665 1862 deesse,
691 1783 723 1845 et
738 1777 924 1863 specialiter
940 1777 1013 1866 hys,
1044 1797 1179 1862 quorum
1197 1782 1332 1863 experta
1347 1778 1493 1864 probitas

368 1885 505 1971 insignit
521 1894 554 1954 et
569 1885 713 1972 extollit,
738 1887 955 1956 consideratis
970 1885 1120 1972 sernioijs
1144 1883 1250 1970 ipsius
1283 1884 1372 1952 Petri
1405 1885 1496 1972 Bani,

371 2013 434 2080 que
449 1994 543 2064 uobis
560 1993 593 2060 in
611 1993 759 2083 diuersis,
777 2003 810 2063 ct
826 1994 976 2062 omnibns
991 1992 1253 2081 expediciouibus
1269 1993 1376 2078 Regni
1386 1993 1496 2076 nostri,
1549 2003 1550 2092 1

370 2102 524 2170 videlicet
540 2101 703 2172 intestinis
719 2109 753 2170 et
767 2102 967 2182 extrinsecis,
983 2104 1110 2170 Corone
1124 2101 1227 2188 Regis
1249 2101 1493 2170 incommutabi·

369 2208 446 2278 liter
461 2211 648 2280 adherendo
665 2210 834 2299 impendit,
851 2217 884 2278 et
898 2209 1080 2296 specialiter
1097 2209 1131 2276 in
1141 2209 1391 2295 expugnacione
1400 2209 1496 2278 castri

368 2317 570 2405 Zumbotbel,
587 2319 674 2404 qnod
689 2326 786 2406 rupta
801 2338 885 2405 pace
900 2327 1087 2404 treugarum
1104 2325 1137 2388 et
1152 2317 1285 2387 uinculo
1301 2317 1423 2386 sederis
1434 2316 1497 2384 dis·
1549 2315 1550 2408 i

368 2427 474 2494 soluto
490 2448 549 2513 per
563 2429 685 2514 Regem
701 2428 894 2496 Boemorum
926 2427 1092 2494 inimicum
1124 2435 1270 2494 nostrum
1301 2433 1495 2512 occupatum

369 2530 487 2620 luerat,
502 2533 557 2600 ubi
572 2533 687 2604 letalis
702 2533 834 2604 sustulit
851 2533 988 2602 uulnera
1004 2533 1145 2601 fideliter
1161 2533 1377 2601 exhibitorum
1391 2529 1496 2621 (igy);

368 2640 580 2708 consideratis
598 2641 702 2710 eciam
719 2641 793 2731 hijs,
810 2662 872 2727 qne
889 2643 922 2708 in
938 2639 1185 2728 compescendis
1201 2640 1330 2710 Oroatis
1347 2647 1380 2708 ct
1396 2641 1496 2707 bomi—
1549 2669 1550 2732 q

367 2748 461 2817 nibus
479 2747 739 2839 transdrauanis,
770 2749 826 2834 qui
843 2769 879 2817 se
894 2748 934 2816 de
944 2747 1181 2834 jurisdiocicne
1197 2755 1309 2817 nostra
1339 2749 1496 2817 uolebant

367 2857 524 2944 alienare,
550 2857 640 2946 ipsos
656 2859 806 2943 potencie
823 2863 933 2926 nostre
948 2856 1134 2925 reducendo
1149 2861 1182 2924 et
1195 2855 1415 2942 restituendo,
1445 2876 1497 2923 ex·

366 2965 469 3034 creuit
485 2969 518 3032 et
533 2964 702 3052 impendit.
718 2967 799 3034 Tam
815 2965 914 3051 igitur
930 2964 972 3032 ob
987 2964 1325 3052 recompensacionem
1343 2964 1495 3034 seruicia

365 3094 435 3140 rrum
452 3071 554 3160 ipsius
569 3073 658 3142 Petri
674 3073 757 3140 Bani
774 3072 1025 3160 prescriptorum
1041 3079 1075 3141 et
1091 3071 1233 3141 aliorum
1263 3093 1361 3158 quam
1393 3071 1493 3158 pluri·

364 3201 501 3264 morum,
518 3201 581 3267 que
596 3188 727 3271 propter
742 3184 794 3249 eni
811 3180 1047 3248 multitudinem
1066 3181 1200 3267 longum
1215 3187 1304 3249 esset
1318 3199 1495 3266 enumere3

363 3297 395 3358 ct
410 3289 457 3356 cci
467 3307 520 3354 am
535 3291 668 3358 racione
693 3289 762 3378 illa,
793 3309 834 3357 ue
850 3289 885 3356 in
900 3287 1163 3377 possessionibus
1179 3287 1256 3356 olim
1272 3305 1331 3377 per
1347 3289 1498 3377 progeni·
1549 3283 1550 3360 l

362 3407 448 3468 tores
468 3418 545 3469 suos
560 3399 729 3488 possessis,
747 3405 779 3467 et
794 3399 1002 3487 postmodum
1018 3399 1138 3468 Oomiti
1154 3399 1257 3467 Paulo
1274 3400 1359 3467 boue
1373 3419 1495 3468 memo·

362 3509 411 3576 rie
428 3508 520 3576 fratri
534 3527 594 3577 suo
610 3529 668 3594 per
683 3527 743 3576 uos
758 3507 901 3596 traditis,
918 3513 1110 3574 extraneum
1127 3506 1237 3576 doleat
1250 3525 1495 3594 possessorem:
1549 3511 1550 3594 l

360 3615 482 3685 dictam
499 3616 742 3703 possessionem
759 3615 872 3704 Onyag
888 3615 951 3702 ipsi
964 3615 1060 3683 Petro
1072 3614 1164 3682 Bano
1174 3612 1386 3702 reddidimus,
1403 3615 1500 3684 resti·

367 3725 496 3810 mimus,
512 3725 669 3811 dedimus,
684 3723 889 3812 donauimus,
917 3730 950 3791 et
965 3723 1169 3811 contulimus,
1201 3723 1272 3791 iure
1287 3728 1444 3812 perpetuo
1462 3732 1498 3792 et
1549 3721 1550 3816 l

365 3833 628 3903 inreuooabilitcr
642 3832 882 3920 possidendam,
899 3833 1040 3901 cassatis
1056 3832 1205 3901 omnibus
1219 3832 1337 3901 litteris
1354 3833 1499 3919 etpriui·

361 3943 459 4030 legijs
474 3943 626 4028 cuiquam
641 3961 740 4028 super
755 3942 936 4011 collacione
951 3940 1039 4010 dicte
1056 3940 1274 4028 possessionis
1291 3933 1407 4026 Onyag'
1419 3961 1498 4027 pre·
1549 3937 1550 4022 l

360 4059 409 4124 ter
424 4052 532 4140 ipsum
548 4051 677 4118 Petrum
694 4053 818 4118 Banum
836 4049 923 4118 datis
939 4057 972 4118 et
988 4049 1172 4134 concessis;
1197 4053 1231 4116 et
1245 4049 1440 4135 nbiounque,
1460 4057 1498 4116 ct
1549 4031 1550 4110 l

361 4183 421 4249 per
436 4181 660 4249 quemcunque
676 4161 820 4229 exhibite
835 4160 964 4246 fuerint,
991 4159 1117 4229 uiribus
1148 4163 1282 4227 careant
1313 4166 1347 4227 et
1377 4161 1501 4226 inanes

360 4272 553 4340 habeantur.
578 4271 617 4337 In
633 4269 726 4338 cuius
741 4270 789 4337 rei
805 4267 993 4339 memoriam
1023 4271 1277 4355 perpetuamque
1308 4265 1500 4334 firmitatem
1549 4279 1550 4372 p

363 4387 533 4467 presentes
563 4377 782 4446 concessimus
806 4376 933 4445 litteras
964 4374 1127 4463 dupplicis
1151 4373 1254 4459 sigilli
1273 4374 1375 4442 nosui
1390 4375 1502 4442 muni·

362 4487 450 4554 mine
464 4488 641 4557 roboratas.
659 4486 780 4552 Datum
796 4504 853 4570 per
868 4503 983 4553 manus
999 4483 1132 4553 discreti
1148 4481 1211 4550 uiri
1227 4480 1378 4568 Magistri
1388 4481 1501 4550 Aelio
1549 4499 1550 4504 ’

365 4595 417 4669 uie
433 4592 516 4666 Aule
530 4600 641 4666 nostre
658 4591 931 4677 vicecancellarii
947 4589 1058 4661 dilecti
1073 4595 1106 4660 et
1129 4588 1236 4660 tidelis
1268 4591 1371 4660 uostu
1401 4609 1499 4658 anno
