<?xml version="1.0" encoding="UTF-8"?>
<!DOCTYPE html PUBLIC "-//W3C//DTD XHTML 1.0 Transitional//EN"
    "http://www.w3.org/TR/xhtml1/DTD/xhtml1-transitional.dtd">
<html xmlns="http://www.w3.org/1999/xhtml" xml:lang="en" lang="en">
 <head>
  <title>
</title>
<meta http-equiv="Content-Type" content="text/html;charset=utf-8" />
  <meta name='ocr-system' content='tesseract 3.04.00' />
  <meta name='ocr-capabilities' content='ocr_page ocr_carea ocr_par ocr_line ocrx_word'/>
</head>
<body>
  <div class='ocr_page' id='page_1' title='image "./codexdiplomatic06wenzgoog_0070.png"; bbox 0 0 3168 5150; ppageno 0'>
   <div class='ocr_carea' id='block_1_1' title="bbox 144 1139 1291 1337">
    <p class='ocr_par' dir='ltr' id='par_1_1' title="bbox 144 1139 1291 1337">
     <span class='ocr_line' id='line_1_1' title="bbox 151 1139 1275 1229; baseline 0.005 -25"><span class='ocrx_word' id='word_1_1' title='bbox 151 1140 188 1208; x_wconf 87' lang='lat' dir='ltr'><strong>V.</strong></span> <span class='ocrx_word' id='word_1_2' title='bbox 213 1139 328 1204; x_wconf 81' lang='lat' dir='ltr'><strong>Ictcriu</strong></span> <span class='ocrx_word' id='word_1_3' title='bbox 343 1139 456 1227; x_wconf 74' lang='lat' dir='ltr'><strong>ktruty</strong></span> <span class='ocrx_word' id='word_1_4' title='bbox 472 1143 653 1228; x_wconf 73' lang='lat' dir='ltr'><strong>mrpcrlisitc&#39;</strong></span> <span class='ocrx_word' id='word_1_5' title='bbox 669 1141 753 1207; x_wconf 73' lang='lat' dir='ltr'><strong>Bc&#39;la</strong></span> <span class='ocrx_word' id='word_1_6' title='bbox 768 1141 955 1209; x_wconf 74' lang='lat' dir='ltr'><strong>sclavonici</strong></span> <span class='ocrx_word' id='word_1_7' title='bbox 985 1141 1168 1229; x_wconf 77' lang='lat' dir='ltr'><strong>lrcrcacpnelt</strong></span> <span class='ocrx_word' id='word_1_8' title='bbox 1198 1143 1275 1210; x_wconf 84' lang='lat' dir='ltr'><strong>Pri·</strong></span> 
     </span>
     <span class='ocr_line' id='line_1_2' title="bbox 144 1246 1291 1337; baseline -0.001 -20"><span class='ocrx_word' id='word_1_9' title='bbox 144 1246 246 1317; x_wconf 70' lang='lat' dir='ltr'><strong>bicztd</strong></span> <span class='ocrx_word' id='word_1_10' title='bbox 261 1267 359 1314; x_wconf 80' lang='lat' dir='ltr'><strong>comes</strong></span> <span class='ocrx_word' id='word_1_11' title='bbox 375 1255 504 1336; x_wconf 72' lang='lat' dir='ltr'><strong>iizvepyc</strong></span> <span class='ocrx_word' id='word_1_12' title='bbox 520 1252 551 1316; x_wconf 87' lang='lat' dir='ltr'><strong>c‘s</strong></span> <span class='ocrx_word' id='word_1_13' title='bbox 565 1273 587 1314; x_wconf 80' lang='lat' dir='ltr'><strong><em>a</em></strong></span> <span class='ocrx_word' id='word_1_14' title='bbox 603 1250 742 1337; x_wconf 73' lang='lat' dir='ltr'><strong>aciprcibc&#39;</strong></span> <span class='ocrx_word' id='word_1_15' title='bbox 757 1249 918 1336; x_wconf 79' lang='lat' dir='ltr'><strong>lcciptaluu</strong></span> <span class='ocrx_word' id='word_1_16' title='bbox 934 1249 1021 1316; x_wconf 80' lang='lat' dir='ltr'><strong>kdztc&#39;</strong></span> <span class='ocrx_word' id='word_1_17' title='bbox 1032 1250 1159 1316; x_wconf 69' lang='lat' dir='ltr'><strong>tutarer.</strong></span> <span class='ocrx_word' id='word_1_18' title='bbox 1177 1249 1291 1318; x_wconf 79' lang='lat'><strong><em>1270..</em></strong></span> 
     </span>
    </p>
   </div>
   <div class='ocr_carea' id='block_1_2' title="bbox 131 1447 1275 1605">
    <p class='ocr_par' dir='ltr' id='par_1_2' title="bbox 131 1447 1275 1605">
     <span class='ocr_line' id='line_1_3' title="bbox 131 1447 1275 1516; baseline 0.002 -16"><span class='ocrx_word' id='word_1_19' title='bbox 131 1449 312 1516; x_wconf 72' lang='lat' dir='ltr'><strong>(Tiralceics,</strong></span> <span class='ocrx_word' id='word_1_20' title='bbox 329 1451 452 1502; x_wconf 73' lang='lat' dir='ltr'><strong>Menum.</strong></span> <span class='ocrx_word' id='word_1_21' title='bbox 472 1449 539 1500; x_wconf 83' lang='lat' dir='ltr'><strong>hist.</strong></span> <span class='ocrx_word' id='word_1_22' title='bbox 558 1447 651 1512; x_wconf 78' lang='lat' dir='ltr'><strong>Episc.</strong></span> <span class='ocrx_word' id='word_1_23' title='bbox 669 1447 751 1514; x_wconf 83' lang='lat' dir='ltr'><strong>Zagr.</strong></span> <span class='ocrx_word' id='word_1_24' title='bbox 771 1449 792 1498; x_wconf 91' lang='grc' dir='ltr'><strong>Ι.</strong></span> <span class='ocrx_word' id='word_1_25' title='bbox 812 1448 872 1498; x_wconf 83' lang='lat' dir='ltr'><strong>lrdt.</strong></span> <span class='ocrx_word' id='word_1_26' title='bbox 894 1451 953 1500; x_wconf 87' lang='grc'><strong>153.</strong></span> <span class='ocrx_word' id='word_1_27' title='bbox 973 1447 991 1500; x_wconf 87' lang='lat' dir='ltr'><strong>l.</strong></span> <span class='ocrx_word' id='word_1_28' title='bbox 1015 1449 1049 1500; x_wconf 87' lang='lat' dir='ltr'><strong>V.</strong></span> <span class='ocrx_word' id='word_1_29' title='bbox 1069 1450 1094 1500; x_wconf 87' lang='grc' dir='ltr'><strong>ὃ.</strong></span> <span class='ocrx_word' id='word_1_30' title='bbox 1115 1447 1275 1516; x_wconf 77' lang='lat' dir='ltr'><strong>Gydp&#39;tcme·</strong></span> 
     </span>
     <span class='ocr_line' id='line_1_4' title="bbox 505 1537 925 1605; baseline -0.002 -16"><span class='ocrx_word' id='word_1_31' title='bbox 505 1539 604 1605; x_wconf 80' lang='lat' dir='ltr'><strong>nyunn</strong></span> <span class='ocrx_word' id='word_1_32' title='bbox 622 1539 672 1589; x_wconf 80' lang='lat' dir='ltr'><strong>xl.</strong></span> <span class='ocrx_word' id='word_1_33' title='bbox 691 1537 802 1590; x_wconf 78' lang='lat' dir='ltr'><strong>ueteres</strong></span> <span class='ocrx_word' id='word_1_34' title='bbox 823 1539 925 1602; x_wconf 82' lang='lat' dir='ltr'><strong>rear.)</strong></span> 
     </span>
    </p>
   </div>
   <div class='ocr_carea' id='block_1_3' title="bbox 577 1829 845 1846">
    <p class='ocr_par' dir='ltr' id='par_1_3' title="bbox 577 1829 845 1846">
     <span class='ocr_line' id='line_1_5' title="bbox 577 1829 845 1846; baseline -0.007 0"><span class='ocrx_word' id='word_1_35' title='bbox 577 1829 845 1846; x_wconf 50' lang='lat' dir='ltr'><strong>m--w</strong></span> 
     </span>
    </p>
   </div>
   <div class='ocr_carea' id='block_1_4' title="bbox 687 2369 737 2440">
    <p class='ocr_par' dir='ltr' id='par_1_4' title="bbox 687 2369 737 2440">
     <span class='ocr_line' id='line_1_6' title="bbox 687 2369 737 2440; baseline 0 0"><span class='ocrx_word' id='word_1_36' title='bbox 687 2369 737 2440; x_wconf 80' lang='lat'><strong>15.</strong></span> 
     </span>
    </p>
   </div>
   <div class='ocr_carea' id='block_1_5' title="bbox 155 2569 1277 2766">
    <p class='ocr_par' dir='ltr' id='par_1_5' title="bbox 155 2569 1277 2766">
     <span class='ocr_line' id='line_1_7' title="bbox 155 2569 1277 2662; baseline 0 -23"><span class='ocrx_word' id='word_1_37' title='bbox 155 2571 192 2639; x_wconf 91' lang='lat' dir='ltr'><strong>V.</strong></span> <span class='ocrx_word' id='word_1_38' title='bbox 215 2575 328 2640; x_wconf 79' lang='lat' dir='ltr'><strong>lrtcdu</strong></span> <span class='ocrx_word' id='word_1_39' title='bbox 352 2569 461 2658; x_wconf 74' lang='lat' dir='ltr'><strong>kiruiy</strong></span> <span class='ocrx_word' id='word_1_40' title='bbox 490 2573 672 2658; x_wconf 70' lang='lat' dir='ltr'><strong>meyerdsiti</strong></span> <span class='ocrx_word' id='word_1_41' title='bbox 703 2593 724 2636; x_wconf 89' lang='grc' dir='ltr'><em>α</em></span> <span class='ocrx_word' id='word_1_42' title='bbox 756 2571 950 2659; x_wconf 73' lang='lat' dir='ltr'><strong>uydlsaiqeti</strong></span> <span class='ocrx_word' id='word_1_43' title='bbox 981 2571 1277 2662; x_wconf 78' lang='lat' dir='ltr'><strong>apdcruzcirdcicak</strong></span> 
     </span>
     <span class='ocr_line' id='line_1_8' title="bbox 429 2679 943 2766; baseline 0.002 -20"><span class='ocrx_word' id='word_1_44' title='bbox 429 2681 567 2749; x_wconf 75' lang='lat' dir='ltr'><strong>raas-kt</strong></span> <span class='ocrx_word' id='word_1_45' title='bbox 582 2679 826 2766; x_wconf 77' lang='lat' dir='ltr'><strong>clapitdlcccldt.</strong></span> <span class='ocrx_word' id='word_1_46' title='bbox 850 2681 943 2750; x_wconf 83' lang='lat'><strong><em>1270.</em></strong></span> 
     </span>
    </p>
   </div>
   <div class='ocr_carea' id='block_1_6' title="bbox 144 2873 1285 4695">
    <p class='ocr_par' dir='ltr' id='par_1_6' title="bbox 146 2873 1282 4473">
     <span class='ocr_line' id='line_1_9' title="bbox 257 2873 1274 2965; baseline -0.002 -20"><span class='ocrx_word' id='word_1_47' title='bbox 257 2876 441 2965; x_wconf 77' lang='lat' dir='ltr'>Stephanus</span> <span class='ocrx_word' id='word_1_48' title='bbox 466 2875 531 2944; x_wconf 90' lang='lat' dir='ltr'><strong>Dei</strong></span> <span class='ocrx_word' id='word_1_49' title='bbox 562 2873 675 2962; x_wconf 80' lang='lat' dir='ltr'><strong>gracia</strong></span> <span class='ocrx_word' id='word_1_50' title='bbox 706 2875 885 2965; x_wconf 89' lang='lat' dir='ltr'><strong>Hungaric,</strong></span> <span class='ocrx_word' id='word_1_51' title='bbox 916 2876 1096 2960; x_wconf 82' lang='lat' dir='ltr'><strong>Dalmacie,</strong></span> <span class='ocrx_word' id='word_1_52' title='bbox 1128 2877 1274 2964; x_wconf 85' lang='lat' dir='ltr'><strong>Crcacic,</strong></span> 
     </span>
     <span class='ocr_line' id='line_1_10' title="bbox 147 2980 1275 3074; baseline 0 -22"><span class='ocrx_word' id='word_1_53' title='bbox 147 2985 259 3072; x_wconf 76' lang='lat' dir='ltr'>Reme,</span> <span class='ocrx_word' id='word_1_54' title='bbox 275 2985 400 3074; x_wconf 84' lang='lat' dir='ltr'><strong>Seruis,</strong></span> <span class='ocrx_word' id='word_1_55' title='bbox 415 2985 567 3072; x_wconf 82' lang='lat' dir='ltr'><strong>Gallicis,</strong></span> <span class='ocrx_word' id='word_1_56' title='bbox 579 2980 780 3068; x_wconf 89' lang='lat' dir='ltr'><strong>Lodcmeric,</strong></span> <span class='ocrx_word' id='word_1_57' title='bbox 797 2984 956 3052; x_wconf 79' lang='lat' dir='ltr'><strong>(inmanis</strong></span> <span class='ocrx_word' id='word_1_58' title='bbox 971 2983 1190 3070; x_wconf 86' lang='lat' dir='ltr'><strong>Bulguriequc</strong></span> <span class='ocrx_word' id='word_1_59' title='bbox 1205 2985 1275 3054; x_wconf 83' lang='lat' dir='ltr'>Rex</span> 
     </span>
     <span class='ocr_line' id='line_1_11' title="bbox 149 3093 1278 3182; baseline 0.003 -23"><span class='ocrx_word' id='word_1_60' title='bbox 149 3093 298 3162; x_wconf 88' lang='lat' dir='ltr'><strong>omnibus</strong></span> <span class='ocrx_word' id='word_1_61' title='bbox 313 3099 381 3162; x_wconf 85' lang='lat' dir='ltr'><strong>tam</strong></span> <span class='ocrx_word' id='word_1_62' title='bbox 396 3095 604 3180; x_wconf 79' lang='lat' dir='ltr'>presentibus</span> <span class='ocrx_word' id='word_1_63' title='bbox 621 3115 718 3180; x_wconf 81' lang='lat' dir='ltr'><strong>quarn</strong></span> <span class='ocrx_word' id='word_1_64' title='bbox 735 3093 851 3162; x_wconf 85' lang='lat' dir='ltr'><strong>suturis</strong></span> <span class='ocrx_word' id='word_1_65' title='bbox 878 3112 1013 3179; x_wconf 79' lang='lat' dir='ltr'>presens</span> <span class='ocrx_word' id='word_1_66' title='bbox 1045 3093 1201 3182; x_wconf 89' lang='lat' dir='ltr'><strong>scriptum</strong></span> <span class='ocrx_word' id='word_1_67' title='bbox 1231 3093 1278 3162; x_wconf 93' lang='lat' dir='ltr'><strong>in·</strong></span> 
     </span>
     <span class='ocr_line' id='line_1_12' title="bbox 147 3199 1275 3291; baseline 0 -23"><span class='ocrx_word' id='word_1_68' title='bbox 147 3201 308 3287; x_wconf 84' lang='lat' dir='ltr'><strong>spectaris</strong></span> <span class='ocrx_word' id='word_1_69' title='bbox 323 3201 461 3269; x_wconf 88' lang='lat' dir='ltr'><strong>salutem</strong></span> <span class='ocrx_word' id='word_1_70' title='bbox 477 3201 510 3268; x_wconf 92' lang='lat' dir='ltr'><strong>in</strong></span> <span class='ocrx_word' id='word_1_71' title='bbox 529 3223 578 3291; x_wconf 88' lang='lat' dir='ltr'>eo,</span> <span class='ocrx_word' id='word_1_72' title='bbox 594 3203 649 3289; x_wconf 88' lang='lat' dir='ltr'><strong>qui</strong></span> <span class='ocrx_word' id='word_1_73' title='bbox 665 3202 790 3272; x_wconf 88' lang='lat' dir='ltr'><strong>cunctis</strong></span> <span class='ocrx_word' id='word_1_74' title='bbox 806 3199 862 3268; x_wconf 88' lang='lat' dir='ltr'><strong>dat</strong></span> <span class='ocrx_word' id='word_1_75' title='bbox 878 3201 1030 3269; x_wconf 86' lang='lat' dir='ltr'><strong>salutem.</strong></span> <span class='ocrx_word' id='word_1_76' title='bbox 1068 3200 1122 3268; x_wconf 82' lang='lat' dir='ltr'><strong>Ad</strong></span> <span class='ocrx_word' id='word_1_77' title='bbox 1147 3201 1275 3272; x_wconf 81' lang='lat' dir='ltr'><strong>uniuer-</strong></span> 
     </span>
     <span class='ocr_line' id='line_1_13' title="bbox 150 3307 1278 3397; baseline 0.003 -21"><span class='ocrx_word' id='word_1_78' title='bbox 150 3329 262 3378; x_wconf 89' lang='lat' dir='ltr'><strong>sorum</strong></span> <span class='ocrx_word' id='word_1_79' title='bbox 278 3309 431 3377; x_wconf 77' lang='lat' dir='ltr'><strong>noticiam</strong></span> <span class='ocrx_word' id='word_1_80' title='bbox 447 3309 562 3379; x_wconf 90' lang='lat' dir='ltr'><strong>harum</strong></span> <span class='ocrx_word' id='word_1_81' title='bbox 578 3313 663 3382; x_wconf 89' lang='lat' dir='ltr'><strong>serie</strong></span> <span class='ocrx_word' id='word_1_82' title='bbox 678 3313 826 3381; x_wconf 86' lang='lat' dir='ltr'><strong>volumus</strong></span> <span class='ocrx_word' id='word_1_83' title='bbox 842 3309 1024 3397; x_wconf 84' lang='lat' dir='ltr'><strong>peruenire,</strong></span> <span class='ocrx_word' id='word_1_84' title='bbox 1058 3307 1145 3394; x_wconf 88' lang='lat' dir='ltr'><strong>quod</strong></span> <span class='ocrx_word' id='word_1_85' title='bbox 1177 3307 1278 3379; x_wconf 87' lang='lat' dir='ltr'><strong>irater</strong></span> 
     </span>
     <span class='ocr_line' id='line_1_14' title="bbox 147 3415 1279 3503; baseline 0.002 -19"><span class='ocrx_word' id='word_1_86' title='bbox 147 3417 308 3487; x_wconf 80' lang='lat' dir='ltr'><strong>Nicolaur</strong></span> <span class='ocrx_word' id='word_1_87' title='bbox 324 3437 499 3488; x_wconf 85' lang='lat' dir='ltr'><strong>conuersus</strong></span> <span class='ocrx_word' id='word_1_88' title='bbox 515 3417 556 3488; x_wconf 88' lang='lat' dir='ltr'><strong>dc</strong></span> <span class='ocrx_word' id='word_1_89' title='bbox 572 3419 697 3488; x_wconf 85' lang='lat' dir='ltr'><strong>Ordine</strong></span> <span class='ocrx_word' id='word_1_90' title='bbox 713 3419 863 3486; x_wconf 79' lang='lat' dir='ltr'><strong>Fratrum</strong></span> <span class='ocrx_word' id='word_1_91' title='bbox 878 3415 1111 3502; x_wconf 89' lang='lat' dir='ltr'><strong>Predictorum,</strong></span> <span class='ocrx_word' id='word_1_92' title='bbox 1127 3437 1279 3503; x_wconf 88' lang='lat' dir='ltr'><strong>procura·</strong></span> 
     </span>
     <span class='ocr_line' id='line_1_15' title="bbox 148 3523 1278 3612; baseline -0.004 -18"><span class='ocrx_word' id='word_1_93' title='bbox 148 3532 200 3594; x_wconf 89' lang='lat' dir='ltr'><strong>tor</strong></span> <span class='ocrx_word' id='word_1_94' title='bbox 215 3525 409 3612; x_wconf 83' lang='lat' dir='ltr'><strong>Monasterij</strong></span> <span class='ocrx_word' id='word_1_95' title='bbox 424 3526 526 3596; x_wconf 82' lang='lat' dir='ltr'>Beate</span> <span class='ocrx_word' id='word_1_96' title='bbox 541 3527 645 3596; x_wconf 83' lang='lat' dir='ltr'><strong>lilarie</strong></span> <span class='ocrx_word' id='word_1_97' title='bbox 661 3526 806 3612; x_wconf 84' lang='lat' dir='ltr'><strong>Virginis</strong></span> <span class='ocrx_word' id='word_1_98' title='bbox 832 3523 984 3593; x_wconf 79' lang='lat' dir='ltr'><strong>Gloricse</strong></span> <span class='ocrx_word' id='word_1_99' title='bbox 1015 3523 1057 3590; x_wconf 90' lang='lat' dir='ltr'><strong>de</strong></span> <span class='ocrx_word' id='word_1_100' title='bbox 1088 3525 1210 3610; x_wconf 84' lang='lat' dir='ltr'><strong>Insula,</strong></span> <span class='ocrx_word' id='word_1_101' title='bbox 1234 3525 1278 3593; x_wconf 91' lang='lat' dir='ltr'><strong>ad</strong></span> 
     </span>
     <span class='ocr_line' id='line_1_16' title="bbox 147 3629 1279 3722; baseline -0.003 -19"><span class='ocrx_word' id='word_1_102' title='bbox 147 3641 295 3703; x_wconf 87' lang='lat' dir='ltr'><strong>nostram</strong></span> <span class='ocrx_word' id='word_1_103' title='bbox 312 3633 473 3704; x_wconf 75' lang='lat' dir='ltr'><strong>accedens</strong></span> <span class='ocrx_word' id='word_1_104' title='bbox 488 3636 692 3722; x_wconf 71' lang='lat' dir='ltr'>presenciam</span> <span class='ocrx_word' id='word_1_105' title='bbox 709 3634 856 3702; x_wconf 85' lang='lat' dir='ltr'><strong>exhibuit</strong></span> <span class='ocrx_word' id='word_1_106' title='bbox 873 3633 967 3701; x_wconf 86' lang='lat' dir='ltr'><strong>nobis</strong></span> <span class='ocrx_word' id='word_1_107' title='bbox 984 3629 1148 3716; x_wconf 87' lang='lat' dir='ltr'><strong>quoddam</strong></span> <span class='ocrx_word' id='word_1_108' title='bbox 1180 3634 1279 3720; x_wconf 91' lang='lat' dir='ltr'><strong>priui-</strong></span> 
     </span>
     <span class='ocr_line' id='line_1_17' title="bbox 149 3739 1280 3833; baseline -0.001 -23"><span class='ocrx_word' id='word_1_109' title='bbox 149 3743 273 3828; x_wconf 77' lang='lat' dir='ltr'><strong>legium</strong></span> <span class='ocrx_word' id='word_1_110' title='bbox 313 3743 570 3813; x_wconf 85' lang='lat' dir='ltr'><strong>confirmacionis</strong></span> <span class='ocrx_word' id='word_1_111' title='bbox 609 3742 774 3833; x_wconf 89' lang='lat' dir='ltr'><strong>priuilegij</strong></span> <span class='ocrx_word' id='word_1_112' title='bbox 816 3741 939 3809; x_wconf 92' lang='lat' dir='ltr'><strong>domini</strong></span> <span class='ocrx_word' id='word_1_113' title='bbox 970 3741 1048 3808; x_wconf 91' lang='lat' dir='ltr'>Bele</span> <span class='ocrx_word' id='word_1_114' title='bbox 1077 3739 1183 3808; x_wconf 88' lang='lat' dir='ltr'><strong>incliti</strong></span> <span class='ocrx_word' id='word_1_115' title='bbox 1220 3742 1280 3809; x_wconf 90' lang='lat' dir='ltr'><strong>Re·</strong></span> 
     </span>
     <span class='ocr_line' id='line_1_18' title="bbox 146 3847 1281 3938; baseline -0.002 -22"><span class='ocrx_word' id='word_1_116' title='bbox 146 3849 200 3934; x_wconf 88' lang='lat' dir='ltr'><strong>gis</strong></span> <span class='ocrx_word' id='word_1_117' title='bbox 232 3849 411 3937; x_wconf 86' lang='lat' dir='ltr'><strong>Hungarie,</strong></span> <span class='ocrx_word' id='word_1_118' title='bbox 442 3851 610 3920; x_wconf 85' lang='lat' dir='ltr'><strong>karissimi</strong></span> <span class='ocrx_word' id='word_1_119' title='bbox 643 3851 749 3938; x_wconf 88' lang='lat' dir='ltr'><strong>patris</strong></span> <span class='ocrx_word' id='word_1_120' title='bbox 782 3850 885 3918; x_wconf 86' lang='lat' dir='ltr'><strong>nostri</strong></span> <span class='ocrx_word' id='word_1_121' title='bbox 909 3847 1102 3916; x_wconf 85' lang='lat' dir='ltr'><strong>felicissime</strong></span> <span class='ocrx_word' id='word_1_122' title='bbox 1132 3847 1281 3915; x_wconf 88' lang='lat' dir='ltr'><strong>recorda-</strong></span> 
     </span>
     <span class='ocr_line' id='line_1_19' title="bbox 149 3954 1281 4044; baseline -0.001 -21"><span class='ocrx_word' id='word_1_123' title='bbox 149 3955 265 4042; x_wconf 88' lang='lat' dir='ltr'><strong>cionis,</strong></span> <span class='ocrx_word' id='word_1_124' title='bbox 281 3964 425 4044; x_wconf 86' lang='lat' dir='ltr'><strong>tempore</strong></span> <span class='ocrx_word' id='word_1_125' title='bbox 440 3957 587 4027; x_wconf 86' lang='lat' dir='ltr'><strong>Ducatus</strong></span> <span class='ocrx_word' id='word_1_126' title='bbox 612 3959 735 4044; x_wconf 87' lang='lat' dir='ltr'><strong>datum,</strong></span> <span class='ocrx_word' id='word_1_127' title='bbox 767 3963 881 4042; x_wconf 87' lang='lat' dir='ltr'>petens</span> <span class='ocrx_word' id='word_1_128' title='bbox 914 3954 1151 4025; x_wconf 85' lang='lat' dir='ltr'><strong>instantissime</strong></span> <span class='ocrx_word' id='word_1_129' title='bbox 1181 3957 1281 4024; x_wconf 83' lang='lat' dir='ltr'><strong>uerbo</strong></span> 
     </span>
     <span class='ocr_line' id='line_1_20' title="bbox 146 4065 1281 4152; baseline 0 -20"><span class='ocrx_word' id='word_1_130' title='bbox 146 4065 281 4134; x_wconf 87' lang='lat' dir='ltr'><strong>domine</strong></span> <span class='ocrx_word' id='word_1_131' title='bbox 297 4065 464 4135; x_wconf 77' lang='lat' dir='ltr'><strong>Elisabeth</strong></span> <span class='ocrx_word' id='word_1_132' title='bbox 479 4067 546 4140; x_wconf 87' lang='lat' dir='ltr'><strong>filie</strong></span> <span class='ocrx_word' id='word_1_133' title='bbox 563 4075 674 4136; x_wconf 88' lang='lat' dir='ltr'><strong>nostre</strong></span> <span class='ocrx_word' id='word_1_134' title='bbox 691 4065 876 4152; x_wconf 85' lang='lat' dir='ltr'><strong>karissime,</strong></span> <span class='ocrx_word' id='word_1_135' title='bbox 910 4085 949 4133; x_wconf 87' lang='lat' dir='ltr'><strong>ac</strong></span> <span class='ocrx_word' id='word_1_136' title='bbox 965 4065 1104 4133; x_wconf 90' lang='lat' dir='ltr'><strong>aliarum</strong></span> <span class='ocrx_word' id='word_1_137' title='bbox 1136 4084 1281 4133; x_wconf 90' lang='lat' dir='ltr'><strong>sororum</strong></span> 
     </span>
     <span class='ocr_line' id='line_1_21' title="bbox 151 4169 1282 4263; baseline 0 -24"><span class='ocrx_word' id='word_1_138' title='bbox 151 4171 194 4239; x_wconf 92' lang='lat' dir='ltr'><strong>de</strong></span> <span class='ocrx_word' id='word_1_139' title='bbox 210 4169 323 4240; x_wconf 86' lang='lat' dir='ltr'><strong>Insula</strong></span> <span class='ocrx_word' id='word_1_140' title='bbox 337 4173 543 4263; x_wconf 83' lang='lat' dir='ltr'><strong>supradicta,</strong></span> <span class='ocrx_word' id='word_1_141' title='bbox 557 4174 653 4242; x_wconf 87' lang='lat' dir='ltr'><strong>nobis</strong></span> <span class='ocrx_word' id='word_1_142' title='bbox 669 4175 704 4240; x_wconf 91' lang='lat' dir='ltr'><strong>in</strong></span> <span class='ocrx_word' id='word_1_143' title='bbox 722 4173 851 4241; x_wconf 78' lang='lat' dir='ltr'><strong>Christo</strong></span> <span class='ocrx_word' id='word_1_144' title='bbox 868 4171 1128 4258; x_wconf 80' lang='lat' dir='ltr'><strong>latissimarum,</strong></span> <span class='ocrx_word' id='word_1_145' title='bbox 1145 4177 1181 4239; x_wconf 89' lang='lat' dir='ltr'><strong>nt</strong></span> <span class='ocrx_word' id='word_1_146' title='bbox 1196 4171 1282 4240; x_wconf 85' lang='lat' dir='ltr'><strong>idem</strong></span> 
     </span>
     <span class='ocr_line' id='line_1_22' title="bbox 146 4277 1282 4369; baseline 0.004 -23"><span class='ocrx_word' id='word_1_147' title='bbox 146 4283 261 4346; x_wconf 89' lang='lat' dir='ltr'><strong>nostro</strong></span> <span class='ocrx_word' id='word_1_148' title='bbox 275 4279 393 4364; x_wconf 81' lang='lat' dir='ltr'><strong>Regali</strong></span> <span class='ocrx_word' id='word_1_149' title='bbox 408 4280 520 4366; x_wconf 88' lang='lat' dir='ltr'><strong>sigillo</strong></span> <span class='ocrx_word' id='word_1_150' title='bbox 536 4281 746 4369; x_wconf 84' lang='lat' dir='ltr'><strong>dignaremur</strong></span> <span class='ocrx_word' id='word_1_151' title='bbox 762 4281 928 4350; x_wconf 85' lang='lat' dir='ltr'><strong>innouare.</strong></span> <span class='ocrx_word' id='word_1_152' title='bbox 955 4277 1054 4349; x_wconf 83' lang='lat' dir='ltr'><strong>Ocius</strong></span> <span class='ocrx_word' id='word_1_153' title='bbox 1071 4279 1202 4368; x_wconf 90' lang='lat' dir='ltr'><strong>quidem</strong></span> <span class='ocrx_word' id='word_1_154' title='bbox 1220 4283 1282 4367; x_wconf 91' lang='lat' dir='ltr'><strong>pri-</strong></span> 
     </span>
     <span class='ocr_line' id='line_1_23' title="bbox 153 4386 1269 4473; baseline 0.013 -19"><span class='ocrx_word' id='word_1_155' title='bbox 153 4386 267 4473; x_wconf 88' lang='lat' dir='ltr'><strong>uilegij</strong></span> <span class='ocrx_word' id='word_1_156' title='bbox 284 4393 376 4456; x_wconf 88' lang='lat' dir='ltr'><strong>tenor</strong></span> <span class='ocrx_word' id='word_1_157' title='bbox 392 4391 467 4460; x_wconf 87' lang='lat' dir='ltr'><strong>talis</strong></span> <span class='ocrx_word' id='word_1_158' title='bbox 484 4398 552 4460; x_wconf 87' lang='lat' dir='ltr'><strong>est:</strong></span> <span class='ocrx_word' id='word_1_159' title='bbox 1265 4453 1269 4461; x_wconf 87' lang='lat'>.</span> 
     </span>
    </p>

    <p class='ocr_par' dir='ltr' id='par_1_7' title="bbox 144 4495 1285 4695">
     <span class='ocr_line' id='line_1_24' title="bbox 262 4495 1285 4588; baseline 0.003 -25"><span class='ocrx_word' id='word_1_160' title='bbox 262 4496 449 4583; x_wconf 87' lang='lat' dir='ltr'><strong>Stephanus</strong></span> <span class='ocrx_word' id='word_1_161' title='bbox 464 4501 528 4570; x_wconf 90' lang='lat' dir='ltr'><strong>Dei</strong></span> <span class='ocrx_word' id='word_1_162' title='bbox 544 4502 657 4586; x_wconf 89' lang='lat' dir='ltr'><strong>gracia</strong></span> <span class='ocrx_word' id='word_1_163' title='bbox 668 4499 783 4588; x_wconf 85' lang='lat' dir='ltr'><strong>junior</strong></span> <span class='ocrx_word' id='word_1_164' title='bbox 797 4500 868 4567; x_wconf 85' lang='lat' dir='ltr'>Rex</span> <span class='ocrx_word' id='word_1_165' title='bbox 884 4495 1053 4584; x_wconf 84' lang='lat' dir='ltr'><strong>Hungarie</strong></span> <span class='ocrx_word' id='word_1_166' title='bbox 1068 4499 1129 4568; x_wconf 88' lang='lat' dir='ltr'><strong>stb.</strong></span> <span class='ocrx_word' id='word_1_167' title='bbox 1158 4497 1285 4578; x_wconf 86' lang='lat' dir='ltr'><strong>(kitret-</strong></span> 
     </span>
     <span class='ocr_line' id='line_1_25' title="bbox 144 4599 1283 4695; baseline 0 -23"><span class='ocrx_word' id='word_1_168' title='bbox 144 4599 253 4673; x_wconf 77' lang='lat' dir='ltr'><strong>kezik</strong></span> <span class='ocrx_word' id='word_1_169' title='bbox 273 4599 385 4672; x_wconf 75' lang='lat' dir='ltr'><strong>Istran</strong></span> <span class='ocrx_word' id='word_1_170' title='bbox 400 4603 508 4676; x_wconf 82' lang='lat' dir='ltr'><strong>akkcr</strong></span> <span class='ocrx_word' id='word_1_171' title='bbox 524 4605 630 4694; x_wconf 70' lang='lat' dir='ltr'><strong>iljabl)</strong></span> <span class='ocrx_word' id='word_1_172' title='bbox 661 4605 842 4695; x_wconf 79' lang='lat' dir='ltr'><strong>kirtlynak</strong></span> <span class='ocrx_word' id='word_1_173' title='bbox 875 4604 1010 4674; x_wconf 83' lang='lat' dir='ltr'><strong>1264-ki</strong></span> <span class='ocrx_word' id='word_1_174' title='bbox 1043 4603 1283 4693; x_wconf 76' lang='lat' dir='ltr'><strong>privilegium,</strong></span> 
     </span>
    </p>
   </div>
   <div class='ocr_carea' id='block_1_7' title="bbox 0 0 1588 5150">
    <p class='ocr_par' dir='ltr' id='par_1_8' title="bbox 0 0 1588 5150">
     <span class='ocr_line' id='line_1_26' title="bbox 0 0 1588 5150; baseline 0 0"><span class='ocrx_word' id='word_1_175' title='bbox 0 0 1588 5150; x_wconf 95' lang='lat' dir='ltr'><strong> </strong></span> 
     </span>
    </p>
   </div>
  </div>
 </body>
</html>
