3124 5152
852 993 927 1062 247.

325 1195 389 1259 IV.
405 1195 523 1260 Lo'szld
538 1195 647 1279 lrr'ruity
663 1197 845 1278 caepae-iisiti
871 1196 1041 1280 urcpjctuolc
1067 1195 1210 1260 ummo
1234 1197 1449 1281 lcirdlyueuuk

326 1303 408 1370 Olet
437 1305 592 1392 helysdqot
624 1305 780 1390 turqyazd
810 1305 1007 1388 odoucduydt
1029 1301 1309 1386 fdtctlooltmestere
1341 1305 1449 1370 Jatat

745 1415 906 1478 ssdmriro.
933 1413 1029 1475 1280.

431 1606 606 1674 Ladisluns
638 1606 698 1673 Dei
730 1605 841 1690 gracia
871 1607 1049 1692 Hungarie,
1093 1608 1270 1694 Dalmacie,
1304 1609 1450 1694 Oroaeie,

327 1718 434 1797 Rome,
450 1715 572 1801 Seruis,
591 1711 738 1798 Gallicis,
755 1713 953 1800 Lodomerie,
970 1714 1125 1782 Cumania
1143 1715 1361 1799 Balgarieque
1382 1718 1450 1785 Rex

327 1823 474 1888 «rensibus
493 1821 591 1889 Cristi
608 1821 757 1888 fidelibus
775 1841 907 1907 presens
923 1822 1077 1908 scriptum
1095 1821 1292 1907 inspecturis
1309 1825 1449 1892 salntem

327 1932 358 1995 in
375 1930 491 1999 salutis
508 1929 669 2013 largitore.
690 1929 847 1996 Effectum
872 1927 959 1996 iusta
990 1929 1229 2016 postulantibus
1259 1937 1326 1997 tam
1359 1935 1452 2016 vigor

327 2039 491 2128 equitatis,
516 2059 613 2124 quam
629 2035 707 2105 ordo
726 2037 828 2122 exigit
843 2038 994 2105 racionis.
1010 2037 1151 2104 Proinde
1167 2037 1209 2105 ad
1226 2041 1451 2108 uniuersorum

326 2145 479 2212 noticiam
496 2155 563 2212 tam
579 2147 781 2231 presencium
798 2165 896 2228 quam
916 2151 1116 2232 posterorum
1148 2153 1260 2214 tenore
1291 2153 1452 2236 presenci-

326 2275 379 2319 um
411 2253 481 2321 fieri
512 2255 663 2322 uolumus
694 2253 912 2340 manifestum,
940 2253 1025 2337 quod
1054 2253 1197 2322 lacobus
1219 2254 1302 2323 filius
1319 2259 1452 2344 Ponych
1541 2259 1542 2262 ’

328 2361 482 2446 Magister
498 2361 724 2448 Dapiferorum
741 2361 913 2429 karissime
929 2360 1039 2428 matris
1056 2371 1176 2448 nostre,
1202 2363 1306 2429 fidelis
1333 2373 1452 2446 noster,

328 2469 370 2536 ad
386 2478 528 2536 nostram
560 2469 719 2538 accedens
750 2469 953 2555 presenciam
973 2469 1119 2537 exhibuit
1135 2470 1227 2538 nobis
1244 2473 1452 2558 priuilegium

328 2579 457 2646 domine
472 2577 594 2663 Regine
611 2577 782 2644 karissime
805 2577 918 2644 matris
937 2584 1063 2662 nostre;
1089 2585 1202 2662 petens
1228 2599 1300 2645 eum
1332 2580 1455 2648 instan·
1541 2567 1542 2574 ἵ

327 2687 388 2768 aia,
423 2693 465 2780 ut
488 2687 592 2772 ipsum
624 2693 727 2752 ratum
758 2683 878 2752 habere
893 2691 924 2750 et
939 2693 1050 2753 nostro
1074 2684 1246 2771 priuilegio
1262 2689 1453 2755 confirmare
1541 2755 1542 2762 ,

327 2795 543 2879 dignaremur.
561 2793 658 2862 Gaius
676 2793 808 2877 quidem
823 2801 917 2861 tenor
932 2793 1007 2859 talis
1025 2800 1074 2859 est
1090 2815 1098 2856 ε

433 2903 580 2972 Elisabet
595 2905 635 2968 D.
662 2923 710 2988 gr.
728 2899 831 2970 maior
846 2901 973 2985 Regina
988 2899 1155 2985 Hungarie
1171 2906 1223 2971 stb
1245 2901 1456 2988 (ktvetkezik

328 3011 479 3079 iti-asenec
494 3011 803 3099 anyakirtlynenek
823 3013 908 3078 1280
917 3008 952 3075 ki
963 3009 1231 3097 auomsnylevele
1249 3012 1330 3079 mint
1345 3015 1458 3084 atabu-

329 3123 403 3187 249.
420 3141 463 3186 sz.
483 3117 526 3206 a.)
1289 3199 1293 3206 .

435 3228 503 3295 Nos
533 3229 644 3312 itaque
675 3227 918 3296 considerantes
948 3225 1129 3311 peticiones
1162 3227 1263 3313 ipsios
1306 3231 1459 3316 Magistri

328 3337 444 3403 Jaeobi
475 3334 579 3402 fidelis
609 3335 710 3403 nostri
734 3334 804 3402 lore
820 3341 851 3402 et
867 3354 939 3402 esse
956 3335 1059 3403 instas
1075 3355 1114 3402 ae
1131 3337 1305 3423 legitimas,
1325 3341 1448 3425 peticio

329 3465 400 3511 nem
418 3442 561 3512 eiusdem
577 3465 635 3529 pro
652 3442 799 3529 seruicijs
815 3442 1012 3510 fidelissimis
1028 3433 1122 3512 nobis
1138 3466 1265 3532 semper
1281 3454 1314 3512 et
1338 3449 1460 3531 ubique
1541 3491 1542 3494 =

330 3556 472 3619 locorum
491 3552 648 3638 inpensis,
670 3551 772 3634 Regio
789 3549 979 3618 admisimus
995 3572 1068 3618 enm
1085 3553 1207 3640 fauore,
1225 3560 1257 3618 et
1274 3555 1457 3640 predictum

331 3661 535 3748 priuilegium
567 3657 741 3728 karissime
772 3659 885 3726 matris
916 3665 1026 3726 nostre
1056 3661 1150 3727 nobis
1182 3668 1403 3747 presentatum
1421 3663 1461 3730 do

331 3773 428 3836 storbo
459 3766 502 3834 ad
518 3769 651 3834 uerbum
681 3765 884 3852 presentibus
916 3767 1016 3833 inseri
1038 3767 1201 3856 faciendo,
1218 3769 1415 3838 auctoritate
1431 3777 1463 3837 et

331 3877 507 3946 munimine
539 3875 679 3963 duplicis
719 3873 819 3959 sigilli
860 3875 960 3942 nostri
1004 3874 1154 3943 duximus
1195 3877 1463 3945 confirmandum·

332 3991 450 4054 Datum
483 4005 540 4068 per
570 4003 685 4050 manns
710 3981 843 4050 discreti
859 3981 921 4048 viri
936 3982 1084 4066 Magistri
1101 3983 1244 4052 Anthoni
1259 3987 1333 4050 aule
1350 3991 1464 4052 nostre

331 4091 601 4176 VieeOsncellarij
620 4089 729 4157 dilecti
745 4097 777 4158 et
794 4088 899 4156 fidelis
925 4093 1026 4156 nostri
1061 4111 1147 4158 anno
1179 4092 1309 4158 Domini
1340 4093 1464 4160 M⁰CC⁰
1541 4165 1542 4168 ,

331 4203 579 4289 octauagesimo,
610 4198 713 4284 Regni
740 4204 848 4264 autem
863 4198 967 4265 nostri
984 4219 1070 4266 anno
1086 4205 1215 4281 octauo,
1233 4201 1331 4268 tercio
1348 4199 1463 4268 kalen·

332 4313 391 4380 das
407 4311 496 4395 Junij
514 4306 695 4375 indiccione
710 4313 839 4374 octaua.

333 4487 990 4555 (nunnorekiratlynak1293·kimegerosltu
1018 4488 1214 4554 olsmatnyslbdl,
1244 4503 1262 4539 a
1292 4490 1379 4540 budai
1410 4491 1465 4544 tir.
1541 4543 1542 4548 ,

724 4579 849 4629 lamanai
866 4579 1062 4643 leveltdrban.)
1541 4577 1542 4580 ’
