3170 5166
808 273 968 378 „Q

312 459 497 564 'condigna
514 471 566 544 lld
583 489 679 560 quam
696 491 855 541 summam
872 469 1083 539 ducentarum
1100 480 1281 534 marcorum
1296 461 1450 536 Nicolaus
1571 455 1572 532 3

323 587 411 654 illius
428 581 577 656 llatheus
602 583 706 652 soluat
736 579 925 666 octuaginta
955 584 1024 647 tres
1053 595 1181 646 marcas
1213 579 1247 642 et
1276 573 1451 660 formaene

324 691 523 789 Laurentius
553 711 630 759 vero
660 689 746 757 iilius
775 687 901 756 Rolaen
931 685 1139 773 septuaginta
1169 683 1253 752 duas
1278 703 1409 752 marcas
1422 693 1451 751 et

322 796 502 884 fertonem
526 798 674 868 hlathcus
690 815 766 864 uero
785 803 817 866 et
832 797 973 863 Abraam
1000 791 1235 880 quinquaginta
1266 792 1341 860 llll
1373 811 1451 859 mar·

321 927 378 976 cas
395 913 428 974 ct
457 905 637 974 dimidiam.
668 904 736 972 Hoc
752 903 892 990 adiecto,
924 901 1056 988 quodsi
1073 901 1210 987 primam
1226 907 1261 969 et
1275 899 1451 970 secandam
1571 969 1572 972 ,

311 997 514 1084 ''alucioncm
530 1033 594 1080 non
610 1013 765 1091 iacerent,
781 1030 854 1078 cum
874 1009 1014 1098 indicio;
1038 1009 1066 1076 si
1089 1010 1232 1095 terciam,
1249 1029 1325 1076 cnm
1353 1007 1449 1096 duplo
1570 1011 1572 1096 ξ

320 1121 446 1192 soluere
477 1127 683 1205 tenerentor;
707 1119 736 1186 si
753 1137 828 1185 nero
860 1127 1008 1204 quartam
1038 1123 1071 1184 ct
1087 1117 1232 1184 ultimam
1248 1115 1448 1184 solucionem
1571 1139 1572 1170 l

308 1228 602 1318 'pretermitterent
618 1225 804 1294 amitterent
818 1224 987 1312 pecuniam
1004 1225 1037 1292 in
1055 1223 1214 1312 prioribus
1223 1223 1375 1292 terminia
1386 1221 1447 1292 iam
1570 1213 1572 1294 ξ

320 1333 477 1428 solutam3
501 1335 547 1402 ita
562 1341 681 1420 maren,
713 1331 801 1416 qnod
817 1333 857 1399 de
873 1331 1027 1419 predictis
1055 1329 1273 1399 solucionihns
1288 1331 1377 1399 alter
1391 1351 1446 1419 pro
1571 1399 1572 1410 ,

322 1443 426 1538 altero
442 1459 506 1512 non
522 1445 628 1528 potest
643 1439 873 1525 condempnari
892 1465 900 1522 3
931 1445 964 1504 et
980 1439 1008 1506 si
1025 1438 1065 1505 de
1082 1439 1188 1524 rebns',
1215 1458 1297 1522 quaa
1314 1436 1360 1506 ed
1376 1439 1447 1506 esti·
1571 1457 1572 1534 ]

321 1551 501 1619 macionem
533 1549 659 1636 darent,
674 1549 763 1616 iacta
789 1547 886 1617 fieret
903 1547 1075 1636 inpedicio,
1095 1547 1277 1616 solutiones
1293 1545 1449 1632 expedire
1571 1581 1572 1586 ,

309 1657 589 1752 ¹assumpsissent
606 1657 695 1723 Elin
711 1656 883 1743 dieprime
902 1655 1075 1723 solutionis
1107 1651 1271 1741 predictos
1301 1655 1448 1723 Ahraan

321 1770 354 1832 et
369 1763 428 1848 alij
461 1765 629 1831 memorati
662 1783 771 1830 coram
801 1763 895 1831 nohis
911 1765 1082 1832 restituere
1100 1769 1285 1830 tenerentur
1301 1763 1447 1850 predicto

317 1871 481 1960 lllychaeli
497 1871 705 1960 priuilegium
722 1871 880 1958 Stephani
896 1878 928 1938 et
960 1871 1106 1938 hodialai
1137 1873 1272 1956 Regum,
1305 1873 1340 1937 et
1365 1869 1445 1938 Con·

318 1984 435 2048 uentus
465 1979 578 2048 Sancti
612 1977 772 2065 Stephani
804 1979 845 2047 de
886 1979 1106 2066 promontorio
1145 1975 1368 2061 Waradicnsi,
1408 1997 1446 2046 ac

318 2085 521 2154 honorabilis
553 2085 695 2171 Capituli
728 2085 874 2153 eiusdem
904 2086 978 2154 loci.
1009 2086 1142 2153 Terram
1173 2103 1250 2153 rero
1282 2083 1397 2154 Hodaa
1412 2085 1446 2152 in

317 2191 480 2262 Comitatu
510 2189 551 2260 de
582 2193 715 2262 Zatmar
747 2194 939 2261 existentem
972 2213 1044 2260 cum
1060 2193 1129 2260 suis
1149 2191 1373 2280 pertinenciis,
1387 2191 1446 2260 (lo

303 2315 387 2372 ‘mes
402 2297 516 2368 Bodun
534 2299 619 2370 filius
636 2299 770 2386 Georgii
790 2319 861 2366 cnm
879 2299 1027 2367 omnihus
1043 2297 1122 2383 filijs
1138 2299 1216 2385 suis,
1227 2305 1261 2366 et
1274 2299 1444 2386 Nycolaus

314 2402 399 2474 illius
428 2405 578 2474 Matheus
609 2426 647 2474 ex
664 2413 757 2492 parte
787 2405 837 2472 sui
854 2413 886 2473 et
916 2405 1058 2473 omnium
1074 2423 1295 2474 successorum
1311 2425 1442 2476 suorum

301 2509 474 2606 ‘predictis
488 2511 567 2599 lllijs
582 2513 739 2600 Stephani
755 2517 824 2580 inre
843 2519 1002 2600 perpetuo
1033 2511 1263 2600 possidendam
1294 2513 1445 2600 reliquia·

314 2629 397 2690 seut.
429 2621 511 2692 Item
542 2621 719 2708 Nyuolauq
750 2621 903 2706 ahmam,
934 2619 1082 2688 distheos
1108 2627 1141 2688 et
1155 2607 1359 2690 Laurencins
1374 2641 1445 2710 prc-

314 2725 394 2800 dicti
408 2725 491 2802 seria
508 2735 624 2814 quarta
639 2729 789 2814 proxima
804 2734 877 2814 post
896 2729 1108 2795 Pentecosten
1128 2727 1355 2814 supradictam
1384 2727 1444 2798 aab

314 2835 419 2904 forma
434 2836 572 2922 predicti
590 2833 759 2902 iuramenti
777 2834 884 2902 eidem
905 2831 1065 2921 Mychaeli
1084 2835 1257 2902 restituent
1272 2835 1443 2906 duodecim

315 2961 415 3030 equos
432 2949 660 3030 competentes,
675 2949 707 3010 et
723 2939 877 3009 iurahnnt
892 2959 990 3026 snper
1006 2965 1055 3029 eo,
1072 2939 1159 3028 quod
1175 2943 1287 3030 plnres
1303 2963 1346 3011 ex
1362 2945 1445 3031 ipsis

313 3072 377 3119 non
393 3051 556 3120 haberent
589 3049 630 3116 Et
645 3051 835 3118 adiecerunt
859 3049 962 3118 eciam
977 3049 1075 3120 iidem
1094 3049 1152 3117 lilii
1169 3051 1340 3140 Stephani,
1356 3053 1444 3137 quod

312 3177 410 3243 super
426 3157 501 3242 ipsa
516 3163 630 3246 morte,
646 3155 797 3242 dampnis
812 3163 845 3223 et
860 3155 987 3226 iniuriis
1018 3157 1186 3244 premissis
1215 3159 1251 3225 in
1281 3161 1445 3244 premissa
1570 3163 1571 3244 g

310 3263 521 3332 ordinacione
554 3283 612 3350 per
642 3265 752 3330 omnio
781 3269 891 3330 esseut
923 3266 1076 3348 contenti,
1108 3271 1141 3332 et
1172 3271 1285 3332 contra
1315 3267 1444 3336 nullum
1570 3281 1571 3340 1

311 3371 411 3440 allum
443 3369 584 3456 aliquem
616 3389 713 3454 super
744 3369 824 3452 ipsis
856 3371 1000 3452 negociis
1031 3371 1234 3456 questionem
1264 3379 1444 3462 mouerant,
1570 3413 1571 3466 l

313 3497 371 3544 sea
404 3477 548 3561 aliquem
579 3475 677 3541 aliam
711 3477 886 3544 accionem.
903 3477 1057 3544 Preterca
1073 3479 1106 3544 in
1124 3479 1178 3547 die
1193 3479 1306 3548 ultime
1321 3482 1444 3551 soloci·
1570 3477 1571 3508 ³

314 3584 385 3651 onis
403 3583 547 3669 predicte
567 3581 714 3649 omnibns
747 3583 914 3668 premissis
947 3586 1119 3671 completis
1151 3587 1248 3654 iidem
1279 3587 1342 3656 lilii
1373 3589 1445 3658 Ste-

312 3690 423 3776 phani,
469 3687 641 3757 statuendo
672 3689 855 3758 Emericnm
887 3691 988 3758 lilium
1029 3693 1106 3761 dicti
1136 3695 1298 3764 iohannis
1329 3715 1441 3766 coram

294 3797 417 3886 'nobis‚
435 3803 620 3864 tenerentur
637 3797 713 3865 dare
730 3799 857 3866 litteras
882 3807 1011 3867 nostras
1043 3801 1265 3886 expeditorias
1295 3803 1441 3874 Ahraam

309 3903 430 3972 etaliis
463 3903 671 3988 supradictis.
706 3909 825 3974 Datum
859 3915 973 3992 quarto
1004 3909 1057 3977 die
1088 3917 1275 3980 octanaram
1308 3917 1442 3983 termini

308 4011 402 4080 Beati
435 4013 582 4080 Baurahe
614 4015 764 4100 Apostoli
797 4035 882 4082 anuo
913 4017 1043 4083 Domini
1075 4018 1197 4085 lll⁰OG⁰
1227 4023 1441 4108 nonagesimo

307 4127 434 4188 octauo.

414 4229 558 4298 Kivlll.
591 4231 695 4316 Super
727 4234 893 4300 solucione
933 4233 1144 4303 ducentarum
1180 4255 1365 4304 marcarum
1396 4239 1439 4305 ad
1569 4281 1570 4336 p

299 4319 492 4402 'vicesimam
523 4337 700 4405 secondum
733 4337 817 4406 diem
852 4341 1045 4409 Natiuitatis
1061 4344 1155 4412 Beati
1175 4343 1334 4411 iohannis
1351 4343 1435 4434 Bap

308 4437 389 4524 lists,
422 4439 464 4506 ad
496 4450 629 4512 octonas
660 4447 753 4512 Beati
789 4447 967 4534 lliohaelis,
1000 4449 1044 4514 ad
1073 4455 1209 4520 octonas
1241 4449 1436 4520 Natiuitatis
1569 4447 1570 4516 3

292 4529 447 4632 ''Domini,
481 4556 511 4614 ct
526 4549 569 4616 ad
585 4557 718 4618 octonas
743 4553 954 4624 Pentecostes
969 4575 1028 4642 pro
1044 4555 1186 4626 Ahraam
1202 4557 1267 4628 lilio
1285 4559 1435 4628 Ladinlai
