3096 5160
836 251 997 349 jea-

352 446 519 532 parcendo
537 464 678 532 persone
694 465 753 513 sue
769 464 965 529 suorumque
981 447 1213 532 proximorum,
1228 466 1288 514 nec
1319 447 1464 515 amissioni

353 557 597 644 possessionum
614 574 681 621 sens
713 574 827 638 rorum,
858 553 1018 620 laudabili
1048 555 1233 638 sagacitate
1264 561 1465 642 recuperatum

354 663 575 751 personaliter
614 662 658 728 ad
693 681 752 729 nos
792 662 951 729 accedens
991 670 1100 728 nostre
1138 661 1282 729 reddidit
1322 666 1463 748 potestati.

353 773 423 840 Nec
440 773 500 838 hoo
515 771 789 856 pretermittimus,
808 769 897 854 quod
923 774 1066 838 castrum
1098 771 1205 853 ipsum
1239 770 1390 838 lobannis
1417 769 1464 836 Co-

353 880 442 947 mitis
473 899 541 946 scw
572 878 720 964 predium
751 898 808 964 per
839 877 1020 964 predictum
1051 876 1152 963 Opwr
1172 885 1204 945 et
1219 898 1297 946 suos
1312 880 1464 966 complices

358 995 492 1074 captum
509 987 617 1054 extitit
633 993 667 1054 et
690 991 877 1069 crematum,
910 987 997 1072 qnod
1014 985 1125 1053 'durna
1157 985 1352 1072 nominatur,
1382 987 1467 1052 rbiin

354 1095 452 1164 huius
482 1097 582 1164 castri
614 1099 836 1165 combustione
867 1103 900 1163 et
930 1095 1032 1181 predij
1066 1095 1299 1163 deuastacionc
1330 1095 1464 1162 domuum

355 1204 445 1272 mille
461 1224 641 1272 marcarum
659 1213 707 1274 est
723 1224 918 1291 perpessus3
939 1204 1122 1288 etquidem
1149 1204 1335 1290 Stephanus
1359 1204 1469 1271 nomino

356 1317 515 1394 cognatus
532 1316 603 1381 eius
619 1317 842 1398 interemptus,
859 1315 938 1399 elijs
954 1312 1219 1398 quampluribus
1236 1313 1376 1380 letaliter
1390 1313 1469 1380 ninc-

355 1419 444 1488 ratis.
460 1421 559 1488 Aliud
578 1425 682 1490 eciam
700 1429 840 1490 castrum
860 1443 952 1490 suum
968 1429 1001 1489 ct
1026 1421 1175 1508 predium
1208 1421 1306 1508 Nyek
1337 1429 1468 1488 vocatum

355 1531 387 1596 iu
418 1530 558 1598 cinereus
583 1531 755 1599 deductum
781 1531 900 1620 extitit,
920 1531 1126 1599 deuastatum
1142 1537 1175 1596 et
1190 1529 1405 1610 destructum
1425 1527 1468 1594 nbi

355 1659 420 1706 non
436 1639 506 1706 sinc
522 1659 644 1724 magna
660 1639 738 1708 cede
754 1660 883 1708 suornm
902 1639 1055 1707 munuum
1071 1639 1173 1706 eidem
1191 1637 1281 1707 mille
1307 1656 1469 1704 marcamm

356 1753 406 1812 est
437 1747 571 1814 illatum.
602 1748 671 1815 Nos
702 1747 802 1831 igitur
832 1749 865 1814 in
882 1748 1220 1833 recompensacionem
1245 1745 1431 1812 fidelitatum
1445 1749 1470 1808 et

356 1853 567 1922 scruioicrnm
584 1855 687 1940 ipsius
704 1854 840 1924 Comitis
856 1855 1028 1942 Johannis,
1044 1861 1077 1921 et
1093 1853 1135 1920 ad
1159 1855 1337 1939 aliqualem
1367 1859 1475 1920 raun-

356 1961 521 2030 raciouem
553 1963 603 2030 sui
645 1962 766 2052 damni,
809 1962 972 2048 quoddam
1008 1963 1155 2048 predium
1187 1963 1328 2030 tiliorum
1358 1960 1474 2029 chrici

358 2069 473 2136 hlodur
507 2077 666 2152 roratum,
699 2071 796 2139 situm
829 2071 862 2138 in
893 2071 1057 2138 comiato
1089 2071 1289 2154 Posoniensi,
1321 2090 1389 2138 cum
1417 2068 1474 2136 suis

355 2177 578 2266 pertinencijs,
619 2178 806 2264 attinenoijs
846 2185 878 2244 et
919 2178 1111 2246 utilitatibus
1151 2177 1324 2266 vniuersis,
1357 2185 1472 2262 propter

356 2283 569 2352 infidelitates
585 2306 662 2353 suas
678 2286 870 2354 manifestas
887 2287 929 2353 ab
947 2287 1028 2372 ipsis
1043 2286 1122 2370 filiis
1138 2285 1269 2352 chrici
1302 2283 1475 2366 auferendo,

356 2391 506 2460 dedimus
522 2391 717 2462 donauimus
744 2401 776 2462 et
792 2394 986 2462 contulimus
1012 2394 1116 2462 eidem
1133 2393 1251 2460 Comiti
1267 2392 1408 2460 Jchanni
1421 2389 1476 2456 filio

356 2499 454 2589 Petri,
473 2507 505 2566 et
521 2521 579 2586 per
595 2521 668 2568 eum
684 2503 751 2569 suis
767 2501 944 2570 heredibus
963 2503 1182 2586 heredumque
1204 2521 1335 2568 suorum
1366 2519 1477 2568 succes·

357 2607 484 2674 sonibus
514 2609 584 2676 inre
624 2615 778 2696 perpetuo
814 2610 1057 2696 possidendum.
1089 2607 1188 2677 Ouios
1220 2609 1353 2693 quidem
1383 2605 1474 2694 predij

358 2736 474 2784 cursus
490 2725 661 2804 motarum,
678 2717 943 2802 proutinlittcris
959 2717 1103 2803 Capituli
1121 2717 1332 2785 Posoniensis
1349 2715 1477 2784 fidelium

356 2832 534 2892 nostrorum
559 2825 716 2891 contineri
743 2825 894 2910 vidimus,
911 2826 972 2892 hoc
988 2825 1102 2892 ordine
1118 2823 1338 2908 distinguntur
1355 2850 1363 2890 ε
1379 2825 1475 2892 Prima

359 2937 446 2998 meta
461 2931 577 3016 incipit
592 2931 702 2998 anilla
718 2934 839 3019 Torua,
857 2939 890 3000 et
900 2933 992 3000 vadit
1010 2953 1123 3000 versus
1139 2933 1345 3018 aquiioucm3
1369 2929 1477 2998 deinde

358 3045 570 3106 commetatur
601 3041 679 3106 ville
710 3041 887 3125 Sumberg;
913 3040 1032 3108 deinde
1052 3061 1110 3126 per
1126 3040 1224 3108 berch
1242 3041 1347 3125 vergit
1363 3040 1404 3106 ad
1419 3039 1481 3105 lon·

359 3155 424 3214 tem
441 3147 784 3233 Boracnohvoeatun15
810 3155 841 3215 ot
851 3148 926 3217 inde
938 3149 1027 3217 venit
1036 3148 1080 3216 ad
1091 3148 1229 3214 ninnium
1246 3149 1353 3234 hinw3
1376 3146 1482 3214 abhinc

358 3254 401 3320 ad
418 3256 555 3321 riuuluru
582 3257 706 3342 l’ylwu,
724 3255 779 3322 vbi
796 3263 1011 3323 commetatur
1031 3256 1121 3324 villis
1138 3256 1281 3324 liliorum
1297 3253 1484 3343 Tybnrchij3

357 3361 477 3429 deinde
492 3383 606 3430 versus
622 3365 778 3431 orientem
796 3365 913 3432 transit
931 3363 1092 3449 quendam
1115 3371 1255 3431 montem
1272 3366 1376 3432 Suruo
1391 3382 1483 3430 voca·

357 3477 435 3559 tum,
459 3472 550 3537 cuius
582 3493 658 3558 pars
675 3472 751 3538 ville
776 3471 890 3538 Modur
906 3475 1058 3558 pertinet,
1075 3473 1143 3542 alie
1160 3480 1254 3556 parte
1270 3472 1349 3558 filijs
1365 3471 1483 3558 'lybur-

357 3578 398 3662 cij
416 3584 621 3662 remancutc;
646 3579 722 3646 inde
737 3580 917 3647 'descendit
948 3581 990 3646 ad
1022 3581 1136 3648 villam
1167 3581 1318 3665 Dnmbo;
1342 3579 1484 3664 indeper

358 3705 470 3754 nemus
500 3685 639 3770 Zumplo
672 3687 791 3753 dictum
826 3689 913 3754 venit
943 3687 1136 3756 adfluuium
1162 3689 1332 3768 Bononoh;
1354 3685 1485 3754 indeed

357 3794 470 3860 villam
487 3794 590 3878 Vysta
607 3793 745 3860 filiorum
777 3794 902 3863 scilicet
933 3795 1080 3882 Tiburcij
1113 3796 1311 3881 supradicti;
1338 3794 1414 3862 inde
1446 3793 1487 3860 ad

358 3902 471 3969 villam
504 3900 661 3982 circinum
685 3901 762 3969 inde
786 3902 830 3970 ad
848 3909 983 3970 stratum
1001 3904 1176 3992 puplicam,
1192 3925 1256 3988 qne
1273 3903 1363 3970 ducit
1377 3921 1487 3968 versus

357 4009 520 4096 Tyruam3
544 4007 620 4073 iude
635 4009 808 4076 reuertitur
825 4010 868 4076 ad
885 4010 1022 4094 primam
1040 4017 1162 4077 metam
1193 4010 1349 4076 videlicet
1379 4009 1489 4078 villam

357 4117 488 4200 Twrua,
520 4115 629 4198 ibique
660 4117 863 4184 terminatur.
890 4117 933 4183 Vt
949 4119 1048 4202 igitur
1064 4119 1161 4186 huius
1178 4123 1286 4186 nostre
1302 4117 1490 4186 collacionis

358 4225 458 4292 series
474 4223 571 4290 robur
587 4223 734 4311 optineat
749 4232 906 4312 perpetue
921 4226 1096 4313 firmitatis,
1123 4247 1183 4294 nec
1214 4229 1396 4314 aliquorum
1430 4249 1492 4294 ma·

359 4329 550 4398 chinacione
580 4333 784 4415 perturbetur
814 4335 1032 4420 imposterum,
1074 4342 1243 4422 presentes
1275 4337 1493 4406 concessimus

358 4440 486 4505 litteras
502 4438 664 4523 dupplicis
681 4441 782 4527 sigilli
815 4443 919 4510 nostri
950 4443 1128 4512 munimine
1158 4445 1339 4513 roboratas.
1377 4447 1494 4514 Datum

358 4567 417 4633 per
448 4567 562 4614 mannis
595 4548 727 4615 discreti
754 4548 814 4616 viri
830 4551 977 4636 Magistri
993 4553 1157 4622 Theodori
1173 4553 1336 4638 Propositi
1353 4553 1494 4624 Scehini·
