3148 5164
744 321 904 422 jib-d—

245 515 372 582 ohaele
390 517 538 603 Custode,
569 517 674 583 Paulo
692 518 834 603 Deonno,
869 518 1050 600 ueterisque
1068 517 1243 584 Canonieis
1268 514 1395 584 ibidem

260 625 329 690 Deo
347 623 578 692 famulantibus
594 623 712 708 iugiter
729 631 759 690 et
774 624 901 690 denote.

259 821 294 881 (Α
314 823 388 872 bissi
407 823 599 886 kdptalnnnnk
634 823 745 871 1332-Βί
777 821 862 870 »feria
894 823 994 882 quarta
1026 821 1154 884 proxima
1187 823 1253 870 ante
1288 821 1398 870 festum

258 912 340 961 Beati
358 914 460 977 Regis«
483 913 601 962 »nobilis
620 912 665 962 nir
683 912 818 974 Magister
832 909 983 958 Ladizlaus
996 911 1069 960 iilius
1084 909 1247 975 smaragdis
1262 909 1396 960 keresere

258 1000 370 1052 kiedott
403 1003 576 1066 dtiratdbol;
610 1019 625 1052 a
656 1002 742 1051 budai
773 1001 826 1050 kir.
858 1000 986 1049 kamarai
1014 999 1190 1052 lereltdrnak
1221 1000 1394 1064 Zigrdbbsn

402 1107 404 1114 ’
710 1091 774 1140 levo
795 1088 946 1149 reszdbeu.)

785 1943 862 2015 485.

256 2143 286 2206 A
303 2143 403 2208 dodoi
419 2143 647 2228 bdptoloooak
662 2143 930 2227 bizouyoripleoele
956 2141 1103 2227 bizooyoo
1134 2138 1390 2222 birtokererdrdl,

255 2250 339 2334 moly
356 2251 468 2315 Eudre
484 2249 594 2335 kr'rdly
610 2251 641 2314 ts
657 2248 763 2316 Jatab
780 2258 900 2330 mester,
933 2247 1135 2312 Haradduub
1144 2246 1197 2328 fia
1222 2248 1296 2312 uuae
1324 2257 1388 2313 tb'r·

719 2357 792 2420 teat.
813 2351 908 2418 1297.

364 2545 546 2631 Capitulum
563 2547 726 2616 Bodensis
744 2547 892 2615 boolesie
909 2545 1068 2612 uniuersis
1086 2544 1206 2612 Christi
1231 2545 1385 2614 fidelibus

253 2653 367 2740 quibus
384 2662 551 2742 presentes
568 2655 779 2724 ostendentur
794 2656 936 2738 salutem
948 2655 982 2720 in
1001 2674 1039 2720 eo
1070 2653 1127 2736 qni
1157 2659 1208 2720 est
1239 2654 1384 2720 omnium

255 2780 335 2828 nera
350 2762 448 2830 seius.
488 2763 716 2830 Vniuersornm
731 2762 853 2832 notioie
869 2743 934 2828 tam
952 2760 1153 2848 presenoinm
1170 2767 1283 2844 qnam
1302 2761 1386 2826 int-n-

254 2889 364 2936 rorum
381 2869 495 2936 barum
512 2869 735 2937 insinuneione
759 2869 941 2936 litterarum
973 2867 1120 2934 uolumus
1149 2867 1219 2932 fieri
1251 2866 1385 2934 manite-

252 2982 348 3062 stum,
374 2977 461 3060 quod
478 2974 627 3068 dominns
642 2975 790 3042 Andreas
807 2976 870 3042 Dei
889 2975 1001 3058 grauia
1016 2974 1151 3040 illustris
1164 2975 1233 3040 Rex
1251 2973 1385 3057 Hungu-

253 3083 301 3151 rie
317 3082 464 3152 dominus
481 3090 589 3150 noster
604 3083 638 3149 in
656 3083 762 3150 medio
779 3082 880 3149 nostri
898 3081 1116 3167 personaliter
1132 3088 1244 3148 astans
1260 3082 1302 3148 ab
1318 3101 1385 3146 nna

252 3195 355 3274 parte,
387 3197 420 3256 et
437 3191 593 3274 Magister
608 3189 752 3257 Jaeobus
768 3189 854 3256 filins
872 3187 1039 3257 Hemardi
1065 3208 1105 3254 ox
1138 3187 1254 3274 altera,
1283 3206 1385 3272 super

251 3294 449 3380 quibusdam
482 3295 743 3381 possessionibus
759 3297 792 3360 in
809 3295 1082 3379 subseqnentibus
1098 3293 1303 3360 nominandis
1313 3296 1383 3361 tale

251 3403 415 3469 cambium
431 3403 517 3470 inter
533 3423 568 3472 se
584 3403 733 3469 dixerunt
748 3400 817 3468 iore
834 3401 1018 3469 ordinatum
1035 3426 1042 3466 :
1060 3401 1151 3484 qnod
1164 3401 1250 3466 idem
1280 3399 1384 3468 domi-

251 3529 312 3576 nus
338 3510 410 3578 Rex
435 3510 598 3594 quandam
631 3509 871 3594 possessionem
903 3508 1136 3577 Monorokereo
1164 3515 1317 3575 noestam
1347 3509 1381 3574 in

252 3617 415 3684 Comitatu
431 3619 552 3704 Ferrey
578 3617 684 3684 Castri
710 3618 913 3703 existentem,
946 3636 1008 3701 que
1039 3613 1203 3700 quondam
1234 3614 1383 3700 Obepnni

250 3723 309 3806 filij
326 3724 489 3809 Kazmerij
507 3723 622 3810 fuerat,
639 3733 671 3793 et
687 3745 726 3791 eo
743 3723 897 3792 heredum
913 3723 1038 3791 solsoio
1055 3721 1208 3791 destituto
1222 3721 1265 3790 de
1275 3722 1382 3790 medio

251 3831 379 3899 sublato
395 3831 487 3898 iuxta
503 3832 767 3900 consuetudinem
783 3831 887 3914 Regni
905 3831 938 3896 in
956 3829 1202 3912 manusRegias
1212 3827 1379 3914 deuolute,

249 3959 322 4006 uum
347 3939 438 4006 uillis
465 3938 510 4005 ad
542 3937 676 4006 eandem
708 3937 958 4023 pertinentibus,
989 3936 1142 4004 videlieet
1172 3933 1383 4023 biondnentb,

248 4045 454 4131 Zentbpeter,
472 4045 583 4134 Beiud,
600 4047 696 4134 Heyl,
714 4044 869 4113 'ibtbfolu
886 4050 918 4110 et
935 4045 1059 4129 Fynzes
1075 4042 1281 4128 nuncupatis,
1307 4061 1382 4109 eum

250 4153 397 4220 omnibns
412 4152 607 4221 utilitatibus
640 4160 672 4219 et
701 4151 914 4237 pertinenoijs
949 4149 1133 4236 earundem,
1164 4151 1224 4216 sub
1257 4149 1381 4216 eisdem

249 4257 356 4342 metis,
373 4259 478 4344 siguis
495 4265 527 4327 et
543 4259 698 4346 terminis,
715 4259 776 4327 sub
794 4258 912 4342 quibus
928 4257 1002 4342 ipsa
1017 4257 1179 4340 possessio
1196 4257 1309 4324 totalis
1319 4276 1380 4342 per

248 4367 388 4433 eundem
405 4365 594 4453 Obepaunm
610 4367 726 4435 babitu
740 4365 841 4433 inisse
856 4365 1057 4452 dignosoitur
1081 4365 1207 4450 paritor
1238 4373 1271 4432 et
1302 4384 1378 4450 pos-

245 4491 348 4558 sessa,
364 4473 465 4560 dedit,
492 4472 625 4542 tradidit
656 4481 687 4542 et
702 4473 897 4558 assignabit
928 4472 1034 4541 eidem
1066 4471 1221 4558 Magistro
1246 4471 1383 4558 Jnoobo,

237 4586 347 4662 -etper
378 4600 450 4647 eom
476 4580 544 4650 suis
563 4579 736 4648 heredibus
761 4599 799 4647 ae
826 4599 955 4648 suornm
975 4577 1382 4647 beredumsnuoesooribns
