<?xml version="1.0" encoding="UTF-8"?>
<!DOCTYPE html PUBLIC "-//W3C//DTD XHTML 1.0 Transitional//EN"
    "http://www.w3.org/TR/xhtml1/DTD/xhtml1-transitional.dtd">
<html xmlns="http://www.w3.org/1999/xhtml" xml:lang="en" lang="en">
 <head>
  <title>
</title>
<meta http-equiv="Content-Type" content="text/html;charset=utf-8" />
  <meta name='ocr-system' content='tesseract 3.04.00' />
  <meta name='ocr-capabilities' content='ocr_page ocr_carea ocr_par ocr_line ocrx_word'/>
</head>
<body>
  <div class='ocr_page' id='page_1' title='image "./codexdiplomatic06wenzgoog_0287.png"; bbox 0 0 3112 5154; ppageno 0'>
   <div class='ocr_carea' id='block_1_1' title="bbox 790 289 950 390">
    <p class='ocr_par' dir='ltr' id='par_1_1' title="bbox 790 289 950 390">
     <span class='ocr_line' id='line_1_1' title="bbox 790 289 950 390; baseline 0 -34"><span class='ocrx_word' id='word_1_1' title='bbox 790 289 950 390; x_wconf 53' lang='lat' dir='ltr'>2³.ss-</span> 
     </span>
    </p>
   </div>
   <div class='ocr_carea' id='block_1_2' title="bbox 294 481 1550 574">
    <p class='ocr_par' dir='ltr' id='par_1_2' title="bbox 294 481 1550 574">
     <span class='ocr_line' id='line_1_2' title="bbox 294 481 1550 574; baseline -0.007 -18"><span class='ocrx_word' id='word_1_2' title='bbox 294 487 437 556; x_wconf 75' lang='lat' dir='ltr'><strong>=ucmine</strong></span> <span class='ocrx_word' id='word_1_3' title='bbox 451 485 595 556; x_wconf 87' lang='lat' dir='ltr'><strong>eiusdem</strong></span> <span class='ocrx_word' id='word_1_4' title='bbox 612 483 734 561; x_wconf 85' lang='lat' dir='ltr'><strong>domini</strong></span> <span class='ocrx_word' id='word_1_5' title='bbox 749 486 810 574; x_wconf 91' lang='lat' dir='ltr'><strong>sui,</strong></span> <span class='ocrx_word' id='word_1_6' title='bbox 827 504 936 552; x_wconf 88' lang='lat' dir='ltr'><strong>coram</strong></span> <span class='ocrx_word' id='word_1_7' title='bbox 951 483 1046 552; x_wconf 86' lang='lat' dir='ltr'><strong>nobis</strong></span> <span class='ocrx_word' id='word_1_8' title='bbox 1071 481 1291 572; x_wconf 75' lang='lat' dir='ltr'><strong>personaliter</strong></span> <span class='ocrx_word' id='word_1_9' title='bbox 1316 481 1444 550; x_wconf 90' lang='lat' dir='ltr'><strong>consti·</strong></span> <span class='ocrx_word' id='word_1_10' title='bbox 1549 509 1550 574; x_wconf 66' lang='lat'>3</span> 
     </span>
    </p>
   </div>
   <div class='ocr_carea' id='block_1_3' title="bbox 287 589 1442 1328">
    <p class='ocr_par' dir='ltr' id='par_1_3' title="bbox 287 589 1442 1328">
     <span class='ocr_line' id='line_1_3' title="bbox 304 589 1442 683; baseline -0.004 -20"><span class='ocrx_word' id='word_1_11' title='bbox 304 593 605 683; x_wconf 86' lang='lat' dir='ltr'><strong>tutis,idem1wcn</strong></span> <span class='ocrx_word' id='word_1_12' title='bbox 630 593 815 681; x_wconf 77' lang='lat' dir='ltr'><strong>porcionem</strong></span> <span class='ocrx_word' id='word_1_13' title='bbox 846 601 931 661; x_wconf 89' lang='lat' dir='ltr'><strong>terre</strong></span> <span class='ocrx_word' id='word_1_14' title='bbox 963 613 1022 660; x_wconf 89' lang='lat' dir='ltr'><strong>sne</strong></span> <span class='ocrx_word' id='word_1_15' title='bbox 1053 593 1087 660; x_wconf 91' lang='lat' dir='ltr'><strong>in</strong></span> <span class='ocrx_word' id='word_1_16' title='bbox 1118 593 1288 678; x_wconf 87' lang='lat' dir='ltr'><strong>Polyohna</strong></span> <span class='ocrx_word' id='word_1_17' title='bbox 1320 589 1442 676; x_wconf 89' lang='lat' dir='ltr'><strong>ipsum,</strong></span> 
     </span>
     <span class='ocr_line' id='line_1_4' title="bbox 287 697 1442 788; baseline -0.008 -17"><span class='ocrx_word' id='word_1_18' title='bbox 287 703 391 771; x_wconf 80' lang='lat' dir='ltr'><strong>siout</strong></span> <span class='ocrx_word' id='word_1_19' title='bbox 407 702 501 788; x_wconf 85' lang='lat' dir='ltr'><strong>dixit,</strong></span> <span class='ocrx_word' id='word_1_20' title='bbox 533 707 789 788; x_wconf 89' lang='lat' dir='ltr'><strong>concernentem,</strong></span> <span class='ocrx_word' id='word_1_21' title='bbox 821 721 893 768; x_wconf 89' lang='lat' dir='ltr'><strong>cum</strong></span> <span class='ocrx_word' id='word_1_22' title='bbox 910 699 1004 768; x_wconf 89' lang='lat' dir='ltr'><strong>siluis</strong></span> <span class='ocrx_word' id='word_1_23' title='bbox 1021 705 1054 766; x_wconf 88' lang='lat' dir='ltr'><strong>et</strong></span> <span class='ocrx_word' id='word_1_24' title='bbox 1069 698 1235 767; x_wconf 75' lang='lat' dir='ltr'><strong>uniuersis</strong></span> <span class='ocrx_word' id='word_1_25' title='bbox 1260 699 1337 784; x_wconf 86' lang='lat' dir='ltr'><strong>alijs</strong></span> <span class='ocrx_word' id='word_1_26' title='bbox 1364 697 1442 765; x_wconf 85' lang='lat' dir='ltr'><strong>atti·</strong></span> 
     </span>
     <span class='ocr_line' id='line_1_5' title="bbox 303 803 1442 895; baseline -0.004 -19"><span class='ocrx_word' id='word_1_27' title='bbox 303 810 432 895; x_wconf 89' lang='lat' dir='ltr'><strong>nencljs</strong></span> <span class='ocrx_word' id='word_1_28' title='bbox 448 830 487 878; x_wconf 91' lang='lat' dir='ltr'><strong>ao</strong></span> <span class='ocrx_word' id='word_1_29' title='bbox 503 809 698 877; x_wconf 89' lang='lat' dir='ltr'><strong>rtilitatihus</strong></span> <span class='ocrx_word' id='word_1_30' title='bbox 714 809 792 893; x_wconf 86' lang='lat' dir='ltr'><strong>suis,</strong></span> <span class='ocrx_word' id='word_1_31' title='bbox 809 809 871 876; x_wconf 89' lang='lat' dir='ltr'><strong>sub</strong></span> <span class='ocrx_word' id='word_1_32' title='bbox 887 809 993 895; x_wconf 90' lang='lat' dir='ltr'><strong>metis,</strong></span> <span class='ocrx_word' id='word_1_33' title='bbox 1010 808 1157 876; x_wconf 89' lang='lat' dir='ltr'><strong>terminis</strong></span> <span class='ocrx_word' id='word_1_34' title='bbox 1174 814 1206 873; x_wconf 91' lang='lat' dir='ltr'><strong>et</strong></span> <span class='ocrx_word' id='word_1_35' title='bbox 1221 804 1328 891; x_wconf 83' lang='lat' dir='ltr'><strong>signis</strong></span> <span class='ocrx_word' id='word_1_36' title='bbox 1339 803 1442 872; x_wconf 85' lang='lat' dir='ltr'><strong>intra·</strong></span> 
     </span>
     <span class='ocr_line' id='line_1_6' title="bbox 304 912 1442 1004; baseline -0.006 -19"><span class='ocrx_word' id='word_1_37' title='bbox 304 917 435 1004; x_wconf 87' lang='lat' dir='ltr'><strong>scriptis</strong></span> <span class='ocrx_word' id='word_1_38' title='bbox 450 916 618 985; x_wconf 82' lang='lat' dir='ltr'><strong>confessus</strong></span> <span class='ocrx_word' id='word_1_39' title='bbox 636 922 695 1003; x_wconf 89' lang='lat' dir='ltr'><strong>est,</strong></span> <span class='ocrx_word' id='word_1_40' title='bbox 721 935 764 982; x_wconf 84' lang='lat' dir='ltr'><strong>ex</strong></span> <span class='ocrx_word' id='word_1_41' title='bbox 778 915 994 1002; x_wconf 80' lang='lat' dir='ltr'><strong>permissione</strong></span> <span class='ocrx_word' id='word_1_42' title='bbox 1011 921 1043 982; x_wconf 91' lang='lat' dir='ltr'><strong>et</strong></span> <span class='ocrx_word' id='word_1_43' title='bbox 1058 913 1266 1002; x_wconf 90' lang='lat' dir='ltr'><strong>beneplacito</strong></span> <span class='ocrx_word' id='word_1_44' title='bbox 1294 912 1442 996; x_wconf 85' lang='lat' dir='ltr'><strong>Martiny</strong></span> 
     </span>
     <span class='ocr_line' id='line_1_7' title="bbox 307 1020 1442 1106; baseline -0.005 -14"><span class='ocrx_word' id='word_1_45' title='bbox 307 1033 339 1092; x_wconf 90' lang='lat' dir='ltr'><strong>et</strong></span> <span class='ocrx_word' id='word_1_46' title='bbox 354 1023 516 1092; x_wconf 89' lang='lat' dir='ltr'><strong>Dominici</strong></span> <span class='ocrx_word' id='word_1_47' title='bbox 532 1023 667 1091; x_wconf 81' lang='lat' dir='ltr'><strong>fratrum</strong></span> <span class='ocrx_word' id='word_1_48' title='bbox 684 1044 813 1092; x_wconf 86' lang='lat' dir='ltr'><strong>suorum</strong></span> <span class='ocrx_word' id='word_1_49' title='bbox 829 1022 1017 1090; x_wconf 88' lang='lat' dir='ltr'><strong>uendidisse</strong></span> <span class='ocrx_word' id='word_1_50' title='bbox 1033 1022 1140 1092; x_wconf 89' lang='lat' dir='ltr'><strong>cidem</strong></span> <span class='ocrx_word' id='word_1_51' title='bbox 1157 1020 1282 1088; x_wconf 83' lang='lat' dir='ltr'><strong>Oomite</strong></span> <span class='ocrx_word' id='word_1_52' title='bbox 1292 1020 1389 1106; x_wconf 79' lang='lat' dir='ltr'><strong>Elpe,</strong></span> <span class='ocrx_word' id='word_1_53' title='bbox 1407 1027 1442 1086; x_wconf 92' lang='lat' dir='ltr'><strong>et</strong></span> 
     </span>
     <span class='ocr_line' id='line_1_8' title="bbox 303 1129 1442 1218; baseline -0.004 -20"><span class='ocrx_word' id='word_1_54' title='bbox 303 1132 374 1200; x_wconf 90' lang='lat' dir='ltr'><strong>suis</strong></span> <span class='ocrx_word' id='word_1_55' title='bbox 391 1151 448 1218; x_wconf 92' lang='lat' dir='ltr'><strong>per</strong></span> <span class='ocrx_word' id='word_1_56' title='bbox 463 1153 537 1200; x_wconf 88' lang='lat' dir='ltr'><strong>eum</strong></span> <span class='ocrx_word' id='word_1_57' title='bbox 553 1132 729 1200; x_wconf 88' lang='lat' dir='ltr'><strong>heredibus</strong></span> <span class='ocrx_word' id='word_1_58' title='bbox 745 1153 805 1216; x_wconf 90' lang='lat' dir='ltr'><strong>pro</strong></span> <span class='ocrx_word' id='word_1_59' title='bbox 822 1133 962 1214; x_wconf 85' lang='lat' dir='ltr'><strong>triginta</strong></span> <span class='ocrx_word' id='word_1_60' title='bbox 987 1139 1022 1197; x_wconf 91' lang='lat' dir='ltr'><strong>et</strong></span> <span class='ocrx_word' id='word_1_61' title='bbox 1053 1131 1158 1199; x_wconf 89' lang='lat' dir='ltr'><strong>tribus</strong></span> <span class='ocrx_word' id='word_1_62' title='bbox 1189 1130 1308 1196; x_wconf 84' lang='lat' dir='ltr'><strong>marcis</strong></span> <span class='ocrx_word' id='word_1_63' title='bbox 1339 1129 1442 1213; x_wconf 86' lang='lat' dir='ltr'><strong>plene</strong></span> 
     </span>
     <span class='ocr_line' id='line_1_9' title="bbox 306 1238 1439 1328; baseline -0.002 -24"><span class='ocrx_word' id='word_1_64' title='bbox 306 1242 462 1328; x_wconf 88' lang='lat' dir='ltr'><strong>acceptis,</strong></span> <span class='ocrx_word' id='word_1_65' title='bbox 487 1241 571 1308; x_wconf 89' lang='lat' dir='ltr'><strong>sicut</strong></span> <span class='ocrx_word' id='word_1_66' title='bbox 587 1241 680 1326; x_wconf 81' lang='lat' dir='ltr'><strong>dixit,</strong></span> <span class='ocrx_word' id='word_1_67' title='bbox 712 1238 968 1306; x_wconf 88' lang='lat' dir='ltr'><strong>irreuocahiliter</strong></span> <span class='ocrx_word' id='word_1_68' title='bbox 985 1238 1171 1304; x_wconf 82' lang='lat' dir='ltr'><strong>habendam</strong></span> <span class='ocrx_word' id='word_1_69' title='bbox 1189 1244 1221 1303; x_wconf 87' lang='lat' dir='ltr'><strong>et</strong></span> <span class='ocrx_word' id='word_1_70' title='bbox 1238 1239 1308 1304; x_wconf 90' lang='lat' dir='ltr'><strong>iure</strong></span> <span class='ocrx_word' id='word_1_71' title='bbox 1325 1255 1439 1322; x_wconf 88' lang='lat' dir='ltr'><strong>perpe-</strong></span> 
     </span>
    </p>
   </div>
   <div class='ocr_carea' id='block_1_4' title="bbox 306 1345 1550 1432">
    <p class='ocr_par' dir='ltr' id='par_1_4' title="bbox 306 1345 1550 1432">
     <span class='ocr_line' id='line_1_10' title="bbox 306 1345 1550 1432; baseline -0.003 -21"><span class='ocrx_word' id='word_1_72' title='bbox 306 1354 361 1412; x_wconf 92' lang='lat' dir='ltr'><strong>tno</strong></span> <span class='ocrx_word' id='word_1_73' title='bbox 377 1345 616 1432; x_wconf 88' lang='lat' dir='ltr'><strong>possidendam.</strong></span> <span class='ocrx_word' id='word_1_74' title='bbox 628 1347 711 1412; x_wconf 86' lang='lat' dir='ltr'><strong>Item</strong></span> <span class='ocrx_word' id='word_1_75' title='bbox 724 1347 807 1414; x_wconf 81' lang='lat' dir='ltr'><strong>isan</strong></span> <span class='ocrx_word' id='word_1_76' title='bbox 824 1345 909 1412; x_wconf 87' lang='lat' dir='ltr'><strong>tilius</strong></span> <span class='ocrx_word' id='word_1_77' title='bbox 927 1345 1088 1412; x_wconf 82' lang='lat' dir='ltr'><strong>Guerdem</strong></span> <span class='ocrx_word' id='word_1_78' title='bbox 1105 1365 1213 1412; x_wconf 84' lang='lat' dir='ltr'><strong>coram</strong></span> <span class='ocrx_word' id='word_1_79' title='bbox 1224 1345 1318 1412; x_wconf 92' lang='lat' dir='ltr'><strong>nobis</strong></span> <span class='ocrx_word' id='word_1_80' title='bbox 1329 1362 1441 1430; x_wconf 91' lang='lat' dir='ltr'><strong>perso·</strong></span> <span class='ocrx_word' id='word_1_81' title='bbox 1549 1373 1550 1376; x_wconf 37' lang='lat'>¹</span> 
     </span>
    </p>
   </div>
   <div class='ocr_carea' id='block_1_5' title="bbox 305 1451 1441 1538">
    <p class='ocr_par' dir='ltr' id='par_1_5' title="bbox 305 1451 1441 1538">
     <span class='ocr_line' id='line_1_11' title="bbox 305 1451 1441 1538; baseline -0.005 -20"><span class='ocrx_word' id='word_1_82' title='bbox 305 1452 427 1520; x_wconf 88' lang='lat' dir='ltr'><strong>naliter</strong></span> <span class='ocrx_word' id='word_1_83' title='bbox 446 1455 639 1520; x_wconf 89' lang='lat' dir='ltr'><strong>constitutus</strong></span> <span class='ocrx_word' id='word_1_84' title='bbox 660 1453 827 1536; x_wconf 88' lang='lat' dir='ltr'><strong>quandam</strong></span> <span class='ocrx_word' id='word_1_85' title='bbox 844 1451 1040 1537; x_wconf 86' lang='lat' dir='ltr'><strong>particulam</strong></span> <span class='ocrx_word' id='word_1_86' title='bbox 1051 1459 1136 1518; x_wconf 91' lang='lat' dir='ltr'><strong>terre</strong></span> <span class='ocrx_word' id='word_1_87' title='bbox 1146 1473 1213 1538; x_wconf 89' lang='lat' dir='ltr'><strong>sue,</strong></span> <span class='ocrx_word' id='word_1_88' title='bbox 1230 1451 1441 1517; x_wconf 87' lang='lat' dir='ltr'><strong>adiacentem</strong></span> 
     </span>
    </p>
   </div>
   <div class='ocr_carea' id='block_1_6' title="bbox 304 1555 1550 1751">
    <p class='ocr_par' dir='ltr' id='par_1_6' title="bbox 304 1555 1550 1751">
     <span class='ocr_line' id='line_1_12' title="bbox 304 1555 1550 1644; baseline -0.003 -20"><span class='ocrx_word' id='word_1_89' title='bbox 304 1563 390 1625; x_wconf 91' lang='lat' dir='ltr'><strong>terre</strong></span> <span class='ocrx_word' id='word_1_90' title='bbox 405 1559 548 1626; x_wconf 89' lang='lat' dir='ltr'><strong>eiusdem</strong></span> <span class='ocrx_word' id='word_1_91' title='bbox 565 1561 667 1644; x_wconf 86' lang='lat' dir='ltr'><strong>Iwan,</strong></span> <span class='ocrx_word' id='word_1_92' title='bbox 702 1557 850 1626; x_wconf 89' lang='lat' dir='ltr'><strong>uendidit</strong></span> <span class='ocrx_word' id='word_1_93' title='bbox 882 1558 987 1624; x_wconf 90' lang='lat' dir='ltr'><strong>eidem</strong></span> <span class='ocrx_word' id='word_1_94' title='bbox 1019 1555 1137 1626; x_wconf 74' lang='lat' dir='ltr'><strong>domiti</strong></span> <span class='ocrx_word' id='word_1_95' title='bbox 1166 1557 1249 1642; x_wconf 85' lang='lat' dir='ltr'><strong>Elye</strong></span> <span class='ocrx_word' id='word_1_96' title='bbox 1279 1576 1339 1642; x_wconf 93' lang='lat' dir='ltr'><strong>pro</strong></span> <span class='ocrx_word' id='word_1_97' title='bbox 1371 1575 1441 1621; x_wconf 86' lang='lat' dir='ltr'><strong>rna</strong></span> <span class='ocrx_word' id='word_1_98' title='bbox 1549 1597 1550 1600; x_wconf 57' lang='lat'><em>=</em></span> 
     </span>
     <span class='ocr_line' id='line_1_13' title="bbox 305 1662 1550 1751; baseline -0.003 -21"><span class='ocrx_word' id='word_1_99' title='bbox 305 1683 416 1732; x_wconf 88' lang='lat' dir='ltr'><strong>marca</strong></span> <span class='ocrx_word' id='word_1_100' title='bbox 432 1687 540 1732; x_wconf 89' lang='lat' dir='ltr'><strong>coram</strong></span> <span class='ocrx_word' id='word_1_101' title='bbox 557 1667 652 1733; x_wconf 89' lang='lat' dir='ltr'><strong>nobis</strong></span> <span class='ocrx_word' id='word_1_102' title='bbox 684 1673 819 1751; x_wconf 88' lang='lat' dir='ltr'><strong>accepte</strong></span> <span class='ocrx_word' id='word_1_103' title='bbox 848 1667 918 1732; x_wconf 88' lang='lat' dir='ltr'><strong>iure</strong></span> <span class='ocrx_word' id='word_1_104' title='bbox 949 1673 1106 1749; x_wconf 88' lang='lat' dir='ltr'><strong>perpetuo</strong></span> <span class='ocrx_word' id='word_1_105' title='bbox 1138 1662 1370 1750; x_wconf 82' lang='lat' dir='ltr'><strong>possidendam</strong></span> <span class='ocrx_word' id='word_1_106' title='bbox 1406 1669 1440 1728; x_wconf 90' lang='lat' dir='ltr'><strong>et</strong></span> <span class='ocrx_word' id='word_1_107' title='bbox 1549 1671 1550 1674; x_wconf 75' lang='grc'>’</span> 
     </span>
    </p>
   </div>
   <div class='ocr_carea' id='block_1_7' title="bbox 305 1772 1442 2076">
    <p class='ocr_par' dir='ltr' id='par_1_7' title="bbox 305 1772 1442 2076">
     <span class='ocr_line' id='line_1_14' title="bbox 309 1772 1442 1860; baseline -0.003 -23"><span class='ocrx_word' id='word_1_108' title='bbox 309 1772 506 1840; x_wconf 86' lang='lat' dir='ltr'><strong>habendam.</strong></span> <span class='ocrx_word' id='word_1_109' title='bbox 531 1777 616 1840; x_wconf 85' lang='lat' dir='ltr'><strong>Mete</strong></span> <span class='ocrx_word' id='word_1_110' title='bbox 632 1782 742 1840; x_wconf 89' lang='lat' dir='ltr'><strong>autem</strong></span> <span class='ocrx_word' id='word_1_111' title='bbox 759 1783 843 1840; x_wconf 86' lang='lat' dir='ltr'><strong>terre</strong></span> <span class='ocrx_word' id='word_1_112' title='bbox 868 1791 927 1860; x_wconf 91' lang='lat' dir='ltr'><strong>per</strong></span> <span class='ocrx_word' id='word_1_113' title='bbox 953 1773 1071 1838; x_wconf 89' lang='lat' dir='ltr'><strong>dictum</strong></span> <span class='ocrx_word' id='word_1_114' title='bbox 1103 1773 1195 1840; x_wconf 87' lang='lat' dir='ltr'><strong>Irran</strong></span> <span class='ocrx_word' id='word_1_115' title='bbox 1227 1772 1372 1856; x_wconf 90' lang='lat' dir='ltr'><strong>vendite,</strong></span> <span class='ocrx_word' id='word_1_116' title='bbox 1407 1776 1442 1834; x_wconf 88' lang='lat' dir='ltr'><strong>et</strong></span> 
     </span>
     <span class='ocr_line' id='line_1_15' title="bbox 305 1879 1437 1968; baseline 0.003 -25"><span class='ocrx_word' id='word_1_117' title='bbox 305 1882 465 1963; x_wconf 85' lang='lat' dir='ltr'><strong>particule</strong></span> <span class='ocrx_word' id='word_1_118' title='bbox 497 1889 582 1949; x_wconf 88' lang='lat' dir='ltr'><strong>terre</strong></span> <span class='ocrx_word' id='word_1_119' title='bbox 613 1881 744 1948; x_wconf 85' lang='lat' dir='ltr'><strong>vendite</strong></span> <span class='ocrx_word' id='word_1_120' title='bbox 775 1899 835 1966; x_wconf 86' lang='lat' dir='ltr'><strong>per</strong></span> <span class='ocrx_word' id='word_1_121' title='bbox 866 1881 943 1946; x_wconf 91' lang='lat' dir='ltr'><strong>Isan</strong></span> <span class='ocrx_word' id='word_1_122' title='bbox 968 1881 1192 1968; x_wconf 87' lang='lat' dir='ltr'><strong>prescriptum,</strong></span> <span class='ocrx_word' id='word_1_123' title='bbox 1222 1883 1308 1948; x_wconf 87' lang='lat' dir='ltr'><strong>sicut</strong></span> <span class='ocrx_word' id='word_1_124' title='bbox 1338 1879 1437 1946; x_wconf 92' lang='lat' dir='ltr'><strong>homo</strong></span> 
     </span>
     <span class='ocr_line' id='line_1_16' title="bbox 305 1987 1438 2076; baseline -0.002 -21"><span class='ocrx_word' id='word_1_125' title='bbox 305 1997 416 2056; x_wconf 88' lang='lat' dir='ltr'><strong>noster</strong></span> <span class='ocrx_word' id='word_1_126' title='bbox 432 2011 526 2076; x_wconf 84' lang='lat' dir='ltr'><strong>quem</strong></span> <span class='ocrx_word' id='word_1_127' title='bbox 544 1991 587 2057; x_wconf 93' lang='lat' dir='ltr'><strong>ad</strong></span> <span class='ocrx_word' id='word_1_128' title='bbox 604 1989 722 2057; x_wconf 84' lang='lat' dir='ltr'><strong>faciem</strong></span> <span class='ocrx_word' id='word_1_129' title='bbox 740 1990 915 2058; x_wconf 90' lang='lat' dir='ltr'><strong>earundem</strong></span> <span class='ocrx_word' id='word_1_130' title='bbox 932 1993 1131 2072; x_wconf 85' lang='lat' dir='ltr'><strong>miseramus,</strong></span> <span class='ocrx_word' id='word_1_131' title='bbox 1159 1989 1255 2056; x_wconf 91' lang='lat' dir='ltr'><strong>nobis</strong></span> <span class='ocrx_word' id='word_1_132' title='bbox 1271 1987 1438 2074; x_wconf 83' lang='lat' dir='ltr'><strong>recitauit,</strong></span> 
     </span>
    </p>
   </div>
   <div class='ocr_carea' id='block_1_8' title="bbox 306 2097 1550 2185">
    <p class='ocr_par' dir='ltr' id='par_1_8' title="bbox 306 2097 1550 2185">
     <span class='ocr_line' id='line_1_17' title="bbox 306 2097 1550 2185; baseline 0.001 -25"><span class='ocrx_word' id='word_1_133' title='bbox 306 2099 512 2180; x_wconf 85' lang='lat' dir='ltr'><strong>presentibus</strong></span> <span class='ocrx_word' id='word_1_134' title='bbox 528 2106 561 2166; x_wconf 92' lang='lat' dir='ltr'><strong>et</strong></span> <span class='ocrx_word' id='word_1_135' title='bbox 577 2098 859 2166; x_wconf 76' lang='lat' dir='ltr'><strong>consencientibus</strong></span> <span class='ocrx_word' id='word_1_136' title='bbox 878 2097 1107 2166; x_wconf 91' lang='lat' dir='ltr'><strong>commetaneis</strong></span> <span class='ocrx_word' id='word_1_137' title='bbox 1134 2104 1167 2165; x_wconf 89' lang='lat' dir='ltr'><strong>et</strong></span> <span class='ocrx_word' id='word_1_138' title='bbox 1198 2097 1324 2185; x_wconf 88' lang='lat' dir='ltr'><strong>vicinis,</strong></span> <span class='ocrx_word' id='word_1_139' title='bbox 1358 2115 1435 2181; x_wconf 89' lang='lat' dir='ltr'><strong>qno·</strong></span> <span class='ocrx_word' id='word_1_140' title='bbox 1549 2131 1550 2134; x_wconf 18' lang='grc' dir='ltr'>π</span> 
     </span>
    </p>
   </div>
   <div class='ocr_carea' id='block_1_9' title="bbox 306 2203 1436 2289">
    <p class='ocr_par' dir='ltr' id='par_1_9' title="bbox 306 2203 1436 2289">
     <span class='ocr_line' id='line_1_18' title="bbox 306 2203 1436 2289; baseline -0.001 -21"><span class='ocrx_word' id='word_1_141' title='bbox 306 2223 378 2268; x_wconf 90' lang='lat' dir='ltr'><strong>rum</strong></span> <span class='ocrx_word' id='word_1_142' title='bbox 394 2205 525 2272; x_wconf 88' lang='lat' dir='ltr'><strong>nomina</strong></span> <span class='ocrx_word' id='word_1_143' title='bbox 541 2203 676 2272; x_wconf 81' lang='lat' dir='ltr'><strong>inferius</strong></span> <span class='ocrx_word' id='word_1_144' title='bbox 694 2204 927 2289; x_wconf 84' lang='lat' dir='ltr'><strong>exprimuntur,</strong></span> <span class='ocrx_word' id='word_1_145' title='bbox 945 2203 1082 2289; x_wconf 85' lang='lat' dir='ltr'><strong>pacifice</strong></span> <span class='ocrx_word' id='word_1_146' title='bbox 1098 2211 1130 2269; x_wconf 91' lang='lat' dir='ltr'><strong>et</strong></span> <span class='ocrx_word' id='word_1_147' title='bbox 1145 2203 1233 2288; x_wconf 87' lang='lat' dir='ltr'><strong>quite</strong></span> <span class='ocrx_word' id='word_1_148' title='bbox 1249 2212 1354 2270; x_wconf 85' lang='lat' dir='ltr'><strong>erecte</strong></span> <span class='ocrx_word' id='word_1_149' title='bbox 1370 2203 1436 2269; x_wconf 94' lang='lat' dir='ltr'><strong>hoc</strong></span> 
     </span>
    </p>
   </div>
   <div class='ocr_carea' id='block_1_10' title="bbox 306 2309 1550 2506">
    <p class='ocr_par' dir='ltr' id='par_1_10' title="bbox 306 2309 1550 2506">
     <span class='ocr_line' id='line_1_19' title="bbox 306 2309 1550 2398; baseline 0 -22"><span class='ocrx_word' id='word_1_150' title='bbox 306 2309 418 2377; x_wconf 91' lang='lat' dir='ltr'><strong>ordine</strong></span> <span class='ocrx_word' id='word_1_151' title='bbox 434 2311 654 2395; x_wconf 82' lang='lat' dir='ltr'><strong>distinguntur</strong></span> <span class='ocrx_word' id='word_1_152' title='bbox 671 2337 679 2376; x_wconf 77' lang='grc' dir='ltr'><strong><em>ε</em></strong></span> <span class='ocrx_word' id='word_1_153' title='bbox 697 2313 857 2380; x_wconf 85' lang='lat' dir='ltr'><strong>Videlicet</strong></span> <span class='ocrx_word' id='word_1_154' title='bbox 888 2313 994 2396; x_wconf 87' lang='lat' dir='ltr'><strong>prima</strong></span> <span class='ocrx_word' id='word_1_155' title='bbox 1026 2319 1112 2380; x_wconf 84' lang='lat' dir='ltr'><strong>meta</strong></span> <span class='ocrx_word' id='word_1_156' title='bbox 1144 2311 1261 2398; x_wconf 85' lang='lat' dir='ltr'><strong>incipit</strong></span> <span class='ocrx_word' id='word_1_157' title='bbox 1290 2334 1312 2380; x_wconf 87' lang='lat' dir='ltr'><strong>a</strong></span> <span class='ocrx_word' id='word_1_158' title='bbox 1341 2316 1439 2398; x_wconf 84' lang='lat' dir='ltr'><strong>porte</strong></span> <span class='ocrx_word' id='word_1_159' title='bbox 1549 2349 1550 2352; x_wconf 61' lang='lat'><em>=</em></span> 
     </span>
     <span class='ocr_line' id='line_1_20' title="bbox 306 2415 1550 2506; baseline -0.001 -22"><span class='ocrx_word' id='word_1_160' title='bbox 306 2417 441 2487; x_wconf 89' lang='lat' dir='ltr'><strong>orientis</strong></span> <span class='ocrx_word' id='word_1_161' title='bbox 458 2419 491 2485; x_wconf 91' lang='lat' dir='ltr'><strong>in</strong></span> <span class='ocrx_word' id='word_1_162' title='bbox 518 2419 768 2487; x_wconf 86' lang='lat' dir='ltr'><strong>commetacione</strong></span> <span class='ocrx_word' id='word_1_163' title='bbox 800 2427 884 2486; x_wconf 91' lang='lat' dir='ltr'><strong>terre</strong></span> <span class='ocrx_word' id='word_1_164' title='bbox 915 2415 1076 2504; x_wconf 86' lang='lat' dir='ltr'><strong>Stephani</strong></span> <span class='ocrx_word' id='word_1_165' title='bbox 1107 2419 1166 2506; x_wconf 88' lang='lat' dir='ltr'><strong>tilij</strong></span> <span class='ocrx_word' id='word_1_166' title='bbox 1200 2419 1359 2506; x_wconf 86' lang='lat' dir='ltr'><strong>Stephani</strong></span> <span class='ocrx_word' id='word_1_167' title='bbox 1390 2419 1438 2484; x_wconf 85' lang='lat' dir='ltr'><strong>ab</strong></span> <span class='ocrx_word' id='word_1_168' title='bbox 1549 2491 1550 2494; x_wconf 8' lang='grc' dir='ltr'><strong>Ἴ</strong></span> 
     </span>
    </p>
   </div>
   <div class='ocr_carea' id='block_1_11' title="bbox 293 2524 1440 3043">
    <p class='ocr_par' dir='ltr' id='par_1_11' title="bbox 293 2524 1440 3043">
     <span class='ocr_line' id='line_1_21' title="bbox 303 2524 1436 2612; baseline -0.002 -20"><span class='ocrx_word' id='word_1_169' title='bbox 303 2527 423 2593; x_wconf 85' lang='lat' dir='ltr'><strong>arbore</strong></span> <span class='ocrx_word' id='word_1_170' title='bbox 440 2535 560 2612; x_wconf 87' lang='lat' dir='ltr'><strong>gartan</strong></span> <span class='ocrx_word' id='word_1_171' title='bbox 577 2529 804 2612; x_wconf 82' lang='lat' dir='ltr'><strong>crucesignata</strong></span> <span class='ocrx_word' id='word_1_172' title='bbox 819 2532 907 2594; x_wconf 86' lang='lat' dir='ltr'><strong>meta</strong></span> <span class='ocrx_word' id='word_1_173' title='bbox 924 2533 1030 2594; x_wconf 88' lang='lat' dir='ltr'><strong>terrea</strong></span> <span class='ocrx_word' id='word_1_174' title='bbox 1047 2525 1260 2608; x_wconf 85' lang='lat' dir='ltr'><strong>circumfusa;</strong></span> <span class='ocrx_word' id='word_1_175' title='bbox 1284 2524 1363 2592; x_wconf 90' lang='lat' dir='ltr'><strong>inde</strong></span> <span class='ocrx_word' id='word_1_176' title='bbox 1389 2524 1436 2591; x_wconf 83' lang='lat' dir='ltr'><strong>sd</strong></span> 
     </span>
     <span class='ocr_line' id='line_1_22' title="bbox 304 2632 1437 2722; baseline 0.001 -24"><span class='ocrx_word' id='word_1_177' title='bbox 304 2632 438 2700; x_wconf 88' lang='lat' dir='ltr'><strong>fluuium</strong></span> <span class='ocrx_word' id='word_1_178' title='bbox 454 2635 631 2722; x_wconf 83' lang='lat' dir='ltr'><strong>Blanycha,</strong></span> <span class='ocrx_word' id='word_1_179' title='bbox 657 2634 771 2719; x_wconf 92' lang='lat' dir='ltr'><strong>inquo</strong></span> <span class='ocrx_word' id='word_1_180' title='bbox 790 2633 970 2719; x_wconf 86' lang='lat' dir='ltr'><strong>procedens</strong></span> <span class='ocrx_word' id='word_1_181' title='bbox 995 2633 1132 2701; x_wconf 83' lang='lat' dir='ltr'><strong>inferius</strong></span> <span class='ocrx_word' id='word_1_182' title='bbox 1164 2652 1277 2700; x_wconf 89' lang='lat' dir='ltr'><strong>uersus</strong></span> <span class='ocrx_word' id='word_1_183' title='bbox 1308 2641 1437 2718; x_wconf 88' lang='lat' dir='ltr'><strong>partem</strong></span> 
     </span>
     <span class='ocr_line' id='line_1_23' title="bbox 304 2741 1440 2828; baseline 0 -22"><span class='ocrx_word' id='word_1_184' title='bbox 304 2741 481 2810; x_wconf 88' lang='lat' dir='ltr'><strong>occidentis</strong></span> <span class='ocrx_word' id='word_1_185' title='bbox 497 2745 531 2809; x_wconf 91' lang='lat' dir='ltr'><strong>in</strong></span> <span class='ocrx_word' id='word_1_186' title='bbox 548 2763 668 2826; x_wconf 79' lang='lat' dir='ltr'><strong>magno</strong></span> <span class='ocrx_word' id='word_1_187' title='bbox 685 2742 797 2828; x_wconf 89' lang='lat' dir='ltr'><strong>spacio</strong></span> <span class='ocrx_word' id='word_1_188' title='bbox 814 2742 882 2808; x_wconf 85' lang='lat' dir='ltr'><strong>exit</strong></span> <span class='ocrx_word' id='word_1_189' title='bbox 897 2741 942 2808; x_wconf 87' lang='lat' dir='ltr'><strong>ud</strong></span> <span class='ocrx_word' id='word_1_190' title='bbox 958 2748 1078 2808; x_wconf 81' lang='lat' dir='ltr'><strong>metam</strong></span> <span class='ocrx_word' id='word_1_191' title='bbox 1093 2749 1244 2828; x_wconf 86' lang='lat' dir='ltr'><strong>terream,</strong></span> <span class='ocrx_word' id='word_1_192' title='bbox 1260 2743 1294 2808; x_wconf 90' lang='lat' dir='ltr'><strong>in</strong></span> <span class='ocrx_word' id='word_1_193' title='bbox 1310 2747 1440 2826; x_wconf 85' lang='lat' dir='ltr'><strong>quaest</strong></span> 
     </span>
     <span class='ocr_line' id='line_1_24' title="bbox 293 2848 1436 2936; baseline 0.002 -22"><span class='ocrx_word' id='word_1_194' title='bbox 293 2848 560 2936; x_wconf 33' lang='lat' dir='ltr'><strong>‚dumusjawor3</strong></span> <span class='ocrx_word' id='word_1_195' title='bbox 584 2850 662 2918; x_wconf 90' lang='lat' dir='ltr'><strong>inde</strong></span> <span class='ocrx_word' id='word_1_196' title='bbox 678 2853 711 2916; x_wconf 92' lang='lat' dir='ltr'><strong>in</strong></span> <span class='ocrx_word' id='word_1_197' title='bbox 737 2868 802 2916; x_wconf 87' lang='lat' dir='ltr'><strong>vna</strong></span> <span class='ocrx_word' id='word_1_198' title='bbox 832 2850 920 2916; x_wconf 91' lang='lat' dir='ltr'><strong>ualle</strong></span> <span class='ocrx_word' id='word_1_199' title='bbox 950 2868 1062 2916; x_wconf 87' lang='lat' dir='ltr'><strong>uersus</strong></span> <span class='ocrx_word' id='word_1_200' title='bbox 1096 2849 1263 2916; x_wconf 86' lang='lat' dir='ltr'><strong>meridiem</strong></span> <span class='ocrx_word' id='word_1_201' title='bbox 1294 2849 1436 2916; x_wconf 91' lang='lat' dir='ltr'><strong>tendens</strong></span> 
     </span>
     <span class='ocr_line' id='line_1_25' title="bbox 304 2955 1438 3043; baseline 0.005 -23"><span class='ocrx_word' id='word_1_202' title='bbox 304 2957 372 3026; x_wconf 83' lang='lat' dir='ltr'><strong>exit</strong></span> <span class='ocrx_word' id='word_1_203' title='bbox 389 2957 431 3022; x_wconf 88' lang='lat' dir='ltr'><strong>ad</strong></span> <span class='ocrx_word' id='word_1_204' title='bbox 447 2969 566 3026; x_wconf 86' lang='lat' dir='ltr'><strong>metam</strong></span> <span class='ocrx_word' id='word_1_205' title='bbox 580 2963 719 3024; x_wconf 86' lang='lat' dir='ltr'><strong>terream</strong></span> <span class='ocrx_word' id='word_1_206' title='bbox 735 2957 831 3024; x_wconf 86' lang='lat' dir='ltr'><strong>sitam</strong></span> <span class='ocrx_word' id='word_1_207' title='bbox 849 2957 942 3024; x_wconf 85' lang='lat' dir='ltr'><strong>iuxta</strong></span> <span class='ocrx_word' id='word_1_208' title='bbox 958 2957 1064 3043; x_wconf 73' lang='lat' dir='ltr'><strong>viam,</strong></span> <span class='ocrx_word' id='word_1_209' title='bbox 1088 2955 1166 3024; x_wconf 90' lang='lat' dir='ltr'><strong>inde</strong></span> <span class='ocrx_word' id='word_1_210' title='bbox 1180 2957 1216 3023; x_wconf 93' lang='lat' dir='ltr'><strong>in</strong></span> <span class='ocrx_word' id='word_1_211' title='bbox 1232 2957 1347 3026; x_wconf 89' lang='lat' dir='ltr'><strong>eadem</strong></span> <span class='ocrx_word' id='word_1_212' title='bbox 1378 2957 1438 3026; x_wconf 87' lang='lat' dir='ltr'><strong>ria</strong></span> 
     </span>
    </p>
   </div>
   <div class='ocr_carea' id='block_1_12' title="bbox 304 3062 1550 3151">
    <p class='ocr_par' dir='ltr' id='par_1_12' title="bbox 304 3062 1550 3151">
     <span class='ocr_line' id='line_1_26' title="bbox 304 3062 1550 3151; baseline 0.002 -23"><span class='ocrx_word' id='word_1_213' title='bbox 304 3062 446 3130; x_wconf 86' lang='lat' dir='ltr'><strong>declinat</strong></span> <span class='ocrx_word' id='word_1_214' title='bbox 461 3085 577 3134; x_wconf 87' lang='lat' dir='ltr'><strong>uersus</strong></span> <span class='ocrx_word' id='word_1_215' title='bbox 592 3072 719 3151; x_wconf 87' lang='lat' dir='ltr'><strong>partem</strong></span> <span class='ocrx_word' id='word_1_216' title='bbox 745 3063 931 3151; x_wconf 88' lang='lat' dir='ltr'><strong>occidentis,</strong></span> <span class='ocrx_word' id='word_1_217' title='bbox 965 3069 998 3130; x_wconf 91' lang='lat' dir='ltr'><strong>et</strong></span> <span class='ocrx_word' id='word_1_218' title='bbox 1028 3063 1177 3150; x_wconf 88' lang='lat' dir='ltr'><strong>peruenit</strong></span> <span class='ocrx_word' id='word_1_219' title='bbox 1208 3063 1252 3130; x_wconf 92' lang='lat' dir='ltr'><strong>ad</strong></span> <span class='ocrx_word' id='word_1_220' title='bbox 1278 3083 1437 3149; x_wconf 81' lang='lat' dir='ltr'><strong>magnam</strong></span> <span class='ocrx_word' id='word_1_221' title='bbox 1549 3113 1550 3118; x_wconf 17' lang='grc' dir='ltr'>η</span> 
     </span>
    </p>
   </div>
   <div class='ocr_carea' id='block_1_13' title="bbox 303 3170 1438 3365">
    <p class='ocr_par' dir='ltr' id='par_1_13' title="bbox 303 3170 1438 3365">
     <span class='ocr_line' id='line_1_27' title="bbox 303 3170 1437 3258; baseline 0.004 -22"><span class='ocrx_word' id='word_1_222' title='bbox 303 3171 403 3256; x_wconf 87' lang='lat' dir='ltr'><strong>uiam,</strong></span> <span class='ocrx_word' id='word_1_223' title='bbox 428 3172 484 3239; x_wconf 88' lang='lat' dir='ltr'><strong>uhi</strong></span> <span class='ocrx_word' id='word_1_224' title='bbox 500 3180 549 3240; x_wconf 87' lang='lat' dir='ltr'><strong>est</strong></span> <span class='ocrx_word' id='word_1_225' title='bbox 565 3180 653 3238; x_wconf 85' lang='lat' dir='ltr'><strong>meta</strong></span> <span class='ocrx_word' id='word_1_226' title='bbox 668 3180 787 3258; x_wconf 86' lang='lat' dir='ltr'><strong>terrea,</strong></span> <span class='ocrx_word' id='word_1_227' title='bbox 816 3170 927 3254; x_wconf 87' lang='lat' dir='ltr'><strong>ibique</strong></span> <span class='ocrx_word' id='word_1_228' title='bbox 942 3179 1154 3239; x_wconf 87' lang='lat' dir='ltr'><strong>commetatur</strong></span> <span class='ocrx_word' id='word_1_229' title='bbox 1169 3171 1329 3257; x_wconf 85' lang='lat' dir='ltr'><strong>particule</strong></span> <span class='ocrx_word' id='word_1_230' title='bbox 1345 3177 1437 3240; x_wconf 89' lang='lat' dir='ltr'><strong>terre</strong></span> 
     </span>
     <span class='ocr_line' id='line_1_28' title="bbox 303 3278 1438 3365; baseline 0.002 -18"><span class='ocrx_word' id='word_1_231' title='bbox 303 3280 434 3347; x_wconf 85' lang='lat' dir='ltr'><strong>vendite</strong></span> <span class='ocrx_word' id='word_1_232' title='bbox 450 3300 508 3365; x_wconf 90' lang='lat' dir='ltr'><strong>per</strong></span> <span class='ocrx_word' id='word_1_233' title='bbox 523 3281 600 3347; x_wconf 88' lang='lat' dir='ltr'><strong>Isan</strong></span> <span class='ocrx_word' id='word_1_234' title='bbox 617 3278 796 3365; x_wconf 84' lang='lat' dir='ltr'><strong>prefatum3</strong></span> <span class='ocrx_word' id='word_1_235' title='bbox 820 3278 898 3346; x_wconf 89' lang='lat' dir='ltr'><strong>iude</strong></span> <span class='ocrx_word' id='word_1_236' title='bbox 913 3278 947 3344; x_wconf 92' lang='lat' dir='ltr'><strong>in</strong></span> <span class='ocrx_word' id='word_1_237' title='bbox 963 3278 1077 3348; x_wconf 83' lang='lat' dir='ltr'><strong>eadem</strong></span> <span class='ocrx_word' id='word_1_238' title='bbox 1093 3299 1216 3365; x_wconf 80' lang='lat' dir='ltr'><strong>magna</strong></span> <span class='ocrx_word' id='word_1_239' title='bbox 1233 3281 1287 3346; x_wconf 83' lang='lat' dir='ltr'><strong>via</strong></span> <span class='ocrx_word' id='word_1_240' title='bbox 1318 3297 1438 3349; x_wconf 88' lang='lat' dir='ltr'><strong>uersus</strong></span> 
     </span>
    </p>
   </div>
   <div class='ocr_carea' id='block_1_14' title="bbox 303 3385 1550 3473">
    <p class='ocr_par' dir='ltr' id='par_1_14' title="bbox 303 3385 1550 3473">
     <span class='ocr_line' id='line_1_29' title="bbox 303 3385 1550 3473; baseline 0.001 -19"><span class='ocrx_word' id='word_1_241' title='bbox 303 3387 471 3454; x_wconf 88' lang='lat' dir='ltr'><strong>meridiem</strong></span> <span class='ocrx_word' id='word_1_242' title='bbox 488 3387 666 3473; x_wconf 85' lang='lat' dir='ltr'><strong>procedens</strong></span> <span class='ocrx_word' id='word_1_243' title='bbox 683 3387 751 3455; x_wconf 88' lang='lat' dir='ltr'><strong>exit</strong></span> <span class='ocrx_word' id='word_1_244' title='bbox 767 3385 811 3453; x_wconf 90' lang='lat' dir='ltr'><strong>ad</strong></span> <span class='ocrx_word' id='word_1_245' title='bbox 825 3388 975 3454; x_wconf 85' lang='lat' dir='ltr'><strong>arborem</strong></span> <span class='ocrx_word' id='word_1_246' title='bbox 991 3385 1063 3452; x_wconf 91' lang='lat' dir='ltr'><strong>ihor</strong></span> <span class='ocrx_word' id='word_1_247' title='bbox 1073 3386 1333 3472; x_wconf 85' lang='lat' dir='ltr'><strong>crucesignatam</strong></span> <span class='ocrx_word' id='word_1_248' title='bbox 1345 3395 1438 3455; x_wconf 87' lang='lat' dir='ltr'><strong>meta</strong></span> <span class='ocrx_word' id='word_1_249' title='bbox 1549 3461 1550 3464; x_wconf 47' lang='lat'><strong>,</strong></span> 
     </span>
    </p>
   </div>
   <div class='ocr_carea' id='block_1_15' title="bbox 302 3493 1440 3688">
    <p class='ocr_par' dir='ltr' id='par_1_15' title="bbox 302 3493 1440 3688">
     <span class='ocr_line' id='line_1_30' title="bbox 302 3493 1440 3580; baseline 0.002 -20"><span class='ocrx_word' id='word_1_250' title='bbox 302 3503 409 3562; x_wconf 88' lang='lat' dir='ltr'><strong>terrea</strong></span> <span class='ocrx_word' id='word_1_251' title='bbox 426 3494 655 3564; x_wconf 85' lang='lat' dir='ltr'><strong>circumfusam</strong></span> <span class='ocrx_word' id='word_1_252' title='bbox 670 3516 678 3580; x_wconf 72' lang='grc' dir='ltr'><strong><em>ς</em></strong></span> <span class='ocrx_word' id='word_1_253' title='bbox 693 3495 770 3563; x_wconf 88' lang='lat' dir='ltr'><strong>inde</strong></span> <span class='ocrx_word' id='word_1_254' title='bbox 787 3493 909 3560; x_wconf 90' lang='lat' dir='ltr'><strong>directe</strong></span> <span class='ocrx_word' id='word_1_255' title='bbox 925 3493 1105 3578; x_wconf 86' lang='lat' dir='ltr'><strong>procedens</strong></span> <span class='ocrx_word' id='word_1_256' title='bbox 1121 3494 1210 3560; x_wconf 92' lang='lat' dir='ltr'><strong>uenit</strong></span> <span class='ocrx_word' id='word_1_257' title='bbox 1225 3493 1269 3560; x_wconf 89' lang='lat' dir='ltr'><strong>ad</strong></span> <span class='ocrx_word' id='word_1_258' title='bbox 1284 3495 1440 3562; x_wconf 86' lang='lat' dir='ltr'><strong>arborem</strong></span> 
     </span>
     <span class='ocr_line' id='line_1_31' title="bbox 303 3601 1439 3688; baseline -0.001 -18"><span class='ocrx_word' id='word_1_259' title='bbox 303 3605 387 3670; x_wconf 89' lang='lat' dir='ltr'><strong>haas</strong></span> <span class='ocrx_word' id='word_1_260' title='bbox 404 3603 661 3688; x_wconf 83' lang='lat' dir='ltr'><strong>crucesignatam</strong></span> <span class='ocrx_word' id='word_1_261' title='bbox 677 3611 764 3672; x_wconf 87' lang='lat' dir='ltr'><strong>meta</strong></span> <span class='ocrx_word' id='word_1_262' title='bbox 781 3611 888 3671; x_wconf 90' lang='lat' dir='ltr'><strong>terrea</strong></span> <span class='ocrx_word' id='word_1_263' title='bbox 904 3601 1142 3688; x_wconf 81' lang='lat' dir='ltr'><strong>circumfusam,</strong></span> <span class='ocrx_word' id='word_1_264' title='bbox 1160 3601 1256 3670; x_wconf 83' lang='lat' dir='ltr'><strong>sitam</strong></span> <span class='ocrx_word' id='word_1_265' title='bbox 1273 3601 1439 3669; x_wconf 87' lang='lat' dir='ltr'><strong>inxtadn-</strong></span> 
     </span>
    </p>
   </div>
   <div class='ocr_carea' id='block_1_16' title="bbox 226 3707 1550 4010">
    <p class='ocr_par' dir='ltr' id='par_1_16' title="bbox 226 3707 1550 4010">
     <span class='ocr_line' id='line_1_32' title="bbox 302 3707 1550 3798; baseline 0 -20"><span class='ocrx_word' id='word_1_266' title='bbox 302 3712 390 3778; x_wconf 84' lang='lat' dir='ltr'><strong>ulum</strong></span> <span class='ocrx_word' id='word_1_267' title='bbox 408 3708 635 3798; x_wconf 79' lang='lat' dir='ltr'><strong>Charnarelra3</strong></span> <span class='ocrx_word' id='word_1_268' title='bbox 661 3708 735 3777; x_wconf 91' lang='lat' dir='ltr'><strong>inde</strong></span> <span class='ocrx_word' id='word_1_269' title='bbox 759 3711 792 3776; x_wconf 95' lang='lat' dir='ltr'><strong>in</strong></span> <span class='ocrx_word' id='word_1_270' title='bbox 810 3709 924 3777; x_wconf 92' lang='lat' dir='ltr'><strong>eodem</strong></span> <span class='ocrx_word' id='word_1_271' title='bbox 955 3709 1052 3775; x_wconf 89' lang='lat' dir='ltr'><strong>fluuio</strong></span> <span class='ocrx_word' id='word_1_272' title='bbox 1083 3709 1264 3796; x_wconf 88' lang='lat' dir='ltr'><strong>procedens</strong></span> <span class='ocrx_word' id='word_1_273' title='bbox 1295 3707 1439 3778; x_wconf 86' lang='lat' dir='ltr'><strong>inferius</strong></span> <span class='ocrx_word' id='word_1_274' title='bbox 1549 3775 1550 3778; x_wconf 74' lang='grc'>,</span> 
     </span>
     <span class='ocr_line' id='line_1_33' title="bbox 226 3801 1550 3905; baseline -0.002 -20"><span class='ocrx_word' id='word_1_275' title='bbox 226 3825 230 3836; x_wconf 90' lang='grc'><em>“</em></span> <span class='ocrx_word' id='word_1_276' title='bbox 286 3801 394 3886; x_wconf 47' lang='lat' dir='ltr'><strong>&#39;iuxta</strong></span> <span class='ocrx_word' id='word_1_277' title='bbox 411 3827 530 3885; x_wconf 88' lang='lat' dir='ltr'><strong>terram</strong></span> <span class='ocrx_word' id='word_1_278' title='bbox 546 3818 696 3905; x_wconf 83' lang='lat' dir='ltr'><strong>Magistri</strong></span> <span class='ocrx_word' id='word_1_279' title='bbox 711 3819 805 3905; x_wconf 87' lang='lat' dir='ltr'><strong>Moys</strong></span> <span class='ocrx_word' id='word_1_280' title='bbox 821 3820 855 3884; x_wconf 93' lang='lat' dir='ltr'><strong>in</strong></span> <span class='ocrx_word' id='word_1_281' title='bbox 873 3839 991 3902; x_wconf 83' lang='lat' dir='ltr'><strong>magno</strong></span> <span class='ocrx_word' id='word_1_282' title='bbox 1008 3818 1118 3903; x_wconf 86' lang='lat' dir='ltr'><strong>spacio</strong></span> <span class='ocrx_word' id='word_1_283' title='bbox 1136 3819 1226 3885; x_wconf 89' lang='lat' dir='ltr'><strong>uenit</strong></span> <span class='ocrx_word' id='word_1_284' title='bbox 1243 3815 1286 3884; x_wconf 89' lang='lat' dir='ltr'><strong>ad</strong></span> <span class='ocrx_word' id='word_1_285' title='bbox 1314 3817 1438 3904; x_wconf 88' lang='lat' dir='ltr'><strong>locum,</strong></span> <span class='ocrx_word' id='word_1_286' title='bbox 1549 3841 1550 3846; x_wconf 45' lang='lat'>¹</span> 
     </span>
     <span class='ocr_line' id='line_1_34' title="bbox 302 3909 1550 4010; baseline -0.007 -17"><span class='ocrx_word' id='word_1_287' title='bbox 302 3927 360 3993; x_wconf 90' lang='lat' dir='ltr'><strong>ubi</strong></span> <span class='ocrx_word' id='word_1_288' title='bbox 376 3925 509 4010; x_wconf 89' lang='lat' dir='ltr'><strong>quidam</strong></span> <span class='ocrx_word' id='word_1_289' title='bbox 526 3927 614 3992; x_wconf 87' lang='lat' dir='ltr'><strong>riuus</strong></span> <span class='ocrx_word' id='word_1_290' title='bbox 630 3927 810 3996; x_wconf 90' lang='lat' dir='ltr'><strong>Dobouech</strong></span> <span class='ocrx_word' id='word_1_291' title='bbox 826 3931 960 3994; x_wconf 86' lang='lat' dir='ltr'><strong>uocatus</strong></span> <span class='ocrx_word' id='word_1_292' title='bbox 977 3925 1117 3993; x_wconf 84' lang='lat' dir='ltr'><strong>caditis</strong></span> <span class='ocrx_word' id='word_1_293' title='bbox 1142 3923 1267 3992; x_wconf 88' lang='lat' dir='ltr'><strong>dictum</strong></span> <span class='ocrx_word' id='word_1_294' title='bbox 1298 3921 1442 3990; x_wconf 87' lang='lat' dir='ltr'><strong>lluuinm</strong></span> <span class='ocrx_word' id='word_1_295' title='bbox 1549 3909 1550 3984; x_wconf 74' lang='grc' dir='ltr'>ξ</span> 
     </span>
    </p>
   </div>
   <div class='ocr_carea' id='block_1_17' title="bbox 287 4031 1550 4662">
    <p class='ocr_par' dir='ltr' id='par_1_17' title="bbox 287 4031 1550 4662">
     <span class='ocr_line' id='line_1_35' title="bbox 303 4031 1441 4121; baseline 0 -21"><span class='ocrx_word' id='word_1_296' title='bbox 303 4033 526 4121; x_wconf 84' lang='lat' dir='ltr'><strong>Oharnareha,</strong></span> <span class='ocrx_word' id='word_1_297' title='bbox 558 4035 670 4118; x_wconf 84' lang='lat' dir='ltr'><strong>ibique</strong></span> <span class='ocrx_word' id='word_1_298' title='bbox 687 4042 736 4102; x_wconf 89' lang='lat' dir='ltr'><strong>est</strong></span> <span class='ocrx_word' id='word_1_299' title='bbox 752 4035 847 4101; x_wconf 86' lang='lat' dir='ltr'><strong>arbor</strong></span> <span class='ocrx_word' id='word_1_300' title='bbox 863 4042 983 4116; x_wconf 80' lang='lat' dir='ltr'><strong>garten</strong></span> <span class='ocrx_word' id='word_1_301' title='bbox 1011 4033 1248 4119; x_wconf 72' lang='lat' dir='ltr'><strong>crucesignato,</strong></span> <span class='ocrx_word' id='word_1_302' title='bbox 1281 4031 1341 4098; x_wconf 87' lang='lat' dir='ltr'><strong>suh</strong></span> <span class='ocrx_word' id='word_1_303' title='bbox 1367 4051 1441 4114; x_wconf 89' lang='lat' dir='ltr'><strong>qua</strong></span> 
     </span>
     <span class='ocr_line' id='line_1_36' title="bbox 302 4132 1442 4228; baseline -0.004 -18"><span class='ocrx_word' id='word_1_304' title='bbox 302 4149 351 4210; x_wconf 87' lang='lat' dir='ltr'><strong>est</strong></span> <span class='ocrx_word' id='word_1_305' title='bbox 366 4149 455 4210; x_wconf 90' lang='lat' dir='ltr'><strong>meta</strong></span> <span class='ocrx_word' id='word_1_306' title='bbox 468 4151 596 4228; x_wconf 87' lang='lat' dir='ltr'><strong>terrea;</strong></span> <span class='ocrx_word' id='word_1_307' title='bbox 619 4142 696 4211; x_wconf 91' lang='lat' dir='ltr'><strong>inde</strong></span> <span class='ocrx_word' id='word_1_308' title='bbox 711 4143 746 4209; x_wconf 91' lang='lat' dir='ltr'><strong>in</strong></span> <span class='ocrx_word' id='word_1_309' title='bbox 763 4132 877 4212; x_wconf 89' lang='lat' dir='ltr'><strong>eodem</strong></span> <span class='ocrx_word' id='word_1_310' title='bbox 895 4141 967 4208; x_wconf 91' lang='lat' dir='ltr'><strong>riuo</strong></span> <span class='ocrx_word' id='word_1_311' title='bbox 984 4139 1169 4222; x_wconf 88' lang='lat' dir='ltr'><strong>Dobouech,</strong></span> <span class='ocrx_word' id='word_1_312' title='bbox 1201 4139 1442 4208; x_wconf 84' lang='lat' dir='ltr'><strong>iuxtaterram</strong></span> 
     </span>
     <span class='ocr_line' id='line_1_37' title="bbox 300 4245 1443 4338; baseline -0.002 -20"><span class='ocrx_word' id='word_1_313' title='bbox 300 4251 382 4318; x_wconf 91' lang='lat' dir='ltr'><strong>dicti</strong></span> <span class='ocrx_word' id='word_1_314' title='bbox 397 4253 498 4338; x_wconf 85' lang='lat' dir='ltr'><strong>Iwan,</strong></span> <span class='ocrx_word' id='word_1_315' title='bbox 530 4271 569 4317; x_wconf 89' lang='lat' dir='ltr'><strong>ac</strong></span> <span class='ocrx_word' id='word_1_316' title='bbox 584 4251 749 4318; x_wconf 90' lang='lat' dir='ltr'><strong>Dominici</strong></span> <span class='ocrx_word' id='word_1_317' title='bbox 765 4250 874 4318; x_wconf 82' lang='lat' dir='ltr'><strong>fratris</strong></span> <span class='ocrx_word' id='word_1_318' title='bbox 900 4249 1047 4318; x_wconf 88' lang='lat' dir='ltr'><strong>eiusdem</strong></span> <span class='ocrx_word' id='word_1_319' title='bbox 1070 4246 1250 4335; x_wconf 90' lang='lat' dir='ltr'><strong>procedens</strong></span> <span class='ocrx_word' id='word_1_320' title='bbox 1282 4245 1443 4330; x_wconf 87' lang='lat' dir='ltr'><strong>superius</strong></span> 
     </span>
     <span class='ocr_line' id='line_1_38' title="bbox 301 4354 1550 4454; baseline -0.002 -28"><span class='ocrx_word' id='word_1_321' title='bbox 301 4380 416 4430; x_wconf 90' lang='lat' dir='ltr'><strong>uersus</strong></span> <span class='ocrx_word' id='word_1_322' title='bbox 430 4367 557 4448; x_wconf 87' lang='lat' dir='ltr'><strong>partem</strong></span> <span class='ocrx_word' id='word_1_323' title='bbox 573 4361 813 4448; x_wconf 88' lang='lat' dir='ltr'><strong>septemtrionis</strong></span> <span class='ocrx_word' id='word_1_324' title='bbox 828 4361 863 4427; x_wconf 92' lang='lat' dir='ltr'><strong>in</strong></span> <span class='ocrx_word' id='word_1_325' title='bbox 879 4379 998 4444; x_wconf 85' lang='lat' dir='ltr'><strong>magno</strong></span> <span class='ocrx_word' id='word_1_326' title='bbox 1014 4359 1124 4446; x_wconf 88' lang='lat' dir='ltr'><strong>spacio</strong></span> <span class='ocrx_word' id='word_1_327' title='bbox 1141 4357 1210 4426; x_wconf 86' lang='lat' dir='ltr'><strong>exit</strong></span> <span class='ocrx_word' id='word_1_328' title='bbox 1234 4354 1278 4422; x_wconf 93' lang='lat' dir='ltr'><strong>ad</strong></span> <span class='ocrx_word' id='word_1_329' title='bbox 1310 4361 1441 4424; x_wconf 88' lang='lat' dir='ltr'><strong>metam</strong></span> <span class='ocrx_word' id='word_1_330' title='bbox 1549 4439 1550 4454; x_wconf 11' lang='grc' dir='ltr'>χ</span> 
     </span>
     <span class='ocr_line' id='line_1_39' title="bbox 299 4462 1442 4555; baseline -0.003 -21"><span class='ocrx_word' id='word_1_331' title='bbox 299 4476 438 4536; x_wconf 89' lang='lat' dir='ltr'><strong>terream</strong></span> <span class='ocrx_word' id='word_1_332' title='bbox 455 4468 553 4536; x_wconf 90' lang='lat' dir='ltr'><strong>sitam</strong></span> <span class='ocrx_word' id='word_1_333' title='bbox 570 4470 662 4536; x_wconf 86' lang='lat' dir='ltr'><strong>iuxta</strong></span> <span class='ocrx_word' id='word_1_334' title='bbox 678 4467 783 4555; x_wconf 72' lang='lat' dir='ltr'><strong>uiam,</strong></span> <span class='ocrx_word' id='word_1_335' title='bbox 807 4467 884 4535; x_wconf 93' lang='lat' dir='ltr'><strong>inde</strong></span> <span class='ocrx_word' id='word_1_336' title='bbox 900 4471 934 4535; x_wconf 92' lang='lat' dir='ltr'><strong>in</strong></span> <span class='ocrx_word' id='word_1_337' title='bbox 951 4467 1065 4538; x_wconf 86' lang='lat' dir='ltr'><strong>eadem</strong></span> <span class='ocrx_word' id='word_1_338' title='bbox 1098 4464 1153 4532; x_wconf 90' lang='lat' dir='ltr'><strong>nia</strong></span> <span class='ocrx_word' id='word_1_339' title='bbox 1185 4462 1369 4548; x_wconf 90' lang='lat' dir='ltr'><strong>procedens</strong></span> <span class='ocrx_word' id='word_1_340' title='bbox 1401 4463 1442 4530; x_wconf 91' lang='lat' dir='ltr'><strong>in</strong></span> 
     </span>
     <span class='ocr_line' id='line_1_40' title="bbox 287 4567 1550 4662; baseline -0.005 -22"><span class='ocrx_word' id='word_1_341' title='bbox 287 4593 418 4658; x_wconf 81' lang='lat' dir='ltr'><strong>:magno</strong></span> <span class='ocrx_word' id='word_1_342' title='bbox 435 4577 547 4662; x_wconf 89' lang='lat' dir='ltr'><strong>spacio</strong></span> <span class='ocrx_word' id='word_1_343' title='bbox 563 4576 655 4644; x_wconf 88' lang='lat' dir='ltr'><strong>uenit</strong></span> <span class='ocrx_word' id='word_1_344' title='bbox 671 4575 713 4642; x_wconf 87' lang='lat' dir='ltr'><strong>ad</strong></span> <span class='ocrx_word' id='word_1_345' title='bbox 728 4581 847 4645; x_wconf 86' lang='lat' dir='ltr'><strong>metam</strong></span> <span class='ocrx_word' id='word_1_346' title='bbox 865 4583 1025 4658; x_wconf 72' lang='lat' dir='ltr'><strong>terream,</strong></span> <span class='ocrx_word' id='word_1_347' title='bbox 1049 4572 1126 4642; x_wconf 89' lang='lat' dir='ltr'><strong>inde</strong></span> <span class='ocrx_word' id='word_1_348' title='bbox 1143 4571 1176 4639; x_wconf 90' lang='lat' dir='ltr'><strong>in</strong></span> <span class='ocrx_word' id='word_1_349' title='bbox 1193 4569 1262 4640; x_wconf 84' lang='lat' dir='ltr'><strong>ulia</strong></span> <span class='ocrx_word' id='word_1_350' title='bbox 1277 4569 1334 4638; x_wconf 86' lang='lat' dir='ltr'><strong>uia</strong></span> <span class='ocrx_word' id='word_1_351' title='bbox 1359 4589 1442 4656; x_wconf 90' lang='lat' dir='ltr'><strong>pro·</strong></span> <span class='ocrx_word' id='word_1_352' title='bbox 1549 4567 1550 4634; x_wconf 71' lang='lat' dir='ltr'>f</span> 
     </span>
    </p>
   </div>
   <div class='ocr_carea' id='block_1_18' title="bbox 0 0 1560 5154">
    <p class='ocr_par' dir='ltr' id='par_1_18' title="bbox 0 0 1560 5154">
     <span class='ocr_line' id='line_1_41' title="bbox 0 0 1560 5154; baseline 0 0"><span class='ocrx_word' id='word_1_353' title='bbox 0 0 1560 5154; x_wconf 95' lang='lat' dir='ltr'><strong> </strong></span> 
     </span>
    </p>
   </div>
  </div>
 </body>
</html>
