3112 5154
789 233 948 335 „su-e-

302 435 454 502 immeriti
470 433 664 516 disponente
688 429 825 497 Domino
857 428 1024 498 constituti
1055 429 1145 496 circa
1174 430 1368 514 generalem
1383 452 1443 499 eu—

301 564 371 608 ram
403 539 623 608 Ecclesiarum
655 537 796 607 omnium
827 539 918 606 iuxta
948 536 1125 622 pastoralis
1160 537 1257 623 ottoij
1284 539 1434 607 debitum

302 649 444 718 sollicita
471 647 644 732 diligentia
660 653 693 713 st
726 646 877 730 diligenti
907 643 1125 712 sollicitudine
1156 643 1354 730 vigilamus;
1379 647 1437 716 sed

301 759 346 824 ad
362 758 438 824 illas
453 755 633 842 potissime,
650 772 712 837 que
728 751 895 819 viduitatis
916 751 1090 837 deplorant
1104 751 1323 842 incommoda,
1340 761 1433 822 tanto

301 863 457 932 attentius
473 867 581 930 nostre
597 859 868 928 considerationis
887 866 1110 943 retorquemus
1135 858 1299 948 intuitum,
1331 867 1436 928 tanto-

301 991 365 1058 que
381 969 567 1056 studiosius,
591 973 626 1035 ut
641 967 687 1035 eis
702 974 849 1054 pastores
860 965 1067 1053 preficiantur
1084 965 1217 1055 ydonei,
1233 972 1435 1054 opportunos

301 1081 439 1165 labores,
455 1083 611 1163 quantum
631 1074 725 1142 nobis
756 1073 954 1160 permittitur
969 1091 1011 1138 ex
1043 1073 1122 1160 atto,
1152 1073 1361 1144 incessanter
1376 1077 1433 1142 im-

166 1247 169 1252 .
302 1187 485 1274 pendimus,
518 1189 637 1268 quanto
668 1182 832 1250 intuemur
846 1179 1062 1268 manifestius,
1086 1180 1173 1266 quod
1189 1201 1230 1249 ex
1244 1182 1361 1250 talium
1377 1184 1433 1251 ad-

303 1293 540 1360 ministratione
555 1297 722 1377 pastorum
755 1289 878 1358 tructus
904 1288 1023 1356 uberes
1055 1287 1272 1375 spiritualiter
1287 1298 1321 1357 et
1351 1297 1430 1358 tem·

303 1399 460 1488 poraliter
484 1397 608 1467 eisdem
623 1404 760 1482 possunt
775 1395 934 1480 uectestjs
948 1397 1129 1483 prouenire,
1145 1395 1190 1464 ad
1205 1415 1345 1479 quarum
1361 1418 1433 1484 pro

302 1508 448 1577 curanda
463 1505 633 1574 commode
663 1503 822 1590 promptis
853 1523 892 1570 ac
924 1502 1001 1571 totis
1033 1503 1205 1588 desiderijs
1237 1503 1439 1590 aspiramus..

302 1617 421 1684 Felicis
453 1611 614 1698 siquidem
646 1609 882 1677 recordationis
908 1607 1075 1677 Clemente
1090 1609 1185 1696 Papa
1199 1610 1434 1696 predecessore

302 1731 414 1792 nostro
432 1719 654 1790 venerabilem
674 1717 808 1786 fratrem
832 1724 980 1785 nostrum
1011 1717 1188 1784 Aleardum
1217 1719 1440 1804 professorem.

303 1831 436 1898 Ordinis
466 1829 627 1896 Minorum
654 1825 882 1911 Arborenscm,
898 1831 974 1892 tunc
990 1825 1191 1907 Ragoniuum
1207 1823 1436 1910 Archiepisco·

303 1960 390 2026 pum,
407 1938 452 2004 ad
467 1937 681 2003 Arborensem
696 1931 876 1999 Ecclesiam
896 1931 1119 2018 transferente,
1135 1951 1175 1998 ao
1205 1939 1338 2019 propter
1370 1933 1433 2002 boc

302 2045 469 2130 Ragnsina
498 2043 647 2110 Ecclesia
677 2047 864 2108 remanente
895 2038 1052 2106 destituta
1081 2045 1222 2124 pastore,
1239 2039 1436 2126 Capitulum

302 2171 362 2218 seu
378 2148 532 2216 Canonici
550 2147 708 2231 Ragusiui
723 2145 888 2215 Andream
906 2146 1092 2212 Gausonem
1108 2143 1150 2214 de
1167 2145 1313 2232 Venetijs
1329 2149 1435 2218 (lano

303 2259 412 2324 uicum
428 2255 620 2322 Paduauum
651 2254 691 2321 de
727 2255 815 2322 lacto
844 2253 879 2320 in
910 2253 1112 2338 Ragusinnm
1144 2253 1440 2342 Arcbiepiscopum

303 2365 491 2449 elegerunt3
514 2361 568 2447 qui
588 2361 632 2429 ad
658 2359 793 2429 eandem
824 2363 1026 2444 Ragusinam
1059 2362 1240 2429 Ecclesiam
1272 2363 1441 2432 accedeus

303 2471 533 2561 personaliter,
564 2468 657 2536 nulla
672 2469 805 2538 licentia
824 2467 948 2556 habita,
964 2471 1018 2536 vel
1039 2469 1283 2537 confirmatione
1299 2473 1435 2540 obtenta

302 2601 324 2647 a
339 2579 424 2647 Sede
438 2577 635 2665 Apostolica,
653 2578 687 2642 in
704 2576 930 2660 spiritualibus
940 2583 973 2642 et
982 2577 1215 2662 temporalibus
1226 2577 1434 2664 impudenter

305 2686 547 2754 administrauit
577 2684 708 2752 ibidem.
758 2685 800 2750 ut
830 2683 962 2750 tandem
993 2703 1034 2750 ex
1065 2691 1160 2770 parte
1189 2685 1245 2772 pie
1276 2687 1435 2754 memorie

304 2791 451 2878 Gregorij
470 2791 558 2878 Pape
576 2791 693 2857 decimi
709 2789 948 2875 predecessoris
968 2792 1070 2858 nostri
1086 2790 1204 2858 citatus
1233 2791 1385 2878 legitime
1400 2793 1440 2860 im

302 2899 424 2988 prefixo
455 2899 517 2966 sibi
533 2900 668 2966 termino
693 2899 911 2985 peremptorio
938 2897 1155 2983 personaliter
1171 2918 1278 2966 coram
1297 2921 1336 2968 eo
1353 2919 1435 2968 com·

302 3027 419 3094 parere
447 3007 650 3093 postposuit;
680 3005 738 3073 sed
770 3004 942 3090 quemdam
982 3011 1224 3090 procuratorem
1255 3006 1300 3072 ad
1331 3009 1435 3094 ipsius

303 3113 545 3199 predecessoris
569 3113 672 3180 nostri
687 3111 839 3197 Gregorij
859 3109 1058 3196 presentiam
1074 3109 1263 3198 destinauit,
1279 3113 1336 3198 qui
1353 3116 1436 3183 elec·

304 3208 386 3290 tioni
403 3220 587 3288 huiusmodi
599 3220 727 3288 etomni
739 3219 813 3304 iuri,
830 3218 916 3302 quod
933 3217 1038 3285 eidem
1054 3218 1208 3285 canonice
1225 3223 1438 3306 competebat

304 3347 347 3395 ex
364 3349 414 3414 ea,
430 3329 560 3394 nominc
577 3328 680 3414 ipsius
697 3325 863 3411 Canonici,
880 3346 901 3392 a
916 3345 980 3409 quo
997 3345 1095 3409 super
1110 3325 1171 3393 hoc
1186 3327 1333 3412 speciale
1344 3349 1437 3396 man-

304 3434 582 3518 datumhabebat,
613 3444 729 3520 sponte
745 3441 777 3500 et
793 3452 948 3519 expresse
980 3435 1185 3501 renunciauit
1215 3433 1248 3500 in
1282 3437 1437 3504 manibus

305 3541 542 3626 predecessoris
560 3541 715 3608 eiusdem.
737 3542 835 3609 Unde
852 3543 927 3608 licet
952 3541 1166 3609 ministerium
1197 3550 1287 3609 tuum
1318 3545 1441 3612 Tribu-

305 3647 431 3716 nieusis
446 3649 600 3732 Ecclesia
617 3649 679 3732 cui,
705 3651 790 3717 sicut
806 3650 1001 3735 accepimus,
1033 3649 1241 3716 laudabiliter
1272 3651 1452 3740 prefuisti,

305 3755 386 3824 utile
401 3754 499 3822 valde
514 3755 618 3838 foret3
643 3757 711 3823 Nos
726 3763 835 3823 tamen
852 3758 893 3824 dc
919 3755 1125 3823 ordinatione
1150 3757 1253 3842 ipsius
1285 3758 1444 3829 Ecclesia

304 3863 471 3948 Ragusine
486 3863 592 3930 taliter
608 3869 739 3950 pastore
755 3867 895 3933 carentis
912 3864 1053 3934 sollicite
1069 3865 1261 3952 cogitantes,
1277 3885 1317 3932 ao
1334 3869 1446 3934 talem

305 3971 354 4038 illi
371 3989 506 4057 preesse
522 3971 709 4038 Pontificem
726 3973 929 4061 affectantes,
945 3992 1040 4057 quem
1056 3971 1450 4043 laudabiliasuamerita

305 4077 510 4166 redimerent,
542 4077 674 4147 cuiusve
690 4101 753 4147 non
770 4087 856 4148 esset
872 4080 972 4148 dubia
988 4080 1109 4146 caritas
1127 4098 1207 4162 erga
1224 4081 1351 4163 plebem
1375 4101 1458 4151 sue

306 4184 517 4254 sollicitudini
543 4186 847 4274 commendandam,
879 4188 912 4254 in
929 4193 962 4254 tc
978 4193 1052 4252 tuuc
1076 4185 1326 4253 Tribuniensem
1359 4187 1451 4276 ldpi·

306 4313 451 4381 scopum,
478 4295 528 4360 cui
544 4294 611 4362 vite
630 4293 795 4381 honestas,
820 4291 1086 4363 commendabilis
1103 4293 1309 4362 conversatio
1324 4301 1357 4361 et
1370 4299 1454 4368 suf·

308 4401 420 4470 ficiens
435 4403 615 4470 litterarum
632 4403 768 4472 scientia
798 4405 1029 4489 suffragantur,
1060 4402 1181 4489 quique
1211 4402 1455 4487 spiritualium.

308 4506 548 4621 providentiam
565 4517 598 4577 et
612 4509 934 4596 circumspectionem
950 4510 1180 4598 temporalium
1208 4509 1346 4596 obtines,
1373 4531 1463 4584 nec
