3096 5160
658 955 735 1026 405.

127 1159 274 1226 mattha
284 1158 590 1245 aayokirdlyce'oub
602 1183 623 1224 a
633 1159 873 1224 eaeor-mortona·
888 1158 1084 1224 cianikataat
1100 1161 1256 1245 tdrpyaad

127 1267 316 1352 edomuiuya
331 1268 402 1332 Aba
418 1266 651 1353 aemaetadpbeii
666 1266 803 1332 Ldriaca
827 1275 937 1332 mester
962 1271 1127 1331 azdmciru.
1153 1269 1254 1333 1290.

234 1457 403 1530 Elisabeth
419 1458 481 1526 Dei
497 1459 610 1543 gracia
626 1457 729 1526 maior
755 1459 880 1544 Regina
905 1461 1072 1545 Hungarie
1105 1462 1253 1530 omuibus

125 1565 424 1634 christifidelibus
456 1571 522 1632 tam
554 1565 760 1651 presentibus
793 1587 889 1649 quarn
921 1567 1038 1636 futuris
1068 1577 1253 1654 presentem

123 1677 283 1760 paginam
301 1675 495 1761 inspecturis
511 1673 651 1742 salutem
669 1675 702 1740 in
733 1673 849 1742 salutis
882 1675 1045 1760 largitore.
1085 1678 1254 1759 Reginalis

122 1781 260 1850 Pietatis
276 1781 526 1868 circumspeccio
543 1789 575 1848 ct
590 1780 775 1864 benignitas
793 1783 1025 1867 circumspecta
1050 1803 1109 1850 uos
1134 1803 1254 1852 ammo-

122 1896 178 1957 net
194 1897 227 1955 et
243 1889 379 1973 inducit,
409 1897 445 1955 vt
461 1889 681 1973 quorumlibet
695 1889 907 1957 fidelitatibus
925 1899 957 1956 ct
987 1891 1136 1976 seruicijs
1168 1911 1251 1958 com-

122 1998 218 2065 mode
234 1999 331 2064 nobis
346 1997 512 2084 impensis,
537 1997 684 2082 gratanti
711 1997 821 2064 animo
851 1984 1058 2065 occurramus
1089 1999 1252 2086 condigna

122 2105 338 2172 retribucione
378 2105 500 2171 meritis
538 2103 710 2172 eorundem
753 2102 976 2172 fauorabiliter
1006 2105 1250 2190 respondentes.

125 2213 210 2291 Quia
226 2213 302 2279 dum
320 2234 431 2281 eorum
446 2211 613 2280 laboribus
630 2219 662 2279 et
677 2211 824 2281 honestis
840 2214 988 2299 seruicijs
1004 2214 1147 2282 sanorem
1180 2235 1250 2298 pre-

120 2321 234 2386 bemus
252 2328 284 2387 et
300 2341 486 2407 assensum;
511 2321 585 2387 dum
601 2304 806 2390 concedimus
823 2319 910 2406 quod
926 2329 1105 2408 merentur,
1125 2329 1249 2390 ceteros

121 2425 162 2492 ad
180 2427 341 2513 ampliora
366 2427 534 2496 fidelitatis
566 2447 668 2513 opera
699 2427 893 2496 arduenoius
924 2428 1112 2515 inuitemus,
1148 2438 1179 2496 et
1209 2429 1250 2496 de

120 2535 281 2620 promptis
297 2535 461 2603 reddimus
479 2537 705 2621 prompeiores.
743 2535 796 2602 Ad
813 2536 1035 2604 uniuersorum
1053 2535 1153 2621 igitur
1169 2537 1249 2604 noti·

119 2643 203 2711 eiam
220 2648 334 2710 tenore
350 2645 556 2730 presencium
573 2644 722 2710 volumus
737 2642 918 2729 peruenire,
943 2644 1029 2728 quod
1055 2664 1127 2711 curn
1144 2645 1248 2728 Magi·

119 2760 183 2818 ster
221 2751 423 2818 Laurencius
456 2749 541 2817 filius
572 2749 706 2817 Comitis
737 2749 911 2836 Laurencij
944 2753 1134 2835 degenere
1166 2753 1248 2839 Aba,

119 2863 279 2943 cognatus
295 2865 406 2924 noster
422 2855 623 2942 karissimus,
654 2879 675 2925 a
691 2860 845 2945 primeuis
862 2879 918 2926 suc
934 2859 1077 2944 puericie
1093 2859 1244 2942 tempori-

118 2965 176 3032 bus
193 2969 306 3050 gratos
323 2943 417 3032 n'obis
434 2971 465 3032 et
481 2963 594 3032 fideles
620 2965 816 3051 impenderit
841 2965 1027 3051 famulatus,
1059 2984 1094 3030 se
1125 2971 1156 3030 et
1187 2985 1247 3033 sua

117 3092 176 3156 pro
192 3070 317 3139 honore
347 3071 446 3152 Regis
469 3072 596 3140 Corone
627 3073 729 3157 varijs
762 3074 974 3158 periculorum
1006 3071 1180 3154 generibus
1213 3079 1246 3138 et

116 3177 226 3246 multis
244 3177 382 3245 fortuitis
400 3177 530 3245 casibus
548 3199 710 3264 exponere
727 3200 792 3246 non
810 3179 972 3262 verend03
997 3177 1087 3246 cuius
1113 3178 1245 3261 quidem

116 3285 269 3370 Magistri
286 3285 459 3370 Laurencij
475 3285 552 3354 Dux
566 3287 708 3371 Austris,
741 3287 819 3370 quia
849 3279 918 3352 eius
944 3286 1109 3352 consoreio
1141 3286 1247 3353 noluit

115 3395 274 3464 adherere
300 3401 432 3479 propter
456 3393 709 3480 impendendam
742 3395 931 3462 fidelitatem
964 3393 1087 3460 Corone
1115 3394 1243 3478 Regali,

115 3503 179 3568 tria
194 3507 305 3568 castra
319 3501 502 3584 occupauit,
520 3508 552 3568 et
570 3503 822 3570 innumerabilia
840 3504 924 3570 bona
939 3499 1084 3586 abstulit,
1102 3502 1244 3583 quenul-

114 3610 166 3676 lus
181 3607 347 3676 bominum
363 3606 449 3675 iusto
464 3609 561 3676 modo
577 3617 691 3695 posset
723 3616 911 3695 computare
927 3631 936 3692 ;
960 3613 992 3674 et
1023 3608 1100 3692 quia
1131 3608 1244 3694 eciam,

113 3735 187 3782 enm
203 3715 237 3782 in
255 3715 375 3782 nostris
390 3716 617 3801 legacionibus
631 3717 747 3803 iuerat,
773 3719 807 3784 iu
822 3715 935 3783 electis
952 3715 1042 3800 equis
1067 3714 1243 3801 dampnum

113 3823 202 3892 circa
217 3825 361 3890 valorem
377 3824 586 3894 ducentarum
604 3845 787 3894 marearum
805 3832 855 3894 est
870 3842 1066 3910 perpessus;
1090 3830 1122 3889 et
1148 3843 1243 3906 quem

113 3931 159 3997 ad
174 3953 232 4000 nos
248 3930 412 3999 mediante
427 3933 490 4002 tide
506 3939 616 4003 nostre
631 3933 828 4002 duxeramus
846 3959 853 3999 :
871 3939 938 3998 tum
972 3929 1105 3998 racione
1136 3931 1243 4016 proxi-

113 4039 248 4125 mitatis,
264 4045 332 4107 tum
349 4040 382 4105 in
399 4044 741 4127 recompensacionem
759 4039 977 4120 seruieiorem,
994 4046 1061 4104 tum
1079 4037 1183 4106 eciam
1209 4037 1242 4103 in

112 4147 258 4230 aliquam
275 4147 537 4218 satisfaccionem
555 4150 770 4239 dampnorum
786 4151 856 4217 eius
873 4149 906 4214 in
937 4148 1034 4214 rebus
1068 4145 1244 4232 illatorum,

112 4253 193 4319 licet
209 4253 313 4321 eidem
331 4255 498 4324 minimum
515 4256 593 4342 quid
608 4263 757 4344 respectu
774 4256 987 4341 dampnorum
1003 4271 1132 4319 suorum
1153 4251 1241 4318 vide·

111 4365 195 4446 atur,
211 4361 427 4447 Vyznicatum
444 4362 557 4433 Sancti
572 4365 703 4434 Martini
730 4367 764 4432 iu
796 4361 958 4430 comitatu
991 4357 1032 4424 de
1062 4357 1242 4428 Wereucho

110 4469 316 4556 existentem,
333 4487 372 4536 ex
388 4477 476 4538 certa
503 4473 645 4541 sciencia
677 4479 709 4540 ct
738 4474 905 4540 voluntate
938 4463 1060 4535 domini
1091 4464 1241 4535 Ladizlai

109 4573 214 4660 Regis
228 4575 286 4660 filij
303 4580 407 4646 nostri
422 4579 596 4668 karissimi,
627 4585 660 4646 et
676 4581 838 4649 consensu
855 4579 1020 4645 Buronum
1040 4609 1173 4658 sumum
1202 4608 1242 4660 ap
1267 4661 1270 4668 Ι
