3124 5152
806 233 967 332 *ago*

320 424 394 511 gijs,
427 430 459 490 et
473 431 584 492 tenore
600 426 776 494 eorundem
808 427 937 514 plenius
968 425 1143 507 intellecto,
1175 426 1322 493 volentes
1355 428 1450 494 finem

322 531 436 600 litibus
467 531 645 620 imponere,
684 539 716 602 ot
745 534 925 620 iurgiorum
956 534 1084 602 semina
1112 553 1271 620 resecare,
1304 535 1452 620 partibus

322 641 620 728 assumpmentibus
636 641 784 709 misimus
800 641 992 727 Magistrum
1016 641 1209 710 Michaelem
1241 642 1453 710 Prothonota-

321 748 406 815 rium
423 756 567 817 nostrum
584 749 645 818 sub
670 751 857 818 testimonio
883 747 1029 835 (lapituli
1058 747 1224 816 Budensis
1255 749 1298 816 ad
1330 757 1452 819 terram

322 857 529 942 antedictam,
547 858 602 943 qui
618 858 743 926 videret
758 858 953 943 qualitatem
969 864 1003 925 et
1018 857 1235 942 quantitatem
1252 857 1340 924 dicte
1358 865 1455 944 terre,

322 969 355 1030 et
370 962 497 1032 iaceret
515 965 730 1046 concordiam,
765 967 794 1034 si
826 972 949 1054 posset,
981 967 1066 1032 inter
1097 971 1216 1051 partes.
1253 965 1381 1044 Quibus
1413 966 1455 1033 ad

321 1071 424 1158 ipsam
442 1078 560 1140 terram
575 1072 815 1162 accedentibus,
847 1073 995 1160 partibus
1011 1073 1196 1140 volentibus
1212 1072 1288 1140 talis
1321 1094 1452 1160 compc-

321 1181 403 1250 sicio
420 1183 604 1250 amicabilis
622 1181 730 1250 extitit
745 1181 831 1248 inter
846 1181 935 1268 ipsas
954 1209 962 1249 :
979 1181 1064 1266 quod
1081 1182 1205 1250 dictam
1221 1188 1346 1250 terram
1378 1183 1454 1270 Wy-

322 1289 424 1358 beech
439 1291 582 1374 totalem,
601 1291 793 1358 existentem
810 1299 903 1357 extra
928 1310 1081 1375 magnum
1113 1290 1272 1358 fossatum
1303 1311 1325 1355 a
1357 1299 1453 1377 parte

322 1395 405 1466 ville
420 1395 506 1466 Jenv
521 1418 621 1486 supra
637 1397 801 1486 palacium
817 1396 953 1464 Comitis
968 1397 1139 1483 Wemerij,
1155 1405 1249 1484 prout
1259 1417 1373 1465 cursus
1389 1419 1452 1465 me·

323 1513 430 1572 tarum
447 1505 596 1590 distingit
611 1506 880 1593 subscriptarum,
896 1505 1014 1574 Comes
1030 1506 1226 1592 Wernerius,
1252 1505 1368 1573 Heuch
1384 1505 1452 1572 Vil-

325 1614 406 1682 licus
422 1612 568 1681 eiusdem
584 1614 663 1682 ville
679 1614 787 1702 Pesth,
803 1621 836 1680 et
850 1614 1031 1682 Farkasins
1048 1613 1119 1682 viae
1136 1621 1169 1682 et
1184 1613 1314 1683 nominc
1333 1613 1455 1682 ciuium

325 1720 367 1790 de
382 1722 482 1789 Pesth
497 1721 715 1808 predictorum
731 1722 930 1805 reliquerant
945 1723 1091 1790 Ecclesia
1107 1723 1210 1790 Beate
1242 1723 1399 1808 Virginis,
1425 1727 1456 1789 et

324 1830 487 1899 sororibus
503 1829 574 1897 Deo
590 1829 707 1898 deuote
722 1829 988 1919 obsequentibus,
1014 1830 1219 1918 presentibus
1234 1830 1335 1898 fratre
1351 1830 1456 1898 Paulo

324 1957 483 2007 conuerso
500 1945 533 2006 ct
549 1939 636 2007 socio
652 1958 722 2025 suu,
738 1957 778 2004 ac
794 1939 918 2006 demite
942 1940 1040 2008 Petro
1071 1958 1130 2026 pro
1162 1936 1257 2006 dictis
1289 1939 1455 2018 sororibus

325 2047 598 2135 comparentibus,
631 2053 662 2113 et
688 2045 807 2114 dictam
823 2047 1063 2115 ordinacionem
1095 2047 1392 2132 assumpmentibus
1425 2055 1458 2113 et

325 2154 605 2222 consencientibus
622 2154 691 2222 iure
708 2163 865 2244 perpetue
881 2155 1017 2242 pacifice
1041 2153 1284 2240 possidendam.
1322 2156 1351 2220 Ε
1383 2177 1457 2222 con-

325 2281 421 2330 uerso
437 2269 546 2329 autern
562 2262 662 2348 ijdem
680 2263 779 2332 irater
795 2264 926 2351 Paulas,
959 2270 991 2330 et
1014 2265 1130 2331 Petrus
1160 2263 1288 2350 Comes,
1319 2263 1394 2332 vice
1426 2270 1458 2331 et

325 2371 457 2437 nomine
472 2390 616 2438 sororum
633 2371 853 2458 predictarum
869 2379 990 2439 terram
1007 2371 1094 2438 intra
1109 2390 1264 2454 magnum
1296 2369 1456 2440 fossatum

325 2481 519 2548 existentem
534 2480 576 2549 de
593 2482 706 2549 eadem
722 2489 809 2550 terra
825 2481 1002 2568 Wybeech,
1020 2483 1117 2549 simul
1127 2502 1200 2548 curn
1210 2480 1341 2567 palacio
1352 2482 1459 2548 comi-

325 2589 369 2655 tis
383 2587 544 2674 Wernerij
573 2609 673 2674 supra
699 2589 804 2676 ipsam
835 2596 955 2656 terram
988 2595 1182 2674 constructo,
1214 2594 1310 2672 prout
1342 2608 1460 2656 cursus

326 2695 480 2764 similiter
496 2696 645 2781 distingit
661 2704 821 2765 metarum
847 2697 1115 2785 subscriptarum,
1145 2701 1276 2783 propter
1300 2696 1395 2781 pacis
1429 2705 1461 2763 et

326 2804 495 2872 concordie
525 2806 676 2874 unionem
707 2805 907 2888 reliquerunt
937 2803 1118 2890 Wernerio,
1151 2806 1244 2872 Petro
1276 2809 1309 2869 et
1340 2803 1460 2871 Henclr

327 2912 517 2999 comitibus,
550 2932 590 2979 ac
604 2913 729 2980 ciuibus
746 2912 787 2979 de
802 2913 902 2980 Pesth
918 2911 989 2979 iure
1005 2919 1159 3001 perpetuo
1176 2911 1313 2999 pacifice
1331 2917 1365 2978 et
1381 2912 1460 2978 irre-

326 3021 514 3088 uacabilitcr
528 3021 770 3107 possidendam.
785 3019 833 3086 Ac
848 3026 883 3087 vt
897 3016 1080 3086 huiusmodi
1096 3018 1265 3085 ordinacio
1280 3019 1368 3085 inter
1384 3042 1462 3106 par-

326 3135 375 3195 tes
390 3127 486 3216 facta
504 3127 597 3195 firma
614 3135 646 3194 ct
663 3128 853 3196 inconeussa
869 3127 1103 3213 inperpetuum
1115 3133 1307 3213 perseueret,
1326 3147 1463 3213 presen-

325 3245 376 3304 tes
391 3239 434 3304 ad
451 3237 645 3324 peticionem
662 3241 766 3324 partis
783 3239 949 3322 utriusque
973 3236 1095 3304 eisdem
1118 3237 1266 3322 partibus
1297 3239 1465 3306 concessi-

326 3365 398 3412 mus
415 3346 538 3412 litteras
556 3345 656 3429 sigilli
672 3345 774 3412 nestri
790 3346 969 3411 munimine
985 3344 1165 3413 roboratas.
1205 3343 1325 3411 Oursus
1342 3353 1461 3413 autem

326 3465 484 3524 metarum
502 3458 588 3524 dicte
603 3464 688 3524 terre
702 3456 881 3544 Wyhemh,
907 3463 1003 3541 prout
1017 3455 1051 3522 in
1066 3456 1187 3522 litteris
1220 3454 1365 3541 Capituli
1401 3457 1468 3521 Bu-

326 3565 436 3633 densis
467 3566 624 3632 contineri
655 3566 804 3650 vidimus,
836 3564 898 3632 hcc
927 3563 1042 3634 ordine
1074 3565 1319 3648 distinguntur:
1347 3563 1470 3632 Prima

327 3680 413 3742 meta
429 3673 542 3760 incipit
558 3675 649 3741 iaxta
665 3673 851 3741 Danubium
868 3693 966 3757 snper
982 3693 1101 3757 magno
1117 3673 1254 3758 fossatu,
1286 3673 1376 3754 qnod
1403 3676 1470 3741 eir·
1550 3643 1551 3732 d

326 3783 393 3851 cuit
408 3785 519 3851 villam
543 3783 747 3851 Pestiensem
763 3805 785 3850 a
809 3789 905 3869 parte
935 3782 1013 3850 ville
1044 3783 1130 3849 Jenv
1162 3801 1263 3866 supra
1292 3780 1472 3868 palacium

326 3891 460 3960 Comitis
476 3891 645 3977 Wemerij,
663 3891 696 3958 in
713 3891 803 3958 cuins
836 3891 944 3976 capite
974 3897 1049 3958 sunt
1080 3891 1144 3959 due
1174 3899 1276 3977 mete;
1301 3897 1334 3956 ct
1366 3894 1475 3961 vadit

325 4023 427 4088 supra
442 4001 548 4087 ipsum
565 4001 725 4069 fossatum
741 4021 845 4085 usque
863 3999 962 4088 niam,
979 4021 1043 4085 que
1060 3999 1151 4067 ducit
1166 4001 1199 4066 in
1215 3999 1411 4085 Wachiam,
1439 4011 1475 4070 st

325 4111 446 4178 transit
462 4109 568 4196 ipsam
584 4109 682 4196 viam,
698 4108 790 4175 iuxta
806 4128 904 4194 quam
921 4115 998 4175 sunt
1015 4109 1078 4176 due
1107 4113 1193 4176 mete
1219 4128 1357 4192 magne3
1387 4109 1475 4178 inde

326 4217 427 4284 cumit
442 4237 555 4284 uersus
572 4218 728 4284 orientem
746 4217 789 4283 ad
805 4217 1029 4305 monticulum,
1061 4237 1163 4302 prope
1179 4236 1276 4300 quem
1302 4219 1475 4286 menticu-

325 4326 392 4391 lurn
408 4325 558 4392 similiter
574 4332 650 4392 erunt
666 4324 729 4394 dne
761 4331 859 4410 meto,
889 4326 943 4392 rbi
976 4326 1078 4392 eciam
1111 4324 1293 4410 antiquitus
1325 4325 1475 4395 fuerunt

325 4435 477 4519 scpulcra
493 4453 712 4519 paganorum
729 4454 750 4498 a
765 4431 884 4516 quibus
900 4453 1077 4520 parumper
1093 4432 1324 4500 descendendo
1341 4434 1382 4500 in
1402 4437 1475 4505 fine

326 4545 414 4608 terre
430 4539 566 4606 arabilis
581 4545 658 4607 sunt
682 4539 745 4607 due
763 4545 864 4626 mete,
890 4539 1010 4608 abhinc
1025 4539 1120 4608 vadit
1135 4539 1284 4608 similiter
1304 4540 1349 4606 ad
1390 4547 1471 4630 pla·
