3096 5160
638 930 714 1002 427.

113 1135 239 1222 spese·
255 1137 483 1225 kdptolooook
498 1133 701 1219 ambobusue,
718 1133 824 1220 mikdp
839 1157 860 1198 a
885 1132 975 1198 Biha
1001 1135 1160 1222 helyodpre
1183 1159 1235 1204 oo-

152 1245 283 1312 sotim
298 1244 457 1331 birtolrper
471 1242 639 1308 vdlasztoit
655 1240 788 1329 dirdocip
802 1241 887 1308 ditat
902 1243 1078 1310 ditatores.
1095 1245 1190 1310 1291.

214 1440 284 1507 Nos
301 1437 488 1525 Capitulum
513 1435 873 1522 Quinqueeeoleeiensis
905 1437 1051 1508 Eoolesie
1081 1439 1237 1508 memorie

111 1547 382 1631 commendamus,
408 1543 581 1632 quodcum
598 1565 697 1631 super
710 1543 800 1613 sueto
816 1549 902 1612 torre
917 1545 1003 1614 Biha
1019 1545 1053 1614 in
1070 1545 1235 1615 Comitotn

111 1653 263 1722 Toinensi
280 1651 448 1722 existentis
462 1652 548 1722 inter
565 1652 724 1720 Comitem
739 1650 932 1718 Lsdizlsum
947 1651 1048 1725 tilium
1065 1652 1234 1721 Abrohom

111 1767 141 1828 et
152 1762 326 1830 Nicolaum
341 1759 442 1828 filium
458 1762 541 1830 Iuen
557 1761 722 1848 patrueles
753 1757 794 1826 de
822 1757 998 1828 Zaheduth
1029 1760 1163 1828 Nobiles
1193 1760 1237 1828 de

112 1866 220 1936 eodem
237 1869 400 1938 comitatu
415 1871 456 1938 eb
473 1888 539 1938 une
555 1875 667 1956 pnrto;
692 1872 725 1932 et
739 1867 823 1934 inter
838 1865 1006 1935 Kilienum
1022 1875 1054 1934 et
1078 1865 1236 1938 Jaoobum

111 1973 192 2044 filios
208 1975 344 2064 Kilioni,
362 1979 504 2063 Petrum,
530 1975 592 2045 Sur
607 1982 639 2043 et
654 1973 819 2042 Andreem
834 1974 919 2042 filios
934 1973 1051 2042 Jaoobi
1067 1977 1235 2062 patrueles

112 2083 150 2150 de
164 2083 289 2171 hydor,
322 2085 399 2154 item
415 2086 618 2154 Demetrium
634 2091 666 2152 et
691 2083 892 2170 Stephanum
923 2081 1008 2152 filios
1038 2083 1161 2151 Methei
1192 2086 1236 2154 de

111 2211 227 2274 genere
242 2196 345 2261 Bente
359 2177 515 2280 Meyneth
531 2201 688 2276 eognutos
705 2189 879 2259 eorundem
890 2189 930 2257 de
940 2188 1044 2278 Ohely
1061 2213 1102 2260 ex
1117 2193 1235 2278 altere,

111 2298 221 2367 ordine
246 2300 426 2386 judiciario
457 2307 635 2370 uerteretur
660 2297 799 2367 materie
823 2295 1022 2384 questionis3
1059 2299 1142 2368 siout
1173 2299 1235 2368 hoe

110 2414 246 2493 utraque
263 2429 338 2494 pars
355 2414 499 2476 nostram
516 2409 548 2476 in
564 2408 769 2496 presenoiem
785 2405 1004 2493 comparendo
1028 2407 1124 2476 nohis
1155 2407 1237 2476 reie-

108 2535 192 2602 rens,
218 2537 256 2585 se
273 2519 335 2586 snb
351 2537 438 2603 peno
454 2517 693 2602 quinquaginta
723 2533 906 2582 marearum
940 2513 1239 2601 compromisissent

109 2623 140 2692 iu
157 2625 310 2712 arbitros,
327 2647 463 2711 quorum
480 2625 611 2694 nomino
628 2625 689 2692 beo
702 2630 789 2709 sunt,
821 2621 948 2691 seilioet
964 2623 1079 2692 Comes
1095 2623 1236 2692 Miohesi

109 2731 195 2800 filius
210 2731 337 2800 Alberti
354 2735 396 2802 de
421 2753 541 2819 genere
572 2733 675 2800 Bente
705 2732 850 2818 Moynet,
882 2731 958 2798 item
990 2729 1162 2818 Philippus
1194 2732 1236 2799 de

107 2841 208 2926 boiry,
224 2839 303 2909 item
318 2841 427 2910 Lueas
442 2840 529 2911 fliius
543 2843 631 2910 Luoe
648 2841 689 2908 de
704 2839 841 2929 Biroith,
858 2838 990 2908 Simeon
1010 2839 1095 2906 filius
1106 2837 1235 2908 Nicotoi

107 2948 251 3034 Kudmy,
269 2968 326 3034 per
342 2956 452 3036 partes
467 2950 500 3015 in
516 2948 631 3018 litteris
647 2947 770 3015 nostris
786 2947 961 3028 nomineti3
984 2948 1062 3026 item
1078 2945 1236 3016 Nioolous

107 3055 190 3124 fitius
205 3054 335 3124 Perkes
350 3056 392 3124 de
407 3075 527 3142 genere
541 3055 672 3143 Sojkss,
705 3061 738 3122 et
754 3054 869 3123 Comes
901 3052 1003 3139 Bulog
1029 3054 1236 3124 Gestolianus

106 3163 466 3249 Quinqueecelesiensis
482 3184 541 3251 por
559 3173 668 3249 portes
684 3161 827 3231 adiunoti
844 3163 986 3231 eusdem.
1024 3162 1149 3242 Quibus
1165 3165 1235 3250 qui·
1313 3207 1317 3214 ·

106 3272 180 3339 dem
195 3273 443 3341 arbitratorihus
457 3274 492 3339 in
508 3273 635 3342 oetaeis
650 3271 764 3344 Sancti
779 3270 912 3339 Martini
926 3270 1010 3338 inter
1040 3290 1100 3339 nos
1132 3271 1236 3340 eonsi-

5 3411 6 3424 κ
105 3378 269 3466 dentibus,
301 3388 333 3448 et
364 3381 508 3464 utrisque
532 3381 678 3467 portibus
695 3378 814 3448 ibidem
831 3379 1044 3467 presentibus,
1076 3383 1236 3464 prenomi-

5 3579 6 3582 ,
105 3490 175 3556 nati
194 3487 311 3556 Comes
327 3488 502 3558 Ludiuteus
534 3497 567 3557 et
596 3489 752 3556 Nieolaus
784 3485 1000 3556 exhibuerunt
1030 3486 1236 3574 priuilegium

5 3593 6 3650 ἶ
105 3595 253 3681 Capituli
285 3597 435 3664 Albensis
467 3596 648 3682 antiquum,
680 3597 715 3662 in
746 3613 811 3680 quo
827 3593 894 3698 fuit¹
911 3593 1035 3679 liquido
1062 3603 1235 3684 repertum,

107 3706 193 3787 quod
209 3703 378 3773 Johennes
395 3713 427 3774 et
443 3704 617 3774 Ladizlaus
633 3703 689 3789 filij
723 3701 887 3770 Abraham
919 3704 1085 3788 quondam
1116 3711 1237 3772 terrem

105 3833 201 3880 suem
217 3814 349 3881 nomine
364 3812 450 3880 Biha
466 3833 538 3882 eum
554 3813 691 3882 eeolesio
707 3811 801 3880 Sonti
815 3811 983 3880 Michaelis
999 3803 1186 3882 oonstrnota
1201 3813 1236 3881 in

106 3919 223 3990 eodem
239 3923 435 3990 statuissent
449 3920 511 3989 Sur
528 3921 644 3990 Comiti
662 3923 695 3988 in
720 3927 911 4008 perpetuum
941 3921 1198 4006 possidendam
1218 3943 1238 3991 o

104 4037 221 4096 eontra
236 4029 321 4096 idem
338 4025 453 4098 Comes
469 4029 532 4098 Sur
548 4037 669 4098 terram
684 4049 778 4096 suum
795 4025 924 4096 nomine
954 4027 1130 4096 Zahudeth
1161 4049 1235 4098 eum

5 4159 6 4164 ¹
104 4138 247 4206 ecelesia
263 4137 377 4205 Sanoti
392 4135 524 4208 Nioolui
539 4145 653 4205 mutuo
669 4137 742 4206 vieo
757 4136 926 4204 statuisset
951 4135 1073 4206 eisdem
1088 4137 1172 4206 Iosn
1203 4145 1236 4206 et

104 4243 266 4314 Ladizlao
281 4243 433 4313 similiter
448 4244 482 4313 in
508 4252 700 4332 perpetuum
731 4241 976 4330 possidendam.
1016 4239 1091 4312 Tuli
1121 4251 1236 4314 tenore

102 4352 246 4438 obligati
261 4353 462 4442 interposito,
478 4353 566 4438 quod
583 4352 611 4421 si
627 4360 733 4422 traetu
749 4350 904 4437 temporis
920 4349 1035 4424 Comes
1051 4351 1113 4420 Sur
1129 4353 1236 4441 predi·

103 4467 177 4530 etns
193 4461 249 4560 rel
262 4461 332 4532 eius
349 4461 500 4536 heredem
516 4461 696 4550 predictam
713 4467 833 4532 terram
849 4458 934 4528 Biha
949 4459 1134 4529 vendioioni
1166 4465 1234 4532 vel-

99 4569 146 4637 let
162 4590 341 4660 exponere,
358 4589 426 4640 non
442 4579 554 4660 posset
568 4569 655 4660 oliJ‘s,
671 4570 736 4640 nisi
750 4569 894 4642 Johonni
909 4573 942 4637 et
955 4567 1235 4660 budizlaosupru·
