3068 5150
637 1073 710 1142 334.

101 1273 145 1340 Aa
161 1275 254 1340 orodi
269 1274 492 1362 kdptolormoic
509 1274 661 1360 jeiontrioe
693 1270 753 1338 IV.
786 1271 902 1337 Loszio
931 1270 1112 1355 itirdlyhos,
1144 1269 1228 1355 hoqy

102 1381 177 1468 Apa
193 1405 293 1450 comes
301 1383 436 1465 fiainair
451 1383 515 1468 Pyt
531 1389 614 1446 coccii
631 1378 1111 1446 tiro'kbc‘rtokokoioszaadotott.
1131 1377 1228 1442 1283.

203 1577 491 1646 Excellentissimo
506 1573 637 1646 domino
653 1596 712 1644 suo
722 1575 877 1643 Ladialao
895 1574 958 1641 Dei
973 1571 1086 1658 gracia
1100 1571 1226 1639 Illustri

100 1687 178 1772 Regi
194 1686 363 1774 Hungaric
379 1686 562 1772 Capitulum
580 1681 781 1769 Orodyerrsis
812 1681 959 1749 Eoolesic
990 1681 1157 1750 oraciones
1189 1679 1224 1744 in

101 1793 234 1861 Domino
264 1792 392 1860 debitas
424 1799 456 1860 et
471 1790 618 1860 denotas.
634 1789 785 1875 Receptis
810 1787 926 1855 litteris
944 1787 1060 1856 vestris
1077 1787 1224 1853 misimus

101 1903 258 1969 hominem
276 1907 420 1970 nostrum
435 1920 493 1986 pro
508 1897 691 1967 testimonio
707 1917 779 1965 cum
795 1897 926 1964 homino
941 1903 1050 1964 vestro
1064 1895 1223 1978 Magistro

101 2011 193 2094 Reeo,
223 2009 281 2092 qui
296 2008 425 2076 rediens
456 2007 500 2074 ad
530 2027 590 2075 nos
623 2007 735 2074 retulit
765 2006 879 2090 nobis;
905 2003 991 2088 quod
1021 2003 1107 2070 idem
1126 2003 1222 2068 homo

102 2122 204 2182 vester
219 2123 338 2184 terram
366 2115 427 2199 Pyl
457 2113 683 2182 hereditoriam
716 2113 854 2202 Gregori
872 2120 905 2179 et
936 2112 1052 2180 Jacobi
1084 2111 1222 2178 filiorum

101 2224 167 2306 Apa
198 2220 342 2310 Comitis,
374 2241 471 2304 quam
502 2241 584 2288 vxor
615 2221 779 2290 Warchuk
795 2221 962 2290 detinebat
978 2219 1147 2306 violenter,
1163 2239 1220 2304 per

101 2329 223 2397 easdem
255 2328 327 2415 (tgy
359 2328 505 2396 eiusdem
536 2327 676 2415 holyett)
692 2337 820 2398 veteres
836 2336 941 2398 motas
960 2349 1068 2399 coram
1085 2346 1221 2394 commo·

100 2436 196 2502 terreis
213 2444 245 2502 et
259 2437 376 2505 vicinis
407 2439 614 2524 assignasset
629 2445 660 2508 ot
676 2441 844 2508 statuisset
876 2439 998 2508 eisdem
1015 2437 1172 2523 Gregorio
1187 2446 1221 2506 et

99 2539 214 2712 {accho
230 2542 491 2638 contradicoiono
508 2565 572 2612 non
589 2545 747 2613 obstante.
770 2545 838 2615 Hoc
869 2552 977 2615 vestre
1009 2537 1219 2614 rescribimus

127 2667 141 2711 r
156 2649 299 2716 situdini.

101 2844 154 2903 (lv.
173 2847 273 2900 Liszlo
286 2847 438 2914 kiralyaak
451 2849 619 2916 megert'sittt
633 2851 830 2917 olsmtrryrtttt,
843 2851 916 2904 mint
928 2855 1044 2906 ientobb
1058 2860 1117 2906 320.
1128 2869 1166 2906 ez.
1180 2855 1217 2916 a.)
