3170 5166
621 295 786 410 *ch
918 236 922 248 .

138 497 278 588 statiis,
295 503 410 568 contra
423 497 509 568 filios
523 497 671 586 iingistri
687 499 854 590 Stephani,
882 519 943 572 neo
958 517 1022 570 non
1053 515 1150 586 nuper
1180 493 1266 564 iura·

122 607 259 688 -mrtis
275 612 308 676 et
328 607 403 676 aiiis
418 606 515 676 fectis
530 606 573 676 sd
587 611 739 680 terminon
755 608 967 697 supradictus.

137 807 286 870 &edetis
315 805 502 874 borhartyutm
532 823 549 858 a
581 805 678 874 penset
709 807 861 873 elvonzett;
892 822 910 858 a
939 805 1027 858 buriei
1058 805 1111 858 kin.
1139 804 1267 858 humaret

607 895 803 962 lerelttrbau.)

133 2049 202 2117 111.
228 2049 342 2116 Endos
367 2045 547 2138 icirdlyooic
579 2017 760 2134 Zeek'ueoit,
784 2047 1065 2137 Sscpeemeppeireo
1081 2047 1282 2138 iecisoidst'

184 2159 344 2245 toirqposo
359 2157 540 2244 cdooadcpo
554 2159 667 2242 Mona,
682 2157 923 2248 Miklouookfio
938 2162 1095 2225 scemeca.
1120 2159 1218 2225 1299.

246 2353 395 2421 Andreas
425 2353 490 2420 Dei
525 2353 637 2437 gracia
675 2351 857 2439 Hungeric,
900 2353 1080 2442 Delmaoie‚
1120 2353 1263 2440 Oroscie,

130 2463 248 2549 nune,
264 2459 388 2550 Seruio,
406 2459 556 2546 Gallicis,
571 2459 773 2549 Lodomcrie‚
792 2460 1183 2549 Cumanie'Buigarieque
1196 2465 1264 2531 Rex

136 2571 289 2639 omnibus
305 2567 427 2638 Christi
443 2567 667 2636 fidelibustam
679 2568 884 2654 presentibus
895 2569 1121 2654 quamiuturis
1132 2589 1265 2658 presens

134 2676 295 2762 scriptum
310 2675 506 2764 inspecturis
522 2675 663 2744 salutem
693 2677 727 2742 in
758 2674 901 2744 Domino
931 2677 1173 2762 sempiternam.
1213 2675 1265 2744 Ad

131 2783 359 2854 uniuersorum
377 2783 529 2850 noticiam
545 2782 661 2849 harum
677 2781 763 2851 serie
786 2781 935 2852 uolumus
966 2781 1145 2869 peruenire,
1177 2783 1263 2868 quod

131 2891 301 2960 Johunnes
315 2889 402 2959 fitius
419 2889 561 2978 Nycolui
577 2889 741 2976 quondm
758 2895 876 2958 terram
891 2889 926 2956 iu
942 2890 1099 2959 Districtn
1116 2889 1158 2958 de
1187 2887 1262 2959 Soc·

131 3019 196 3087 pus
212 2999 247 3065 in
263 2999 352 3066 Zeek
368 2997 571 3084 existentem,
586 3017 687 3084 prope
702 2997 898 3066 Suburbium
915 2996 1022 3065 Gastri
1038 2997 1139 3064 nostri
1150 2995 1261 3084 Sospi-

131 3106 254 3176 siennis
270 3106 418 3174 similiter
433 3104 524 3174 Zeek
541 3113 698 3190 uocatam,
714 3127 736 3175 a
751 3107 843 3174 nobis
859 3103 1033 3193 pecijtsibi
1043 3105 1125 3171 dori.
1143 3103 1262 3173 Verum

129 3214 267 3302 quiade
283 3213 444 3300 qualitate
459 3219 491 3280 et
507 3217 689 3302 quantitate
704 3213 809 3300 ipsius
825 3221 921 3298 terre,
953 3217 985 3281 et
1016 3220 1121 3280 rtrum
1153 3220 1263 3281 nostre

130 3317 310 3391 collacioni
326 3313 488 3410 pertinent
504 3340 565 3388 nec
580 3342 632 3407 ne,
647 3324 741 3390 nobis
757 3321 877 3390 ueritas
894 3341 958 3390 nou
974 3323 1155 3408 constabat,
1187 3321 1264 3388 iidc-

128 3429 222 3498 libns
238 3428 360 3496 nostris
377 3429 527 3514 Ospituio
543 3429 691 3496 Eccleoie
706 3429 819 3498 Sancti
834 3429 966 3496 Martini
982 3427 1023 3495 de
1038 3428 1162 3514 Scepns
1172 3428 1264 3497 dedi·

131 3555 207 3608 mus
223 3533 345 3602 uostris
361 3534 476 3602 litteris
493 3535 526 3601 in
543 3533 717 3624 mandatis,
748 3545 783 3604 ut
800 3557 896 3604 unum
913 3537 1078 3605 mitterent
1110 3555 1150 3603 cn
1182 3535 1263 3622 ipsis

129 3663 190 3730 pro
205 3641 403 3729 testimonio,
421 3661 530 3709 coram
548 3663 611 3726 quo
626 3643 781 3728 Magister
795 3643 886 3711 Elias
903 3643 1000 3710 homo
1015 3648 1123 3711 nostcr
1135 3662 1263 3728 presen-

129 3751 219 3819 tibus
236 3750 466 3818 commetaneis
482 3757 514 3817 ct
530 3749 647 3830 uicinis
662 3751 882 3818 reambul'aret
896 3749 1001 3838 ipsam
1016 3757 1147 3838 terram,
1175 3757 1208 3818 ct
1232 3750 1261 3819 si

129 3858 268 3928 andem
279 3858 443 3926 inueniret
453 3866 561 3926 nostre
571 3858 743 3926 collacioui
754 3859 925 3948 pertinere,
943 3865 1103 3929 statueret
1112 3858 1261 3944 predicto

129 3965 274 4037 iohanni
290 3966 359 4034 sino
375 3965 555 4052 preiudicio
572 3965 787 4052 iu1·isalieui;
805 3966 882 4034 etsi
898 3987 961 4034 non
979 3964 1065 4055 (igy)
1080 3967 1170 4036 ficret
1187 3985 1260 4034 con·

129 4073 318 4160 tradiotunr,
335 4073 588 4142 contradictores
605 4073 647 4141 ud
664 4081 809 4141 nostram
834 4075 949 4142 citaret
979 4075 1186 4144 Prosenoiam
1218 4074 1262 4142 sd

128 4181 302 4252 terminum
320 4187 563 4268 competentem.
582 4182 675 4260 Quod
692 4182 822 4268 quidem
834 4181 1016 4267 Capitulum
1027 4182 1120 4250 nobis
1133 4182 1260 4252 demum

128 4289 296 4375 rescripsit
315 4291 348 4355 in
365 4288 425 4356 hec
440 4289 562 4358 uerba:

239 4395 521 4465 Excellentissimo
559 4397 689 4466 domiuo
727 4419 787 4466 sno
819 4398 949 4466 Ancree
980 4398 1041 4466 sto.
1074 4397 1257 4484 Capitulum

130 4503 282 4573 Ecclesic
297 4501 409 4572 Sancti
425 4505 556 4573 Martini
573 4507 615 4574 de
630 4505 753 4592 Scepus
770 4506 831 4574 stb.
849 4503 1062 4591 (iovetkeuik
1085 4525 1108 4571 a
1132 4505 1258 4592 creperi

128 4609 357 4700 iraptaiunnsk
376 4613 515 4682 laec-ki
527 4613 699 4704 jeleutsso,
717 4614 799 4683 uriut
817 4613 913 4680 cison
929 4615 1005 4689 510.
1022 4631 1065 4682 su.
1081 4611 1127 4700 a.)
