3112 5154
632 261 792 358 jd]-

138 477 213 524 mus
230 459 371 544 populos
388 455 526 542 predicti
544 455 698 541 Episcopi
715 461 746 522 et
763 454 905 540 Capituli
931 455 1076 524 eiusdem
1105 458 1149 528 ab
1183 477 1278 525 exac-

139 565 234 632 cione
250 565 389 633 collecte
406 569 532 649 septem
551 563 755 631 denariorum
781 563 823 629 dc
854 563 1059 648 plenitudine
1089 563 1275 649 graciarum

139 675 266 758 Regum
276 691 349 740 esse
365 669 617 738 misericorditer
634 670 800 737 absolutos
819 677 850 737 et
866 671 996 756 penitus
1013 671 1190 758 expeditos.
1206 673 1276 740 Nos

141 779 255 865 igitur,
289 779 344 864 qui
361 779 514 846 instituta
531 785 563 844 et
579 777 824 846 ordinacionem
841 779 980 863 Regiam
998 779 1138 848 fideliter
1174 781 1279 848 obser·

140 905 222 953 vare
238 887 398 972 cupimus,
416 887 458 953 ab
474 885 648 954 exaccione
665 884 749 952 dicte
766 885 904 954 collecte
918 893 1043 972 septem
1070 885 1278 954 denariorum

144 992 278 1060 omnino
295 993 496 1060 cessavimus
513 998 545 1060 et
576 992 704 1078 penitus
735 991 887 1062 duximus
919 993 1150 1074 desistendum,
1184 998 1280 1079 prout

142 1099 305 1184 promissa
322 1099 523 1184 singulorum
540 1104 572 1166 et
588 1099 721 1184 singula
738 1099 969 1184 premissorum
983 1099 1017 1168 in
1033 1100 1215 1186 privilegiis
1247 1109 1279 1166 et

141 1205 259 1272 litteris
298 1205 475 1289 Regalibus
514 1205 700 1290 expressius
737 1207 956 1276 eontinentur.
1006 1207 1100 1274 Anno
1147 1205 1280 1274 Domini

141 1313 362 1380 MOGLXXV.
386 1312 504 1380 Datum
537 1313 569 1378 iu
603 1313 718 1380 (lustro
750 1313 905 1401 Budensi,
937 1314 1081 1384 secundo
1114 1313 1172 1383 die
1202 1319 1279 1400 post

142 1420 261 1489 festum
278 1419 372 1486 Beati
389 1419 562 1487 Laurencii
580 1421 730 1488 martiris.

145 1615 311 1679 (Tkalcsica
330 1617 514 1668 Monuments
538 1619 605 1668 hist.
619 1619 807 1682 Episcopatus
822 1620 1020 1685 Eagrabiensis
1043 1621 1066 1670 Ι.
1091 1620 1151 1671 ket.
1168 1623 1227 1670 177.
1251 1619 1282 1684 l.)

594 1903 846 1912 ...-—-—-—---.-

682 2429 757 2496 129.

144 2630 252 2697 Jccoa
267 2629 455 2694 calaooae'ui
470 2627 599 2692 beonoc
615 2629 856 2712 catomo-ceap,
872 2631 955 2714 kopp
976 2628 1033 2693 IV.
1045 2631 1162 2696 Lo'ezlo
1171 2633 1280 2720 kc'rdly

147 2740 236 2823 Fayz
253 2737 408 2820 belpee'pet
429 2735 550 2800 Timete
564 2735 700 2820 zciprcibi
710 2737 901 2822 pltapbltcclc
919 2736 1164 2823 cdomcicpocta.
1182 2742 1279 2808 1275.

254 2931 325 2998 Nos
356 2928 523 2997 Jobannes
555 2929 665 2998 Banus
697 2929 802 2996 tocius
827 2929 1001 2997 Sclauonie
1021 2933 1175 2999 memorie
1190 2952 1275 3000 com·

145 3037 341 3106 mendantes
359 3035 581 3122 significamus
597 3036 715 3120 quibus
731 3035 864 3124 expedit
888 3037 1048 3106 universis
1079 3041 1279 3124 presentium

146 3165 204 3232 per
219 3151 376 3232 tenorem,
408 3143 495 3227 quod
529 3143 729 3212 venerabilis
761 3153 853 3230 pater
879 3144 1028 3213 dominus
1043 3146 1277 3234 Thymotheus,

146 3253 209 3322 Dei
229 3253 345 3337 gracia
375 3251 558 3336 Episcopus
590 3251 832 3339 Zagrabiensis,
866 3253 1013 3320 exhibuit
1042 3253 1137 3321 nobis
1170 3255 1280 3322 literas

147 3359 272 3431 domini
303 3360 405 3428 nostri
431 3359 589 3446 Ladinlai‚
605 3359 744 3428 illustris
764 3359 864 3444 Regis
879 3358 1035 3444 Vngaric,
1050 3359 1253 3428 continentes
1270 3387 1278 3427 :

146 3467 233 3557 quod
249 3469 291 3536 ob
308 3468 426 3536 merita
441 3467 651 3535 serviciorum
667 3468 811 3536 eiusdem
823 3465 944 3535 domini
953 3467 1107 3553 Episcopi
1117 3467 1281 3553 quandam

144 3587 266 3647 terram
297 3575 404 3642 (lastri
430 3575 672 3660 Zagrabiensis,
693 3575 783 3662 Fayz
799 3580 960 3662 vocatam,
977 3575 1076 3641 sitam
1093 3575 1153 3642 sub
1171 3583 1279 3644 castro

146 3684 293 3756 eiusdem
309 3683 435 3750 domini
450 3681 616 3769 Episcopi,
633 3682 678 3750 ad
693 3681 799 3770 ipsius
814 3682 1009 3769 peticionem
1027 3681 1091 3750 sibi
1108 3690 1139 3748 et
1172 3685 1281 3751 Eccle-

145 3794 195 3861 sic
210 3811 270 3862 sue
301 3810 374 3858 cum
391 3792 542 3859 omnibus
574 3791 770 3858 utilitatibus
802 3797 835 3857 et
849 3789 1062 3876 pertinenciis
1094 3789 1162 3858 suis
1178 3792 1283 3874 possi-

146 3901 291 3970 dendam
322 3903 394 3964 iure
425 3907 582 3983 perpetuo
624 3899 837 3986 contullisset,
864 3899 908 3968 ab
939 3898 1028 3967 omni
1059 3895 1283 3965 iurisdictione

146 4008 256 4076 castri
287 4005 520 4091 Zagrabiensis
551 4006 681 4093 penitus
714 4005 895 4074 eximendo.
927 4007 1026 4074 Cuius
1051 4001 1180 4089 quidem
1196 4010 1282 4073 terre

145 4115 360 4184 collacionem
376 4115 449 4200 ipse
469 4113 617 4182 dominus
641 4121 752 4183 noster
781 4117 850 4181 Rex
883 4113 987 4182 eciam
1019 4133 1078 4182 suo
1112 4111 1282 4198 privilegio

144 4225 381 4310 confirmasset,
413 4229 446 4289 et
476 4223 679 4310 precipiebat
709 4223 803 4290 nobis
834 4223 868 4289 in
900 4222 1026 4289 eisdem
1068 4219 1171 4286 literis
1203 4218 1283 4308 suis,

144 4331 234 4418 quod
252 4330 413 4418 prefatam
428 4337 548 4398 terram
565 4332 655 4417 Fayz
684 4331 787 4398 eidem
815 4329 948 4398 domino
978 4329 1137 4415 Episcopo
1163 4333 1195 4391 et
1225 4327 1285 4392 Ec·

143 4439 246 4506 clesie
287 4458 346 4507 sue
388 4437 479 4506 iuxta
525 4438 574 4505 sni
622 4437 785 4523 privilegii
824 4437 1060 4504 continenciam
1102 4435 1286 4519 relinquere

144 4547 353 4614 deberemus.
403 4545 473 4614 Nos
511 4547 622 4631 itaque
660 4546 825 4614 mandatis
864 4545 986 4612 domini
1023 4527 1123 4627 Regis
1162 4541 1284 4610 obtem-
