3148 5164
694 332 759 396 605

651 420 812 429 -n

160 523 297 608 puelfioe
308 523 606 590 etirreuooablliter
626 523 874 609 possidendam3
899 525 1152 608 assumpmendo
1165 524 1301 591 niohilo·

162 631 269 699 minus
278 631 384 717 ipsum
402 633 592 715 Magistrum
615 631 825 700 Jaeobumab
852 631 999 698 omnibus
1024 633 1197 699 oceasioue
1213 633 1300 699 dioto

161 737 386 824 possessionis
403 739 558 825 inpetere,
572 739 625 806 uel
636 739 670 804 in
681 745 749 805 toto
760 738 933 805 molestare
944 737 1122 806 nitentibus
1132 737 1317 816 defensare·

159 845 263 928 Regio
275 867 348 913 eum
358 845 481 912 fanore.
492 845 531 910 In
542 845 632 911 ouius
644 844 773 929 quidem
784 843 1002 930 possessionis
1025 846 1303 931 permutacionem

163 973 221 1018 seu
232 951 453 1018 eonoambium
465 949 549 1018 idern
561 951 717 1036 Magister
729 951 873 1019 Jaoobus
883 953 1104 1038 possessiones
1114 973 1191 1020 suas
1202 953 1301 1021 Vruz·

165 1050 1187 1146 narRoylra,Zerdahel'etGheturtukbeluocatos,adsesolnm
1198 1061 1303 1129 modis

165 1165 332 1251 omnibus,
350 1170 384 1233 ut
401 1164 493 1250 dixit,
508 1165 717 1252 pertinentes,
736 1187 808 1232 oum
825 1165 1019 1232 utilitatibus
1040 1167 1219 1234 earundem
1236 1169 1311 1235 vni--

168 1271 284 1360 uersis,
300 1272 452 1340 videlieet
468 1271 610 1356 tributis,
643 1271 812 1358 piscaturis
829 1278 861 1338 et
877 1273 958 1339 loeis
974 1271 1212 1362 pisoaoionum,
1245 1279 1306 1345 snb

171 1381 266 1448 metis
283 1381 444 1465 prioribus
461 1387 492 1447 et
509 1381 665 1465 antiquis,
698 1379 817 1464 quibus
834 1380 1015 1465 peripsum
1033 1387 1066 1447 et
1097 1381 1305 1465 predecesso-

169 1507 222 1554 res
237 1507 312 1555 suos
329 1487 440 1556 habite
456 1488 558 1555 fuisse
575 1487 795 1573 dinoscuntur,
833 1486 923 1554 dedit
939 1494 971 1553 et
986 1487 1173 1571 assignauit
1200 1491 1305 1558 eidem

170 1596 299 1664 domino
316 1603 426 1664 nostro
443 1598 524 1682 Regi
541 1596 709 1663 habendas
726 1596 794 1662 iure
809 1593 999 1680 perennali;
1017 1595 1196 1678 obligando
1212 1617 1248 1666 se
1264 1601 1305 1665 ab

169 1704 328 1787 omnibns,
345 1709 378 1770 et
393 1703 616 1789 speoialitera
633 1702 903 1786 generacionibus
929 1702 997 1769 suis
1015 1702 1122 1787 ipsum
1139 1703 1304 1771 dominum

170 1811 295 1892 Regem
312 1810 737 1895 ooessionepossessionum
754 1815 1002 1877 memoratarum
1036 1807 1211 1878 defendere
1237 1813 1305 1878 suis

170 1913 313 2002 proprijs
328 1915 498 1983 laboribus
515 1923 548 1984 et
565 1915 725 2002 expensis.
750 1917 791 1982 Iu
808 1917 899 1982 euius
917 1915 965 1980 rei
981 1917 1173 1982 memoriam
1190 1938 1305 2005 perps-

170 2031 323 2106 tuamque
354 2023 536 2090 firmitatem
569 2022 612 2090 ad
644 2024 835 2090 instanciam
869 2029 912 2088 et.
932 2023 1124 2105 pelioionem
1157 2024 1316 2091 eiusdem·

169 2130 285 2197 Jaoobi
317 2137 485 2214 presentes
511 2130 638 2196 litteras
670 2129 799 2196 domino
832 2135 942 2195 nostro
973 2129 1056 2212 Regi
1087 2130 1305 2198 concessimus

174 2235 274 2320 sigilli
291 2237 396 2303 nostri
412 2235 590 2304 munimine
607 2237 786 2304 roboratas.
811 2239 930 2303 Datum
957 2255 1014 2319 per
1031 2255 1147 2302 manus
1160 2235 1312 2306 disereti

173 2345 235 2410 viri
260 2343 411 2424 'blagistri
436 2344 529 2410 Pauli
559 2345 705 2411 Lectoris
737 2343 884 2411 Roolesie
915 2349 1024 2410 nostre
1055 2363 1142 2409 anno
1174 2345 1316 2412 Domini·
1361 2387 1365 2394 -

173 2449 294 2515 timer
310 2451 517 2534 nonagesimo
534 2451 684 2536 septimo.
709 2452 867 2534 Magistro
882 2449 1031 2518 Iboanne
1048 2449 1136 2538 (lgy)
1153 2450 1304 2539 (lantone,
1350 2495 1352 2500 ,

174 2555 333 2640 Magistro
351 2556 506 2641 Gregorio
523 2559 673 2644 Custode,
691 2558 839 2625 Iboanne
856 2561 999 2643 Debebo,
1023 2557 1173 2645 Nioolao,
1204 2559 1307 2626 Luae-

174 2664 249 2730 ebio
267 2669 300 2730 et
314 2663 447 2730 Andros
463 2665 697 2754 sacerdotibus,
729 2666 866 2754 Tboma,
891 2667 1015 2736 Jaoobo
1034 2671 1066 2732 et
1081 2667 1178 2733 Petro
1202 2667 1312 2750 Magi*

175 2773 262 2856 stris,
278 2771 459 2854 ceterisque
474 2771 647 2839 Canoniois
665 2771 885 2840 existentibus.

176 2968 320 3034 (Rredetie
346 2968 527 3032 bdrhdrtydm
555 2969 674 3033 melyrdl
706 2984 723 3018 a
751 2969 845 3032 psoset
876 2968 1036 3017 stiriis-zdld
1067 2967 1317 3030 selyemzsindron.

287 3059 374 3124 idgg3
395 3074 411 3109 a
430 3059 538 3110 idmelt.
558 3058 679 3121 berezeg
696 3058 851 3124 Battbydni
872 3057 965 3108 eseldd
983 3053 1199 3120 levelttraban.)
