3124 5152
562 381 719 481 Q

100 579 185 660 Pecye
199 583 397 662 uocatarum,
415 583 555 662 tempora
572 573 713 658 puericie
729 583 839 642 nostre
855 595 1053 658 concessum,
1085 583 1199 660 potens

99 683 205 750 anobis
219 705 287 751 oum
305 683 479 770 instancia,
495 689 530 749 nt
547 703 605 750 nos
621 682 727 766 ipsum
743 681 952 769 priuilegium
962 691 1067 750 ratum
1077 682 1200 750 babere
1329 759 1333 764 ⁸

99 799 231 860 etnostro
246 792 456 877 dignaremur
472 790 647 876 priuilegio
664 789 831 858 innouarc.
856 791 955 861 Cuius
981 792 1110 875 quidam
1136 792 1198 876 pri-

99 900 192 986 uilegij
209 911 300 966 tenor
314 899 392 968 talis
409 907 476 968 est:

187 1007 356 1076 ladizlaus
372 1009 435 1074 Dei
452 1006 565 1090 gracia
580 1005 746 1090 Hungaric
761 1008 822 1074 stb.
838 1009 977 1077 Rexstb.
989 1005 1199 1094 (lnbvetkezik

96 1111 139 1180 IV.
152 1113 259 1182 Ltsnlb
275 1113 456 1202 kiralynak
484 1111 618 1184 latu-ki
648 1113 927 1202 adomanylevole,
960 1115 1041 1182 mint
1071 1115 1199 1183 fentebb

99 1223 158 1287 141.
174 1243 214 1290 sn.
229 1222 272 1312 a.)

186 1329 251 1398 Nos
266 1331 380 1414 itaque
396 1330 498 1414 ipsius
522 1329 671 1412 Magistri
701 1329 831 1396 Andrcc
861 1329 957 1400 iustis
987 1330 1201 1416 peticionibus

97 1443 252 1506 annuentes
267 1440 374 1522 Regio
392 1459 464 1504 cnm
480 1437 604 1524 fauore,
621 1437 888 1522 attendentesqno
905 1437 1051 1506 eiusdem
1061 1439 1201 1507 seruicia

95 1544 225 1626 graciosa
240 1553 273 1614 et
290 1543 456 1613 meritoria
473 1545 639 1629 obsequia,
672 1565 734 1629 que
749 1543 836 1611 idem
851 1545 945 1613 nobis
963 1552 996 1613 ct
1020 1546 1135 1630 Regno
1165 1549 1199 1614 in

95 1653 218 1719 exercitu
233 1661 347 1722 nostro
362 1653 520 1739 generali,
552 1673 648 1737 quem
665 1659 777 1719 eontra
793 1653 914 1737 Regem
930 1654 1104 1722 habuimus
1120 1656 1199 1722 Boe·

95 1777 207 1846 norum,
224 1762 279 1828 vbi
296 1761 367 1831 Deo
385 1761 483 1829 dante
497 1760 625 1828 felicem
642 1759 811 1829 victoriam
827 1781 938 1830 sumus
948 1763 1123 1848 consecuti,
1135 1785 1199 1832 non

93 1865 150 1932 sine
165 1869 210 1934 sui
227 1870 351 1936 cruoris
367 1869 527 1937 effusione
543 1867 690 1936 exhibuit
706 1874 739 1936 et
753 1869 912 1956 impendit
926 1876 961 1937 ut
985 1869 1124 1938 fideliter
1151 1872 1198 1940 sic

20 2009 21 2012 =
94 1973 210 2060 deuote;
235 1978 315 2062 quia
346 1975 547 2062 inspeximus
579 1977 686 2061 ipsum
717 1975 925 2062 priuilegium
956 1984 1102 2045 nostrum
1134 2000 1198 2047 non

93 2081 237 2172 abrasum,
254 2105 321 2151 non
339 2085 566 2172 cancellatum,
598 2103 657 2151 neo
672 2084 707 2150 in
723 2085 834 2168 aliqua
851 2084 901 2153 sui
916 2092 1010 2172 parte
1034 2087 1199 2176 viciatum,

92 2209 154 2274 ymo
169 2192 383 2260 collacioncm
400 2192 578 2279 predictam
594 2212 763 2260 censemus
793 2191 855 2258 rita
885 2193 1015 2276 facum,
1046 2195 1082 2262 in
1113 2203 1200 2264 etate

20 2363 21 2366 ,
92 2297 222 2382 legitima
239 2302 408 2368 constituti
425 2301 511 2367 idem
527 2299 568 2368 de
585 2300 682 2368 uerbo
698 2301 740 2368 ad
756 2301 891 2368 uerbum
917 2304 1123 2388 presentibus
1153 2306 1200 2373 in-

20 2397 21 2404 '
91 2415 196 2474 sertum
213 2409 256 2478 dc
272 2429 431 2478 consensu
449 2410 611 2478 Baronum
627 2416 807 2477 nostrornm
834 2409 1028 2479 insonamus
1055 2419 1086 2478 ct
1111 2413 1200 2481 inno·

20 2507 21 2512 ’
91 2514 183 2580 uando
199 2516 425 2584 confirmamus
441 2515 606 2603 dupplicis
624 2517 727 2602 sigilli
748 2515 849 2583 nostri
865 2517 1041 2586 munimina
1071 2521 1200 2588 robora·

91 2623 271 2690 tosDatnm
287 2644 476 2710 poturanus
502 2622 631 2692 disereti
648 2624 708 2691 viri
725 2624 873 2709 Magistri
890 2625 1110 2695 Bartholomei
1125 2629 1199 2696 Pre-

20 2729 21 2822 ᾗ
89 2731 174 2812 positi
190 2732 359 2816 Agriensis
377 2733 463 2800 Aule
479 2739 587 2801 nostre
602 2732 875 2800 vicecancellarii
895 2733 1005 2800 dilecti
1032 2743 1064 2802 ct
1097 2736 1200 2804 tidelis

20 2893 21 2898 ,
88 2839 177 2906 nostri
201 2861 288 2907 anno
318 2839 449 2908 Domini
472 2837 717 2906 M⁰OG⁰LXXX
726 2852 744 2924 ⁰,
775 2841 1016 2923 quartodecimo
1041 2842 1201 2910 kalendas

20 2929 22 3004 ἕ
88 2943 231 3035 Octobris,
248 2948 354 3032 Regni
377 2953 484 3016 autem
500 2946 602 3015 nostri
617 2967 704 3016 anno
724 2951 850 3016 octauo.

85 3144 215 3204 (Eredstie
235 3147 420 3211 bothartyan,
452 3147 613 3198 stiriis-zbld
633 3147 870 3211 selyemzsinbron
889 3148 975 3213 tbggtt
994 3147 1091 3212 pccsbt
1109 3150 1182 3198 alatt

208 3252 226 3286 a
248 3237 354 3289 tumult.
388 3239 507 3304 hercaeg
537 3237 690 3304 Batthyalni
723 3239 817 3290 caalad
850 3235 1065 3301 leveltaraban.)
