3112 5154
109 400 300 478 mitoeundo
311 399 483 487 paululum
494 395 579 466 cedit
589 397 703 464 iterum
714 398 757 466 ad
768 397 905 482 primum
922 400 1009 468 viam
1026 421 1189 492 magnam,
1200 413 1233 473 et
1265 418 1268 424 ·

109 513 140 580 iu
150 531 189 582 ee
204 508 314 578 eundo
331 507 445 576 adhuc
461 507 504 576 ad
519 503 781 592 septemtrionem
798 506 886 574 veuit
901 508 1058 580 admetus
1073 512 1237 600 antiquos,

109 620 287 701 iuxtuqous
297 618 360 684 sub
371 614 542 684 fruticibus
556 619 780 684 castanearum
791 621 867 680 sunt
877 622 983 682 erecte
999 616 1062 684 due
1074 638 1167 705 nore,
1181 619 1237 686 be·

110 724 699 796 bensedhuccommetnneomterrum
710 718 1106 807 Vychohecbeboriente;
1119 725 1238 794 deinde

112 833 242 903 venicus
252 832 288 898 iu
299 831 471 918 sepedicto
481 831 534 898 vio
549 829 582 895 in
597 827 751 896 verticem
767 830 887 896 montis
903 831 1010 898 ubicst
1024 837 1110 900 terre
1126 834 1238 920 rubeo,

115 947 187 1010 suut
202 941 267 1008 due
278 944 367 1006 mete
383 945 490 1008 erecte
506 937 596 1005 iuxta
612 943 749 1024 veteres,
766 935 872 1006 adhuc
889 937 1161 1013 euudoineedem
1173 941 1236 1029 riu,

109 1055 140 1115 et
166 1066 224 1133 per
249 1044 388 1112 eandem
416 1046 547 1112 rubeam
572 1051 691 1112 terrum
710 1044 856 1130 pervenit
871 1045 915 1112 od
930 1046 1093 1130 quandum
1110 1047 1237 1116 foveam

110 1156 290 1242 palustrem,
307 1151 364 1218 ubi
379 1153 473 1218 iuxta
487 1159 589 1218 metes
607 1157 733 1219 veteres
748 1157 823 1218 sunt
856 1151 918 1220 due
948 1173 1052 1240 novep
1075 1153 1229 1238 equibus

110 1265 140 1330 in
160 1261 216 1329 vin
230 1261 343 1346 sepius
358 1267 540 1328 memorata
554 1258 702 1348 peruenit
725 1259 769 1326 ad
785 1259 946 1342 quendum
965 1262 1115 1330 arborem
1132 1263 1238 1351 ilycis‚

109 1371 198 1436 iuxta
214 1389 313 1453 quum
324 1373 399 1436 sunt
415 1367 479 1434 due
493 1373 595 1451 mete;
613 1365 731 1434 deinde
747 1366 951 1450 procedendo
967 1367 1073 1436 adhuc
1091 1391 1148 1457 per
1166 1389 1239 1438 eeu·

110 1477 179 1544 dem
194 1478 282 1545 uiam
315 1473 520 1562 pervenitad
537 1481 675 1560 quatuor
695 1480 798 1542 metas
815 1477 1000 1564 angulares,
1020 1497 1157 1561 querum
1173 1498 1238 1546 une

109 1585 228 1653 estsub
244 1603 366 1668 magua
383 1582 470 1664 ilice,
486 1581 542 1650 ubi
564 1589 671 1650 erecte
689 1587 765 1650 sunt
797 1581 860 1650 duc
891 1603 984 1671 nove,
1015 1603 1078 1667 quc
1111 1583 1238 1670 quidem

109 1700 190 1761 mete
206 1693 250 1758 ab
265 1693 392 1760 oriente
419 1696 579 1778 separent
594 1696 715 1758 terrum
733 1689 890 1776 sepedicti
906 1691 1114 1779 Vycbchech‚
1128 1713 1150 1760 a
1164 1714 1237 1778 sep

109 1799 275 1866 temtrione
290 1818 368 1867 uero
384 1798 543 1884 incipiunt
559 1817 713 1883 seperare
728 1803 847 1863 terram
871 1798 995 1883 Potela‚
1028 1799 1088 1866 dlii
1121 1801 1238 1888 Borcb,

111 1915 142 1974 et
156 1905 270 1992 incipit
300 1924 431 1972 currere
461 1902 534 1990 ipso
564 1910 652 1970 metu
683 1923 797 1972 uersus
814 1903 1033 1991 occidentem
1057 1905 1090 1971 iu
1107 1905 1238 1975 descen·

111 2012 215 2082 dendo
230 2012 272 2080 de
288 2019 397 2081 monte
413 2011 563 2097 pervenit
578 2011 622 2098 sd
638 2010 802 2096 quandam
828 2015 976 2082 arborem
993 2013 1087 2100 ilicis,
1105 2013 1160 2080 ubi
1190 2021 1239 2082 est

112 2128 198 2188 metu
228 2119 374 2204 antiquo,
407 2119 498 2186 iuxta
528 2137 625 2201 quom
656 2127 732 2186 sunt
763 2127 867 2186 erecte
898 2120 962 2187 dne
986 2140 1077 2201 nove,
1093 2121 1238 2189 eliasub

110 2230 226 2296 arbore
241 2246 311 2313 uyr,
330 2226 399 2294 alia
419 2226 568 2293 similiter
601 2228 661 2293 sub
693 2227 809 2294 arbore
840 2226 908 2311 tul;
933 2225 1051 2295 deiude
1078 2229 1238 2297 transiens

110 2355 165 2420 per
195 2335 281 2402 duas
314 2339 428 2418 metes,
459 2353 594 2418 querum
626 2354 692 2400 una
710 2331 790 2421 (est)
807 2335 867 2401 sub
884 2334 971 2420 fago,
988 2335 1057 2402 elie
1073 2339 1133 2404 sub
1148 2336 1235 2422 ilice,

110 2445 201 2510 iuxtu
216 2440 371 2522 antiques
388 2445 493 2507 metes
510 2439 679 2506 descendit
695 2441 737 2506 ed
763 2441 900 2508 rivulum
933 2439 1052 2530 Omne,
1083 2441 1175 2510 iuxta
1192 2445 1236 2509 ot·

109 2570 201 2616 reum
219 2547 328 2635 rivuli,
345 2547 400 2632 qui
416 2551 547 2614 vocetur
561 2547 706 2632 Zopsth;
723 2547 756 2612 in
773 2567 837 2631 quo
853 2547 958 2616 rivulo
976 2547 1084 2616 Gesner
1099 2549 1231 2617 descen·

109 2657 187 2724 deus
204 2655 356 2722 ascendit
370 2655 413 2721 ed
429 2654 591 2737 quendem
607 2654 737 2740 iontem,
754 2656 809 2740 qui
825 2663 873 2723 est
888 2676 988 2742 prope
1005 2656 1101 2743 viam,
1125 2657 1237 2742 incipi·

110 2783 165 2830 ens
179 2764 335 2830 haberes
346 2761 575 2847 septemtrione
590 2768 846 2830 commetaneam
865 2768 983 2830 terrem
1000 2762 1236 2830 Oruciferorum

108 2870 219 2938 Sancti
235 2869 410 2955 Sepulchri
428 2869 469 2936 ds
493 2869 614 2937 Sancto
646 2869 807 2953 Georgi03
831 2876 864 2936 et
879 2873 911 2936 in
943 2870 1016 2954 ipsa
1046 2868 1101 2937 viu
1132 2869 1237 2936 eundo

109 2978 256 3062 pervenit
276 2977 320 3044 ed
335 2977 416 3045 dune
433 2983 535 3044 metus
551 2977 704 3060 antiques
720 2977 755 3044 iu
772 2985 860 3044 terro
876 2977 993 3045 arabili
1008 2979 1142 3064 positas,
1161 2977 1232 3044 iux-

108 3095 143 3152 te
158 3105 241 3170 quus
256 3095 334 3154 sunt
349 3092 455 3154 erecte
470 3084 534 3152 due
550 3105 654 3170 novc;
679 3105 700 3152 a
716 3085 833 3170 quibus
851 3086 1072 3172 pertransiens
1097 3092 1237 3152 montem

7 3237 8 3240 =
108 3192 471 3276 pervenitadarborem
488 3193 655 3277 antiquam
676 3193 899 3278 sorbellorum,
911 3194 966 3259 ubi
976 3194 1069 3260 iuxta
1085 3192 1237 3274 antiquus

107 3309 183 3367 suut
198 3305 307 3367 erecte
321 3299 387 3366 dne
402 3318 504 3384 uove;
532 3319 553 3364 a
569 3300 685 3383 quibus
703 3299 871 3367 descendit
886 3299 919 3364 in
936 3299 1064 3382 vallem,
1096 3298 1151 3366 ubi
1166 3319 1237 3384 per·

108 3407 273 3476 transiens
304 3407 405 3474 elium
437 3425 562 3475 romum
577 3408 675 3476 rivuli
693 3406 802 3474 Gesnn
821 3404 970 3474 escendit
985 3409 1018 3476 iu
1036 3415 1177 3476 montem
1195 3405 1238 3473 ad

108 3534 264 3600 magnum
280 3514 429 3581 arborem
445 3512 514 3598 fagi
536 3533 631 3582 cruce
661 3514 835 3600 signatam,
869 3515 1061 3582 declinando
1092 3515 1238 3597 aliquau-

107 3621 212 3688 tulum
241 3639 354 3690 versus
370 3620 550 3703 meridiem,
566 3621 622 3688 nbi
639 3629 714 3689 sunt
731 3621 793 3688 due
809 3629 893 3689 mete
909 3619 1060 3709 (posite),
1076 3621 1110 3686 in
1125 3641 1238 3690 ercon-

107 3729 217 3797 deudo
231 3737 373 3796 mentem
389 3729 612 3818 pertransiens
629 3729 712 3798 duos
745 3737 848 3797 metes
881 3732 1003 3816 positos
1035 3729 1094 3797 sub
1126 3729 1240 3794 arbore

107 3837 192 3904 iiicis
223 3837 314 3904 veuit
328 3835 372 3904 ed
405 3837 558 3905 verticem
590 3838 709 3904 montis
731 3832 782 3902 'ud
802 3835 887 3904 elias
919 3844 1022 3902 metes
1038 3833 1162 3923 positus
1178 3834 1239 3902 sub

107 3943 226 4012 frutice
243 3941 377 4012 raketio
394 3952 530 4028 roceto3
554 3944 706 4027 equibus
734 3942 901 4011 descendit
924 3943 1046 4012 directe
1078 3944 1182 4012 eundo
1198 3942 1241 4010 od

7 4051 8 4056 ’
107 4052 278 4120 meridiem
311 4071 370 4136 per
387 4071 484 4119 unam
516 4051 635 4120 vollem
668 4050 711 4117 od
727 4051 861 4120 tercium
879 4049 1032 4138 (ramum)
1051 4051 1169 4135 Casus,
1186 4050 1239 4116 ubi

105 4160 201 4228 iuxta
216 4159 381 4243 quendum
399 4166 522 4227 trucum
536 4167 613 4228 snut
628 4166 732 4244 mete;
750 4157 917 4228 descendit
934 4161 1044 4244 itaque
1061 4156 1236 4241 regiruudo

106 4268 150 4334 nd
162 4265 339 4336 meridiem
354 4287 413 4352 per
428 4269 533 4352 ipsum
548 4267 680 4338 fluvium
692 4267 724 4334 in
735 4268 821 4336 boue
837 4267 1019 4352 quantitate
1038 4265 1240 4346 distinguens

104 4395 123 4445 e
155 4372 295 4444 meridie
327 4380 448 4442 terram
479 4373 615 4442 filiorum
646 4373 852 4442 Mledochuet
883 4374 988 4442 eundo
1018 4391 1077 4458 per
1109 4369 1241 4438 arbores

101 4481 281 4570 fructuum,
313 4481 544 4562 quoadunetur
574 4481 648 4550 otiis
664 4480 788 4550 duobus
807 4482 906 4550 remis
923 4481 1014 4550 fluvii
1032 4479 1159 4625 Ousnp;
1183 4477 1243 4544 sic-

1076 4587 1117 4658 13
