3096 5160
360 1113 483 1178 Drcltol
499 1117 582 1178 odra
599 1135 698 1178 nemen
718 1107 963 1194 jcbbdpyoioole
995 1104 1162 1188 liieliose'pe
1192 1102 1397 1189 biaoayoo'pot
1424 1113 1474 1166 tesz

359 1221 459 1306 arrdl,
477 1221 560 1306 liopy
575 1219 707 1284 idrooilt
722 1219 826 1282 Ferret·
843 1219 875 1280 es
901 1214 1012 1280 Simon
1043 1211 1190 1296 bizooyoa
1214 1209 1324 1296 solda
1354 1210 1474 1276 elodtulr

606 1327 713 1392 Joaor
728 1345 835 1406 cornea,
851 1323 988 1388 Koarrtct
998 1322 1124 1402 ¹pt'rtaolc.
1147 1315 1246 1385 1288.

345 1600 352 1613 ¹
467 1523 535 1590 Nos
566 1521 654 1589 Bene
683 1521 786 1588 Maior
803 1517 973 1585 Exercitus
989 1517 1099 1584 Castu·
1116 1515 1233 1583 Droool
1249 1511 1425 1584 Comitatus
1441 1515 1476 1580 de

361 1633 502 1716 Barana,
517 1639 549 1698 et
564 1629 623 1716 alij
640 1629 767 1697 nobiles
792 1629 982 1712 iobagioues
1015 1623 1123 1692 (lustri
1154 1621 1299 1691 eiusdem
1333 1621 1476 1691 memorie
1531 1625 1532 1696 l

361 1739 625 1806 commendantes
657 1735 876 1820 significamus
907 1731 1056 1800 omnibus
1072 1731 1191 1816 quibus
1208 1730 1341 1816 expedit
1358 1751 1478 1818 preseu-
1531 1761 1532 1818 p

362 1849 447 1914 cium
465 1867 525 1931 per
556 1849 708 1930 tenorem,
740 1842 827 1926 quod
858 1843 1002 1908 Fenerus
1033 1839 1117 1906 tilius
1148 1838 1280 1918 ltluukn,
1313 1847 1345 1905 et
1377 1838 1478 1903 Simon
1531 1905 1532 1920 χ

361 1953 446 2020 tilius
478 1951 600 2020 Pothon
632 1950 781 2018 similiter
801 1949 990 2031 iobagiones
1009 1945 1116 2016 castri
1133 1946 1277 2014 eiusdem
1295 1948 1336 2014 de
1351 1945 1478 2030 Hozugd

359 2063 402 2128 ad
419 2069 559 2128 nostram
578 2059 769 2128 aecedentes
799 2056 1011 2142 presenciam,
1048 2054 1198 2121 dixerunt
1229 2055 1324 2122 nobis
1354 2056 1479 2122 oraculo

361 2169 436 2234 niue
466 2169 567 2247 noeis,
599 2175 634 2232 ut
664 2167 829 2250 quandam
853 2165 1047 2250 particulam
1063 2171 1149 2230 terre
1166 2183 1223 2230 sue
1240 2163 1283 2230 ab
1299 2163 1376 2248 alijs
1392 2163 1477 2229 terris

361 2275 429 2342 snis
446 2273 585 2358 rudique
602 2274 697 2340 certis
714 2281 747 2341 et
762 2273 906 2356 antiquis
923 2273 1016 2337 metis
1033 2269 1264 2337 circumdatam
1281 2279 1314 2336 et
1330 2273 1478 2337 uallatam

360 2381 584 2474 uendidissent
600 2381 718 2447 Comiti
733 2379 856 2446 lacobo
876 2379 942 2444 filio
959 2377 1106 2460 Magistri
1126 2376 1278 2444 Corrardi
1294 2397 1353 2462 pro
1379 2377 1479 2442 decem

362 2489 479 2556 marcis
497 2487 703 2556 denariorum
720 2487 905 2570 Baualium,
922 2505 981 2570 pro
998 2483 1145 2569 qualibet
1160 2504 1270 2550 marea
1286 2505 1343 2551 sex
1371 2505 1481 2570 pensas

362 2595 569 2664 denariorum
586 2596 756 2662 Baualinm
774 2593 1000 2678 computando,
1017 2594 1106 2676 prius
1122 2593 1302 2678 receptiset
1313 2595 1481 2660 numeratis

362 2706 404 2770 ab
419 2705 543 2791 eodem,
560 2703 622 2770 sibi
639 2709 671 2768 et
687 2703 754 2768 suis
770 2701 953 2786 heredibus,
970 2708 1002 2766 et
1017 2719 1148 2768 suorum
1180 2700 1334 2768 heredum
1367 2723 1481 2769 sncces-

360 2812 488 2879 soribns
507 2793 672 2898 ¹perpetuo
704 2809 944 2896 possidendam,
971 2809 1176 2892 presentibus
1207 2813 1483 2879 cornmetauciset

362 2919 487 3004 uicinis,
505 2918 594 2985 nullo
620 2919 749 3002 penitus
766 2937 807 2982 ex
838 2917 920 3001 ipsis
951 2914 1184 2982 contradictore
1215 2917 1388 3006 existente,
1417 2937 1484 3005 ymo

361 3027 472 3110 pocius
504 3027 678 3092 uendentes
712 3025 754 3091 ad
786 3024 994 3090 nendoudum
1027 3031 1058 3090 et
1089 3029 1232 3090 ementes
1259 3026 1303 3091 ad
1319 3027 1485 3094 emendum

362 3133 599 3217 permittendo;
625 3133 685 3198 tali
701 3139 809 3199 tamen
826 3129 1017 3198 condicione
1033 3131 1206 3216 mediante,
1223 3133 1352 3215 quod'
1327 3155 1356 3199 sn
1373 3132 1485 3216 aliquis

360 3259 418 3322 per
447 3260 632 3325 processum
665 3238 836 3305 cuiuslibet
823 3237 1032 3323 ttemporie,
1067 3245 1124 3304 unt
1144 3239 1259 3308 (lomes
1276 3242 1435 3323 quislibet
1450 3241 1531 3312 de
1530 3255 1531 3268 ³

361 3347 490 3414 Burana
507 3367 564 3433 pro
581 3353 727 3431 tempore
744 3345 935 3412 constitutus
954 3343 1113 3412 Comitem
1144 3347 1302 3414 Jacobum
1335 3351 1390 3415 uel
1421 3368 1488 3415 suos
1530 3355 1531 3440 l

360 3455 493 3520 heredes
524 3475 581 3539 pro
612 3454 759 3538 predicta
790 3461 877 3519 terra
909 3452 1082 3519 molestare
1107 3455 1206 3520 uellet
1221 3457 1275 3522 uel
1292 3455 1488 3534 intenderet

359 3561 422 3644 ipsi
439 3563 582 3627 Fenerus
600 3568 632 3626 et
648 3561 770 3647 Symon
786 3568 842 3626 aut
857 3561 916 3644 filij
934 3582 984 3626 sur
975 3560 1116 3626 Comiti
1132 3561 1255 3628 Jacobo
1289 3564 1493 3648 prenomina-

360 3673 426 3731 tam
438 3675 555 3735 terram
566 3667 619 3734 uel
631 3667 707 3749 filijs
717 3670 784 3735 suis
793 3665 960 3754 liluare(?)
969 3669 1163 3736 tenebuntur
1174 3671 1314 3756 proprijs
1327 3673 1492 3739 laboribus

360 3781 391 3839 et
408 3775 571 3861 expensis.
588 3777 658 3842 Hoc
675 3781 783 3841 tamen
802 3795 954 3860 expresse
970 3773 1148 3862 declarato,
1170 3777 1255 3862 quod
1286 3778 1315 3845 si
1348 3779 1494 3847 Fenems

359 3883 412 3948 nel
445 3881 565 3967 Symou
597 3891 654 3950 aut
679 3883 738 3968 tilij
756 3884 806 3950 sui
825 3884 1041 3970 prenominati
1061 3893 1193 3971 propter
1210 3889 1368 3973 temporis
1388 3907 1494 3954 neces·

359 3989 501 4077 sitalem,
517 3997 744 4075 paupertatem
772 3993 823 4057 uel
858 3991 969 4058 mortis
1001 4000 1149 4058 euentum
1181 3994 1224 4060 ad
1255 3995 1495 4062 confirmandas

357 4095 480 4163 litteras
514 4105 641 4166 nostras
657 4099 690 4164 in
707 4098 857 4185 Gapitulo
874 4100 926 4166 uel
949 4099 1115 4168 Conuentu
1133 4103 1280 4184 quolibet
1295 4122 1492 4191 comparere

358 4223 421 4268 non
440 4213 582 4292 possent,
600 4203 784 4293 Capitulum
802 4208 855 4272 uel
875 4208 1059 4274 Conuentus
1079 4209 1216 4294 quilibet
1233 4217 1365 4280 nostras
1388 4223 1497 4298 paten-

358 4315 464 4378 teutes
496 4313 621 4379 litteras
654 4315 722 4382 suis
755 4323 904 4381 teneatur
935 4315 1055 4383 litteris
1088 4319 1288 4386 confirmare.
1321 4320 1365 4386 Et
1396 4321 1497 4405 quiin

360 4418 548 4487 neudicione
570 4421 675 4505 ipsius
692 4429 778 4488 terre
794 4421 1016 4502 interfuerant,
1033 4423 1163 4490 illorum
1180 4423 1239 4491 hee
1250 4435 1326 4492 snut
1342 4431 1496 4494 nomina:

359 4525 460 4623 Bana,
491 4525 605 4594 Petrus
622 4537 654 4594 et
671 4529 884 4597 Sebastianus
901 4529 958 4614 filij
978 4529 1133 4616 Gbepani,
1151 4532 1323 4602 lohannes
1338 4543 1374 4602 et
1393 4539 1495 4604 Cbutu
