3170 5166
833 321 900 396 ete

787 409 936 426 m

300 519 393 596 (ibon
408 527 566 612 noestam,
587 539 659 591 enm
690 519 833 608 pomerio
849 527 883 592 et
911 519 1058 592 melone
1088 539 1160 614 rue,
1191 517 1225 592 in
1256 540 1325 610 oue
1356 518 1430 612 ipse

298 635 415 703 Comes
444 632 573 701 lloobis
602 628 777 716 residebat,
818 631 1032 717 eontulernnt,
1073 631 1234 703 dederunt
1263 637 1298 700 et
1327 631 1427 702 done·

299 745 416 812 uerunt
434 739 581 810 lleelesie
610 733 718 808 Beste'
742 737 886 825 Virginis
917 739 959 808 de
989 736 1138 808 Borelred
1169 741 1242 808 inre
1272 747 1429 826 perpetuo

300 847 435 936 panidos
472 852 505 916 et
521 845 630 934 quiete
660 843 925 916 inrenoeebiliter
949 844 1191 935 possidendam.
1207 846 1277 916 llos
1293 847 1432 928 edieeto,

301 955 388 1043 qued
402 955 432 1024 si
447 973 603 1044 proeesse
619 951 774 1042 temporis
802 953 931 1038 preists
960 954 1109 1024 Eoulesis
1139 954 1272 1026 rueione
1302 975 1432 1044 posses·

197 1097 200 1104 ·
299 1063 406 1136 amnis
421 1082 478 1133 sne
491 1061 557 1132 ribi
581 1061 700 1132 donne
714 1082 737 1130 e
751 1080 915 1148 quuqunm
931 1061 1028 1133 luerit
1042 1061 1217 1134 molestato
1230 1083 1291 1132 seu
1306 1061 1432 1150 iuquie-

281 1179 385 1258 -tete,
403 1169 502 1256 iidem
533 1169 662 1241 lloebie
683 1167 808 1252 (lomes,
836 1169 957 1240 Penius
972 1175 1005 1240 et
1034 1169 1234 1256 liutherdus,
1249 1191 1290 1240 se
1320 1191 1433 1246 rmum

304 1277 441 1349 heredes
455 1275 675 1362 heredumque
690 1296 799 1346 eornm
815 1295 1016 1348 sueeeseores
1031 1283 1182 1348 tenentur
1196 1277 1305 1365 ipson
1319 1277 1434 1348 boole-

305 1387 427 1456 sieme
449 1383 700 1455 molestantibus
728 1383 880 1454 omnibns
910 1383 1065 1472 expedire
1094 1385 1235 1474 proprtjs
1263 1385 1434 1456 heodem

305 1500 338 1562 et
353 1491 517 1582 expensis.
546 1489 667 1562 Cursus
696 1497 806 1560 sutem
836 1498 994 1562 meterem
1023 1491 1130 1582 ipssm
1159 1499 1279 1564 terrem
1300 1493 1435 1566 oiruum·

305 1599 455 1672 duneium
470 1607 503 1670 et
517 1597 731 1670 embieneium
746 1596 808 1668 boe
822 1597 936 1668 ordine
961 1599 1182 1688 distinguntur
1198 1625 1207 1668 ι
1223 1601 1313 1686 qnod
1328 1601 1436 1690 prime

305 1715 394 1782 metu
422 1707 537 1798 inoipit
564 1707 658 1776 iuxte
687 1724 808 1792 eonem
837 1705 987 1776 Buresuu
1016 1713 1178 1794 voertam,
1207 1706 1263 1776 ubi
1276 1714 1358 1780 suut
1376 1727 1434 1776 sex

306 1823 392 1888 mete
407 1817 554 1902 entique,
568 1813 611 1884 de
635 1833 700 1900 que
730 1811 790 1882 ibit
819 1813 865 1882 ed
896 1834 994 1883 vnum
1024 1813 1157 1901 vellem,
1170 1815 1207 1882 in
1237 1834 1304 1900 que
1334 1814 1435 1884 eurrit

305 1926 350 1994 ed
380 1931 506 2014 portem
538 1920 849 2008 septemtrionalem,
893 1921 935 1990 de
966 1942 1031 2008 qus
1065 1921 1201 1992 diuertit
1231 1921 1359 1992 direote
1390 1921 1435 1992 ed

307 2034 473 2118 orientem,
489 2038 522 2100 et
537 2029 636 2100 eurrit
650 2047 711 2118 per
725 2029 821 2098 binus
835 2033 868 2097 et
891 2027 987 2100 binas
1011 2035 1115 2100 metes
1144 2049 1247 2116 reque
1276 2051 1436 2116 msgnsm

307 2143 407 2228 riom,
438 2138 494 2209 ubi
524 2135 727 2224 coniungitur
757 2135 854 2205 terris
885 2137 1031 2208 eiusdem
1050 2137 1185 2208 Comitis
1200 2137 1331 2208 bleebis
1346 2137 1436 2206 l’ueb

307 2246 520 2336 noneupetis3
543 2245 715 2332 dequibus
731 2245 848 2314 trenrit
862 2243 906 2314 ed
930 2245 1109 2334 meridiem,
1125 2253 1159 2318 et
1187 2245 1347 2314 enrrendo
1379 2265 1437 2334 per

307 2375 460 2441 magnum
491 2351 577 2421 viem
609 2351 732 2422 erebris
764 2351 858 2420 metis
887 2389 931 2402 -
947 2387 988 2402 -··
1006 2393 1051 2407 -
1066 2353 1111 2422 ed
1127 2358 1229 2422 metes
1244 2351 1433 2446 angulares,

306 2461 362 2534 rbi
378 2459 547 2549 eopuletnr
562 2461 657 2529 terris
673 2459 801 2529 lloebie
817 2465 850 2529 et
872 2460 1008 2530 instrum
1025 2481 1155 2532 snorum
1185 2457 1279 2532 clos
1313 2479 1437 2530 nonuu-

306 2569 411 2660 pntis;
435 2565 477 2636 de
506 2565 623 2654 quibus
638 2563 787 2636 similiter
817 2587 875 2654 per
904 2567 998 2636 bines
1014 2573 1046 2636 et
1060 2567 1156 2639 enm
1170 2575 1277 2638 metus
1291 2565 1338 2637 erl
1352 2565 1437 2636 oed-

308 2679 449 2762 dentem‚
480 2681 514 2743 et
542 2675 576 2742 in
606 2675 671 2742 dne
700 2693 722 2743 v
754 2709 793 2724 -
811 2711 855 2724 -
872 2713 917 2727 -
930 2709 976 2722 -
1004 2677 1106 2764 rrbyt
1134 2695 1256 2762 equum
1285 2673 1437 2746 Bureeus

308 2783 531 2875 presoriptom,
562 2783 596 2850 in
613 2782 707 2852 euius
738 2783 832 2850 alueo
863 2781 959 2870 redyt
988 2782 1034 2851 nd
1048 2788 1152 2853 metes
1168 2783 1304 2870 priores,
1325 2783 1438 2868 ibique

308 2892 510 2964 terminetur.
528 2891 569 2958 et
584 2891 659 2978 iper
674 2889 839 2975 possessio
855 2896 926 2960 tote
941 2911 962 2958 s
976 2890 1079 2978 plage
1110 2889 1319 2960 meridionali
1351 2892 1440 2964 diete

309 2997 456 3071 Erelet'ie
486 3005 702 3088 peremnstur,
735 2999 779 3066 ub
808 2997 961 3084 aquilone
990 3020 1070 3068 rere
1100 2999 1219 3069 (lomiti
1249 2999 1383 3070 lloobis
1406 3007 1439 3070 et

307 3109 460 3179 tratribus
475 3109 543 3178 suis
558 3113 745 3176 remanente
755 3105 942 3176 eteedente.
958 3107 1111 3178 Preteree
1126 3107 1159 3175 in
1173 3109 1269 3177 terris
1283 3107 1438 3182 Ablsnbe

307 3225 426 3288 noento
455 3214 499 3286 sd
511 3215 615 3304 ipsum
632 3215 723 3285 (ibon
740 3215 986 3303 pertinentibus,
1011 3213 1173 3300 quoddam
1189 3223 1331 3306 pratum,
1348 3219 1439 3303 qnod

308 3323 427 3395 dietum
444 3331 493 3392 est
506 3323 654 3394 sulioere
677 3343 737 3410 pro
766 3324 882 3392 desem
912 3321 1090 3407 iulosstrie,
1122 3322 1259 3392 donauit
1288 3325 1438 3395 Eoelesie

308 3431 516 3520 sepeseripte.
546 3431 704 3517 vergitur
733 3429 808 3518 ipse
823 3431 973 3502 Euelesie
1002 3451 1074 3500 eum
1095 3431 1359 3520 possessionibus
1374 3435 1439 3504 sibi

309 3537 439 3609 donetis
470 3537 625 3628 gaudent,
656 3539 836 3625 gratuletur
867 3547 900 3608 et
930 3545 1085 3627 perpetuo
1125 3539 1195 3609 lure
1225 3539 1362 3630 duntur,
1395 3541 1441 3610 ed

307 3647 503 3716 instenoism
534 3653 568 3718 et
583 3645 778 3734 peticionem
807 3649 955 3736 peruium
986 3665 1123 3736 presens
1149 3647 1308 3737 sreiptnm
1324 3656 1439 3720 eontu-

307 3753 405 3824 limos
420 3761 531 3826 nosne
548 3753 658 3844 sigillo
674 3755 914 3826 communitum.
931 3755 1071 3825 Domine
1089 3755 1227 3826 Nicoluu
1256 3757 1440 3846 Proposito,

308 3861 428 3930 Germe
458 3862 608 3950 Custode,
639 3863 745 3932 'l'oms
773 3861 926 3952 (iuniore,
957 3863 1095 3932 ldoolno
1124 3863 1259 3934 Deeeno
1274 3867 1277 3874 '
1291 3865 1441 3934 lleelesie

308 3975 420 4040 nostre
445 3970 678 4058 existentibus3
701 3992 787 4041 enno
818 3971 860 4041 sb
892 3971 1127 4042 lneerneeione
1157 3971 1289 4045 Domini
1318 3971 1441 4044 blec·

305 4077 520 4166 nonagesimo
536 4099 630 4150 neno.
1108 4093 1111 4098 ·

307 4277 452 4344 (Endetie
469 4279 652 4346 bdrhirtytn¹
677 4295 694 4336 e
712 4281 800 4349 sigge
818 4277 914 4347 peosit
931 4281 1084 4350 elvenett;
1103 4296 1120 4336 s
1143 4279 1297 4338 budsikir.
1308 4281 1442 4340 nemersi

775 4371 972 4438 ravennnae.)
