3124 5152
110 443 194 534 bunt,
225 451 503 534 causantibrrsqne
519 457 551 518 et
566 453 813 536 querelantibus
833 452 994 539 judicium
1027 455 1166 544 sacient;
1192 457 1233 524 de

110 575 168 638 quo
183 555 312 639 quidem
326 557 455 642 judicio
473 559 615 644 ipsorum
632 561 799 627 amborum
813 560 971 629 Comitum
983 565 1011 630 si
1022 563 1084 650 ipsi
1101 564 1232 650 litigan-

108 671 152 730 tes
183 665 469 754 contentabnntur,
500 669 583 736 bene
615 670 764 756 quidcm5
799 671 956 757 alioquin,
988 671 1072 740 sicut
1102 674 1232 741 solitum

108 770 223 856 subscr,
258 775 446 842 huiusmodi
462 775 668 860 judiciumet
685 779 756 846 eius
772 797 910 845 examen
927 800 984 866 per
1000 787 1138 868 partem,
1170 803 1233 866 que
1301 784 1304 788 ’

108 881 206 968 uellet,
234 882 271 950 in
304 883 443 952 Crisium
467 884 511 952 ad
541 885 658 953 Sedem
689 885 900 954 iudiciariam
931 887 1097 956 Nobilium
1128 888 1231 974 ipsius

106 989 202 1074 Regni
217 991 399 1060 Solanonie
414 1013 472 1079 pro
488 994 640 1062 habenda
671 995 911 1064 deliberacione
943 995 1156 1065 deduceretur
1170 1019 1178 1082 ;
1201 1005 1233 1064 et

107 1097 222 1184 deinde,
255 1101 285 1168 si
300 1099 414 1184 aliqua
432 1101 577 1186 parcium
593 1102 701 1187 uellet,
735 1101 778 1170 ad
794 1102 925 1170 Curiam
957 1106 1109 1192 Regiam,
1141 1105 1232 1172 iuxta
1334 1109 1337 1116 ’

105 1208 281 1276 libertatem
299 1208 458 1278 dictorum
474 1211 639 1294 nobilium,
655 1231 793 1278 examen
811 1211 993 1279 huiusmodi
999 1212 1117 1298 judieii
1128 1219 1230 1280 traus-

105 1315 182 1381 lerrc
197 1323 320 1401 posset.
354 1316 416 1384 Vbi
433 1324 543 1384 antem
560 1317 677 1402 aliquis
694 1318 880 1388 causidicus
896 1321 947 1386 vel
964 1319 1099 1404 litigans
1116 1340 1228 1390 coram

106 1421 177 1507 ipsis
207 1423 368 1492 ambobus
401 1425 577 1492 Comitibus
609 1426 818 1511 aliquatenus
850 1429 1104 1516 conuinceretur,
1148 1427 1231 1496 duas

108 1537 210 1615 partes
227 1531 455 1618 birsagiorum,
471 1533 525 1598 vel
541 1532 678 1600 aliorum
695 1534 932 1623 granaminum,
951 1534 1070 1602 (lomes
1087 1537 1229 1622 prelato·

105 1659 167 1705 mm
183 1640 324 1708 filiorum
340 1641 459 1725 prelati
475 1641 607 1708 Martini
623 1641 707 1708 Bani
723 1649 756 1710 et
782 1643 921 1731 domine,
955 1663 1129 1728 eorumque
1160 1661 1230 1710 sno·

106 1767 272 1833 cessorem,
300 1749 434 1816 terciam
452 1769 529 1817 uero
547 1755 722 1818 annotatus
739 1750 855 1818 (lomes
871 1751 1051 1820 Terrestris
1082 1752 1226 1837 ipsorum

106 1855 297 1923 l’redialinm
314 1876 442 1942 semper
457 1878 515 1942 pro
531 1878 567 1924 se
594 1857 778 1944 reciperent
809 1863 839 1924 et
869 1859 1028 1927 tollerent
1067 1857 1137 1925 Nec
1167 1857 1229 1922 hoc

105 1964 321 2052 pretermisso,
357 1964 443 2048 quod
459 1964 576 2052 prelati
593 1963 724 2032 domina
751 1972 783 2031 et
815 1964 976 2050 Georgius
1008 1964 1092 2032 filiun
1122 1964 1226 2052 ipsius

105 2070 226 2137 llartini
242 2071 336 2155 Bani,
353 2071 538 2138 nominibus
553 2093 688 2156 quorum
705 2091 815 2160 supra,
842 2071 957 2158 predia
974 2072 1168 2160 subscripta,
1195 2079 1227 2138 et

107 2177 272 2244 eorundem
288 2180 469 2262 particulas
485 2176 573 2267 (per)
590 2179 751 2264 prefatum
768 2179 946 2247 Martinam
962 2179 1088 2246 Banum
1106 2179 1149 2246 ab
1176 2179 1223 2246 eis

106 2292 247 2370 receptas
264 2291 297 2351 et
312 2287 467 2370 alienata,
498 2286 653 2355 uidelicet
668 2286 851 2374 predictum
883 2287 1030 2372 predium
1062 2285 1226 2373 Rempoeh

105 2393 235 2464 condam
251 2395 414 2464 Johannis
430 2395 485 2480 filij
503 2395 642 2462 Fabiani
659 2396 759 2464 nobili
776 2395 905 2464 domine
921 2395 989 2462 filie
1004 2416 1065 2463 sue
1095 2395 1225 2481 conjugi

105 2501 235 2588 predicti
250 2501 420 2570 Benedicti
437 2501 600 2589 Mykeoh5
622 2503 699 2572 item
715 2501 864 2587 predium
889 2502 1124 2592 Fodorostyna,
1156 2522 1225 2590 pre·

105 2613 166 2680 uto
180 2610 335 2680 Ladislao
351 2607 418 2675 tilio
433 2607 612 2694 llychaelis
630 2609 686 2694 filij
705 2607 883 2696 Valentini,
901 2609 962 2676 snb
979 2607 1102 2676 eisdem
1119 2609 1223 2690 metis,

105 2720 213 2802 quibua
229 2725 320 2786 tenta
335 2717 492 2802 inissent5
517 2716 635 2786 deinde
666 2715 708 2783 de
738 2715 851 2804 predio
880 2717 1048 2784 Saulielde
1080 2717 1223 2786 scnetum

105 2825 315 2912 qnadraginta
332 2824 478 2893 curribus
493 2831 615 2912 aptum,
645 2823 732 2908 qnod
763 2825 836 2912 ipse
869 2823 1027 2892 Martinus
1058 2824 1100 2890 ad
1132 2841 1224 2890 snam

105 2937 261 3020 propriam
278 2932 401 3002 curiam
418 2931 460 2998 de
476 2929 665 3018 Tapaloncb
682 2931 903 3016 applicasset;
927 2930 1003 2997 item
1034 2929 1076 2998 de
1107 2926 1220 3014 predio

104 3041 274 3109 Lakanoch
289 3039 382 3108 illam
398 3039 591 3124 particulam
608 3045 692 3106 torre
708 3038 854 3127 arabilis,
871 3057 968 3120 quam
983 3037 1056 3122 ipse
1064 3035 1223 3104 Martinus

105 3149 208 3218 Barrus
225 3169 283 3234 pro
300 3168 337 3215 re
353 3145 398 3213 ad
414 3147 587 3214 ciuitatem
603 3166 696 3215 suam
712 3143 844 3232 Iteycbe
863 3145 1069 3231 applicasset,
1100 3141 1221 3210 Antho-

105 3256 156 3321 nio
170 3257 231 3324 lilio
246 3253 415 3322 Valentini
433 3273 506 3322 cnm
523 3251 677 3321 fratribus
694 3253 785 3334 suis;
809 3251 886 3319 item
913 3251 953 3316 de
979 3251 1091 3337 predio
1121 3250 1222 3318 Pribi·

105 3361 208 3449 noucb,
224 3363 288 3430 tria
304 3361 419 3445 iugera
436 3365 521 3428 terre
537 3358 685 3445 arabilis,
713 3366 745 3426 et
760 3379 858 3426 vnum
875 3357 1015 3426 fanetum
1033 3357 1076 3424 ad
1092 3377 1221 3443 posses·

106 3471 219 3538 sionem
233 3490 326 3538 snam
343 3466 484 3534 Konzka
501 3474 677 3551 occupatas
696 3489 704 3552 ;
737 3465 855 3532 deinde
885 3465 926 3532 de
957 3464 1070 3550 predio
1087 3463 1221 3530 Hrania·

105 3577 189 3646 lorch
203 3578 295 3646 illum
311 3583 462 3661 montem,
479 3575 535 3658 qni
551 3580 630 3642 ante
645 3573 806 3658 prefatam
822 3571 952 3657 Reyche
977 3569 1158 3656 haberetur,
1187 3579 1221 3639 et

106 3705 189 3767 quem
203 3685 276 3772 ipse
291 3685 451 3750 Martinus
468 3681 574 3750 eidem
590 3682 720 3767 Reyohe
737 3681 958 3766 applicasset;
981 3684 1057 3765 post
1088 3677 1148 3744 hoc
1180 3679 1221 3746 de

106 3794 204 3874 predio
218 3796 353 3880 Roysna
368 3791 458 3859 illam
475 3799 599 3876 partem
617 3808 690 3856 cum
706 3788 778 3856 loco
797 3786 970 3856 cessionali
987 3785 1090 3872 ipsius
1106 3785 1219 3872 predii,

105 3919 176 3982 quar
191 3901 264 3990 ipse
281 3901 442 3968 Martinus
459 3919 518 3985 pro
533 3919 569 3966 se
585 3897 763 3984 habuisset,
780 3896 912 3964 Vrbano
927 3893 993 3961 filio
1010 3892 1160 3979 Fabiani,
1188 3898 1220 3960 et

105 4005 237 4077 linerico
253 4008 321 4076 filio
336 4007 474 4074 Adriani
488 4030 495 4089 ;
518 4005 596 4072 item
612 4003 761 4091 predium
777 4003 1016 4088 Radoslastyua
1032 4019 1074 4066 ex
1089 4001 1218 4083 integro

105 4111 237 4184 Enerieo
252 4115 320 4184 tilio
335 4113 487 4201 Fabiani,
503 4113 538 4179 in
554 4111 709 4182 heredum
726 4109 874 4196 heredes,
891 4111 951 4179 sub
971 4105 1218 4176 condicionibus

106 4227 132 4286 et
144 4223 345 4291 libertatibus
368 4219 522 4305 antiquis,
537 4219 608 4287 iure
622 4225 782 4306 perpetuo
794 4215 937 4285 tenenda
950 4215 1110 4282 duxerunt
1121 4214 1219 4301 pleno

106 4325 163 4398 ime
176 4329 379 4414 remittenda,
411 4333 544 4396 eatenus
560 4326 661 4396 veluti
677 4327 725 4394 eis
741 4327 783 4392 ab
801 4325 934 4407 antiqno
961 4321 1215 4410 pertinuissent;

106 4435 269 4518 predictum
289 4436 393 4505 eciam
408 4433 699 4519 Wulcbalrostyna,
733 4431 819 4518 quod
834 4453 893 4518 pro
910 4449 996 4497 nunc
1022 4428 1093 4514 ipse
1122 4429 1218 4497 Nico·

106 4535 165 4642 iaus
180 4545 276 4618 rursm
291 4541 453 4638 possides,
476 4548 509 4610 et
524 4543 610 4634 quod
631 4561 728 4611 vnum
746 4561 786 4610 er
803 4537 896 4610 dictis
930 4533 1052 4626 predijs
1084 4535 1218 4624 prescri-
