3068 5150
545 315 703 417 34⁷.-

73 512 193 598 piscopo
209 509 437 599 Strigonicnsi,
455 509 607 580 iohanne
636 511 749 582 [ilecto
781 511 968 600 Oolocensi;
993 521 1026 582 ct
1057 517 1188 585 domino

73 625 172 685 nostro
199 617 385 688 venerabili
416 625 509 704 patre
539 617 673 688 Andron
698 621 860 707 Episcopo
879 620 1033 708 Agriensi
1049 625 1188 694 existen-

72 725 155 794 tibus.

73 927 150 988 (1549.
166 927 353 992 Pozsonyban
372 925 461 978 »feria
479 929 560 980 sexta
578 927 707 992 proxima
716 930 781 995 post
793 928 970 982 Dominicam
980 927 1116 986 canum«
1127 933 1190 984 kalt

182 1015 302 1068 okttvas
321 1016 495 1084 sunnonem
515 1017 635 1070 abnuat
653 1018 706 1070 kin.
726 1018 855 1071 kamarai
872 1019 1067 1086 lcvsltrtrban.)

587 1841 662 1909 286.

75 2038 117 2105 Aa
130 2045 196 2128 apri
210 2043 375 2130 kdptalon
389 2045 496 2128 a'tirja
514 2063 554 2108 oz
574 2041 747 2130 Ozdalbup
769 2043 899 2128 chono
914 2043 1016 2110 Datne
1031 2042 1185 2132 helyse'pc'·

165 2151 222 2216 ma
238 2151 525 2238 elzdtopose‘tcisctru
540 2151 714 2217 cooratloozo
729 2151 952 2235 osmonpotao.
977 2153 1075 2220 1281.

75 2345 102 2404 (Α
115 2349 175 2416 gris
185 2349 274 2416 Zichy
287 2347 385 2401 usalrtd
399 2343 591 2414 Okmtnytaira
604 2349 625 2399 Ι.
639 2348 697 2399 koo.
712 2351 755 2399 48.
768 2349 786 2400 1.
801 2349 884 2414 Nagy
893 2349 969 2401 Imre
982 2347 1184 2416 ktizlemtnye.)

489 2637 754 2648 anua-unua*

585 3170 662 3240 287.

73 3367 116 3432 Aa
129 3373 192 3457 apri
204 3371 431 3458 kdptatanuolo
439 3373 592 3456 joleote'ae
603 3372 660 3438 IV.
673 3373 790 3438 Ldszlo
799 3373 970 3458 tir-otytoz,
982 3373 1063 3458 kopp
1076 3371 1184 3437 Istoa'n

75 3487 177 3563 mater,
191 3479 294 3544 Bomoi
309 3479 439 3545 bdunak
448 3479 502 3562 fia
524 3481 748 3568 Olcozepyhdz
758 3479 1183 3547 timokotaosoatootmroo.

571 3588 667 3652 1281.

165 3780 450 3850 Excellentissimo
489 3779 619 3848 domino
660 3801 719 3850 sno
751 3779 906 3850 Ladinlao
945 3781 1064 3850 illustri
1104 3781 1185 3864 Regi

73 3884 223 3972 Hungarie
239 3887 425 3974 Capitulum
441 3891 589 3957 Ecclesia
604 3891 771 3975 agriensis
789 3889 958 3959 oraciones
974 3890 1008 3956 in
1040 3887 1182 3960 Domino

75 4011 132 4061 cnm
146 4002 302 4084 perpetua
325 3995 493 4065 fidelitate.
518 3996 658 4065 Litteras
674 3997 787 4066 Vestra
802 3996 992 4066 serenitatis
1003 3998 1183 4082 recepimus

76 4105 267 4192 continentes,
284 4102 370 4189 quod
386 4102 585 4173 mitteremus
595 4104 757 4173 hominem
767 4111 911 4173 nostrum
921 4126 980 4191 pro
990 4103 1183 4182 testimonio,

75 4225 164 4278 corum
194 4233 259 4297 qno
289 4212 421 4299 Ponych
451 4211 539 4280 filius
563 4213 698 4300 Pcnych
714 4213 807 4280 homo
822 4219 931 4281 vester
955 4209 1123 4280 accederet
1139 4208 1182 4275 ad

73 4319 170 4386 terram
186 4319 378 4407 Oloayghoz
394 4326 554 4408 vocatum,
572 4326 604 4388 et
619 4321 649 4388 si
664 4322 802 4389 eandem
817 4339 955 4389 vacuam
971 4339 1010 4385 ac
1035 4316 1176 4386 hominis

74 4425 133 4491 sinc
153 4425 270 4496 herede
294 4427 483 4494 decedentis
499 4445 572 4497 esse
587 4428 756 4514 inueniret,
774 4435 805 4494 et
821 4425 864 4494 ad
875 4434 1016 4498 uestram
1033 4425 1182 4493 collacio-

74 4549 136 4598 ncm
149 4537 369 4624 pertinentem,
384 4541 501 4604 extunc
517 4536 651 4604 eandem
668 4542 826 4604 statueret
839 4545 871 4604 et
900 4535 1085 4620 assignaret
1116 4533 1182 4599 Ma-

78 4637 163 4719 gistro
191 4644 353 4732 Stephano
383 4644 451 4712 filio
483 4645 612 4730 Eryney
644 4643 734 4732 Boni,
763 4643 1066 4729 contradictoribus,
1083 4641 1111 4710 si
1128 4640 1183 4730 qni
