3112 5154
788 289 949 385 Qn-

296 483 439 569 priorem
458 491 588 570 metam,
606 492 637 550 et
654 485 699 555 ibi
717 483 916 550 terminatur.
942 486 985 550 nt
1008 483 1071 571 bys
1096 487 1244 553 omnibus
1275 485 1434 572 predicti⁰

293 594 388 663 metis
404 603 490 688 terra
505 593 627 680 Symog
643 592 833 676 distingitur
849 601 881 657 et
897 601 1078 678 separatur.
1117 595 1161 662 vt
1191 594 1291 678 igitur
1322 595 1419 662 buius

293 708 405 770 nostre
420 701 609 769 collacionis
624 720 683 769 scu
699 699 890 768 donacionis
906 701 1015 768 series
1031 701 1130 767 robur
1140 703 1292 788 ¹optineat
1317 725 1428 790 perpe-

293 815 349 878 tue
365 811 540 895 firmitatis,
556 829 616 876 nec
631 827 787 896 processu
803 815 986 891 temporum
1002 807 1114 875 valeat
1144 829 1202 896 per
1233 813 1422 900 quempiam

293 919 328 985 in
342 921 466 986 irritum
481 919 638 1002 reuocari,
655 923 821 1004 presentes
847 917 1068 984 concessimus
1100 917 1228 985 litteras
1261 917 1431 1005 dupplicis

292 1026 394 1112 sigilli
411 1024 513 1094 nostri
532 1024 710 1091 munimine
726 1026 906 1091 roboratas.
947 1023 1066 1090 Datum
1083 1044 1143 1108 per
1159 1045 1275 1091 manus
1293 1045 1430 1094 venera·
1550 1113 1551 1116 Ἴ

293 1136 369 1204 bilis
384 1135 488 1222 patris
505 1135 648 1221 Philippi
673 1135 828 1220 Episcopi
853 1133 1038 1203 Waoiensis
1071 1136 1144 1201 aule
1176 1141 1287 1203 nostre
1319 1136 1429 1202 tidelis

294 1241 489 1329 cancellarij
507 1264 594 1311 anno
611 1243 743 1310 Domini
759 1240 880 1309 Μθῦῦο
895 1241 1136 1328 septuagesimo
1153 1241 1278 1326 quinto.

291 1442 431 1504 OEredetie
450 1441 634 1506 bonhartytm
654 1441 775 1506 melyrttl
795 1455 812 1491 a
832 1439 981 1504 pensetnck
1000 1438 1133 1490 tiirsdeke
1146 1439 1425 1505 fejer-zoldselyem-

292 1533 425 1586 arinbron
445 1533 523 1599 legg,
543 1547 560 1584 a
578 1531 663 1582 budai
683 1531 736 1581 lrir.
756 1531 884 1582 kamarai
903 1529 1089 1580 levtlttrbsn.
1110 1528 1167 1580 Solr
1186 1529 1303 1580 bibarsl
1321 1529 1423 1580 kiadrn

540 1619 669 1686 Fejtrntl
688 1619 755 1672 cod.
774 1621 848 1684 Dipl.
870 1621 903 1672 V.
923 1621 982 1671 ket.
998 1624 1021 1670 2.
1036 1633 1058 1670 r.
1073 1623 1133 1670 286,
1147 1619 1178 1682 l.)

727 1925 992 1935 ...nu-uam

822 2459 895 2528 lae.

289 2660 438 2727 Eraadbct
454 2660 696 2748 anynkirdlynd
710 2658 928 2726 Alae-Verboc
944 2660 1098 2746 helyaepet
1112 2663 1272 2747 tarppuad
1290 2663 1423 2728 adonid-

537 2790 600 2852 npa
618 2767 763 2832 Bencdelr
780 2789 878 2832 comcs
893 2771 1052 2834 azdmdru.
1076 2768 1173 2833 1275.

397 2964 582 3053 Elynabeth
597 2960 660 3029 Dei
677 2959 791 3043 gracia
806 2961 935 3046 Regina
949 2961 1119 3045 Hnngarie
1129 2961 1290 3030 uniuersis
1301 2962 1423 3032 Christi

289 3070 441 3162 fidelibus
453 3080 520 3138 tam
537 3068 741 3155 presentibus
757 3089 854 3152 quam
871 3067 1000 3156 futuris,
1033 3069 1076 3134 ad
1102 3088 1237 3152 quorum
1269 3072 1421 3142 noticiam

288 3198 424 3266 presens
441 3179 596 3265 scriptum
615 3175 810 3264 peruenerit,
826 3176 964 3244 salutem
982 3175 1016 3242 iu
1032 3176 1148 3244 salutis
1164 3179 1307 3246 omnium
1323 3179 1422 3265 largi·

287 3295 368 3355 tore.
408 3286 577 3373 Reginalis
593 3284 807 3370 benignitatis
823 3283 964 3351 officium
979 3305 1040 3354 nos
1056 3292 1220 3354 ammonet
1236 3295 1269 3356 ct
1285 3287 1420 3372 inducit,

288 3403 323 3462 vt
339 3394 552 3478 quorumlibet
568 3391 783 3460 fidelitatibus
810 3399 843 3459 et
873 3391 1024 3480 seruicijs
1054 3391 1231 3462 commodis
1262 3397 1358 3463 nobis
1390 3403 1421 3462 et

289 3503 444 3588 impensis
461 3503 606 3588 gratanti
623 3501 732 3569 animo
758 3519 981 3587 occurramus,
1010 3499 1177 3586 condigna
1202 3502 1420 3571 retribucione

289 3609 413 3680 meritis
431 3607 604 3678 eorundem
621 3607 846 3677 fauorabiliter
861 3607 1096 3694 respondentes
1110 3631 1118 3692 ;
1136 3609 1213 3692 quia
1224 3607 1301 3674 dum
1311 3631 1420 3679 eorum

287 3717 456 3788 laboribus
474 3724 506 3784 et
521 3715 666 3786 honestis
683 3715 831 3799 seruicijs
847 3715 993 3781 fauorem
1008 3713 1181 3800 prebemus
1198 3721 1231 3782 et
1239 3736 1421 3802 assensum,

287 3835 411 3895 ceteros
427 3825 471 3892 ad
488 3823 648 3908 ampliora
664 3822 833 3890 fidelitatis
861 3843 960 3908 opera
990 3823 1141 3906 exemplo
1173 3823 1270 3891 simili
1299 3824 1422 3894 inuita·

288 3955 371 4022 mus,
388 3941 420 4002 et
436 3931 477 3998 de
493 3927 652 4016 promptis
668 3928 836 3997 reddimus
851 3929 1081 4016 prompoiores.
1105 3929 1247 3998 Proinde
1262 3932 1421 4002 vniuersi·

288 4043 350 4111 tati
366 4046 473 4110 restro
489 4045 603 4106 tenore
618 4035 824 4123 presencium
840 4037 910 4102 ficri
927 4037 1073 4104 volumus
1088 4035 1306 4121 manifestum,
1333 4041 1422 4124 qnod

288 4169 348 4217 nos
364 4146 536 4215 fidelitates
553 4151 585 4211 et
602 4143 743 4212 seruicia
758 4143 880 4212 nobilis
896 4144 959 4210 riri
991 4141 1127 4212 Comitis
1157 4145 1326 4212 Benedicti
1360 4149 1419 4233 filij

288 4257 423 4325 Comitis
455 4254 608 4322 luanoha
618 4304 629 4342 ,
662 4273 723 4338 que
754 4252 886 4320 domino
916 4252 996 4321 Bele
1027 4260 1059 4320 et
1091 4253 1220 4322 domiuo
1251 4254 1421 4340 Stephano

288 4364 407 4433 inclitis
422 4362 566 4448 Regibus
582 4360 764 4449 Hungarie,
791 4359 971 4430 attendam
989 4359 1120 4429 domino
1145 4359 1302 4428 Ladialao
1335 4361 1423 4448 Regi

288 4472 462 4542 karissimo
478 4471 546 4539 tilio
562 4477 671 4538 nostro
688 4489 727 4536 ao
741 4468 848 4555 nobis,
880 4487 1053 4555 personam
1070 4487 1164 4536 snam
1197 4467 1325 4538 casibus
1355 4469 1423 4539 lor·

287 4589 366 4648 tane
382 4581 582 4647 committere
599 4599 664 4644 non
682 4576 859 4645 formidans
876 4577 911 4644 in
926 4576 1093 4663 prosperis
1107 4576 1231 4662 pariter
1247 4583 1280 4646 ct
1303 4578 1424 4648 aduer-
