3096 5160
791 287 952 394 ..Q-

307 497 501 548 eousensnm
543 479 742 565 prebuerunt
780 488 813 546 et
843 501 1022 551 assensum
1061 483 1214 550 Preteren
1254 487 1432 572 assumpsit

307 587 485 672 obligando
515 610 551 657 se
581 589 665 656 idem
698 588 810 676 era,
842 589 927 674 quod
958 593 1121 676 prefatum
1137 591 1273 678 Bathyk
1288 612 1434 662 socerum

305 715 399 764 suurn
416 695 577 780 usquead
602 703 738 766 mortem
768 717 863 765 suam
894 696 1030 766 deberet
1061 718 1258 766 conseruare
1288 699 1324 766 in
1354 701 1433 788 ipsis

304 801 399 868 terris
430 808 583 886 tanquam
615 811 741 890 patrem
772 804 964 874 naturalem.
992 807 1030 872 In
1046 805 1138 873 euius
1149 807 1199 873 rei
1214 807 1434 874 testimonium

306 907 350 975 ad
380 910 578 978 instanciam
609 909 688 978 dieti
720 912 854 999 Bothyk
885 919 1051 999 presentes
1083 913 1303 982 ooneessimus
1334 914 1435 998 sigilli

304 1015 406 1083 nostri
445 1017 623 1086 munimine
661 1021 839 1089 roboratas.
879 1020 1090 1092 Presontibus
1130 1029 1238 1090 tumen
1269 1023 1433 1106 Magistro

303 1121 470 1209 Stephano
486 1127 664 1214 Proposito,
682 1128 780 1195 Saule
795 1128 941 1208 Leniore,
959 1129 1094 1215 Matbya
1120 1129 1269 1214 (lentore,
1300 1130 1435 1215 liylrow

304 1227 456 1318 Custode,
488 1235 628 1302 Martino
660 1234 701 1300 de
732 1231 849 1322 Psilis,
881 1235 1054 1305 Dominieo
1085 1236 1126 1303 de
1146 1236 1265 1320 Heues,
1280 1235 1378 1304 Petro
1394 1237 1437 1304 de

303 1339 438 1427 dismay,
455 1341 572 1424 Egidio
590 1341 630 1408 de
646 1345 721 1428 Vug
736 1342 992 1428 Arohidiaeonis‚
1026 1349 1058 1411 et
1072 1343 1151 1428 alijs
1183 1343 1303 1412 multis.
1336 1343 1436 1412 Anno

303 1445 435 1514 Domini
474 1447 593 1516 Μ’(ὶῦο
634 1449 848 1536 nonagesimo
903 1449 1046 1517 seeundo
1093 1450 1261 1534 Regnaute
1302 1451 1437 1520 Audrea

304 1555 424 1624 illustri
439 1556 528 1641 Rege
543 1556 721 1644 Hungarie,
747 1557 938 1627 Lodomerio
969 1556 1186 1642 strigoniensi
1217 1565 1251 1625 et
1280 1557 1436 1627 Jobsnne

304 1661 473 1732 Goloeensi
504 1663 786 1752 Arobiepisoopi's3
809 1665 940 1733 domino
970 1673 1082 1736 nostro
1128 1665 1306 1734 venerabili
1337 1672 1436 1753 patre

228 1823 230 1828 .
306 1771 436 1840 Andrea
450 1772 514 1842 Dei
531 1774 642 1860 grauia
656 1774 820 1860 Episoopo
837 1773 990 1858 Agriensi
1005 1773 1229 1843 existentibus.

304 1973 358 2036 (Au
378 1975 437 2040 egri
456 1974 649 2040 kiptslannak
670 1977 746 2026 1324.
780 1973 955 2026 »Lukashius
973 1973 1047 2026 illius
1074 1975 1179 2026 errat
1211 1973 1343 2030 nameus
1374 1976 1435 2026 lrelt

481 2065 656 2132 trimestrem
685 2079 702 2116 a
729 2062 814 2116 budai
833 2065 887 2114 kir.
905 2065 1033 2116 lrsmarai
1052 2061 1252 2130 levdltdrban.)
1317 2116 1320 2125 Δ

732 2349 998 2362 um

827 2881 903 2950 435.

300 3080 351 3145 Aa
367 3084 436 3168 apri
449 3079 675 3168 ltdpialoaaod
690 3077 971 3164 booaysopleveta
1003 3079 1086 3164 bopy
1112 3075 1284 3162 Halmay·i
1309 3077 1438 3144 Lenta

300 3191 333 3252 de
348 3189 487 3254 Ldrioea
503 3189 675 3270 Holmay-u'
700 3186 916 3252 birtolrulsualr
932 3184 1100 3272 falerare&
1124 3185 1310 3269 dtenqedtdle
1344 3183 1436 3250 Hal·

642 3297 744 3382 may·n'
761 3294 950 3362 Bdllotnalr.
976 3293 1077 3357 1292.

403 3492 472 3560 Nos
502 3492 656 3558 Nieolans
688 3491 729 3558 de
760 3490 849 3557 (lara
878 3487 983 3574 Regni
1014 3485 1181 3572 Hungario
1206 3487 1379 3555 Palatinus
1399 3493 1435 3556 et

297 3597 404 3668 Jndex
430 3599 643 3666 (lornanornm
673 3599 828 3666 memorie
858 3595 1122 3666 sommendantes
1153 3602 1264 3662 tenore
1294 3613 1437 3678 presen-

296 3707 384 3774 oium
414 3705 633 3789 significamus
665 3706 784 3790 quibus
816 3705 947 3792 expedit
977 3701 1145 3788 uniuersis,
1171 3700 1256 3788 qnod
1282 3703 1316 3768 in
1346 3701 1436 3770 Con·

296 3814 493 3899 gregnoioue
509 3819 620 3880 nostra
635 3811 787 3883 Generali
803 3813 1018 3881 Vniuersitati
1032 3801 1199 3880 Nobilium
1214 3809 1287 3877 Aba
1296 3811 1437 3896 wyua-

296 3920 413 3989 riensis
445 3929 478 3988 et
509 3919 550 3988 de
581 3921 682 3989 Sanus
714 3919 932 3988 Comitatuum
974 3919 1057 3986 ieris
1097 3917 1244 3986 seeundo
1275 3917 1436 4004 proxima

294 4035 373 4098 ante
389 4030 506 4096 festum
521 4029 695 4096 Baulorum
712 4029 863 4114 Symonis
880 4033 911 4094 et
941 4025 1029 4094 lude
1058 4024 1289 4110 Apostolorum
1321 4044 1438 4109 prope

295 4135 466 4204 ciuitatem
498 4138 601 4204 Cassa
626 4136 792 4204 celebrata
807 4131 948 4202 Miehnel
965 4131 1069 4200 dietus
1084 4132 1151 4198 Bor
1166 4129 1209 4198 de
1225 4131 1368 4216 Halmay
1386 4129 1439 4197 de

294 4243 401 4312 medio
423 4243 560 4309 aliorum
591 4242 778 4326 exurgendo
813 4240 979 4328 proposuit
1010 4259 1049 4306 eo
1081 4237 1187 4324 medo,
1216 4236 1304 4322 qnod
1335 4235 1438 4302 dieta

295 4349 458 4437 possessio
499 4351 639 4435 Halmay
686 4342 792 4435 ipsum
823 4355 1041 4430 eouoerueret,
1071 4347 1106 4412 in
1137 4345 1230 4413 ouius
1262 4343 1438 4410 territorio

292 4457 478 4543 Stephanus
495 4466 529 4524 et
544 4459 715 4525 Valentinus
730 4457 788 4542 filij
806 4456 894 4522 Petri
914 4455 973 4541 filij
991 4453 1157 4522 Valentini
1188 4451 1246 4540 lilij
1280 4451 1439 4537 Bodyalo

294 4561 335 4626 de
350 4560 512 4630 Boiohard
543 4563 707 4647 quandam
723 4570 808 4631 terre
824 4561 1017 4648 partieulam
1033 4562 1218 4630 detinentes
1235 4565 1413 4630 uterentur
1427 4580 1438 4640 3
