3112 5154
801 993 873 1065 lte.
937 995 941 1006 '

273 1191 308 1257 A
323 1193 480 1259 mammet
495 1191 721 1278 kdptaluoaolc
736 1190 1024 1281 beonysopboste,
1043 1197 1124 1282 napy
1140 1195 1261 1264 aaron
1291 1195 1419 1265 dores-

319 1297 443 1384 tato»
458 1297 616 1386 resperas
631 1299 771 1366 torosa
785 1299 894 1368 arara
909 1301 982 1390 aa,
998 1301 1247 1387 semestrem
1262 1306 1376 1374 ηπ..

383 1491 545 1561 (Theleda,
563 1493 688 1549 Ionum.
707 1495 772 1548 bist
791 1497 886 1562 spiro.
904 1498 1025 1566 zagrab.
1044 1499 1067 1552 L
1086 1501 1145 1552 bot·
1167 1504 1227 1552 185.
1245 1501 1276 1566 b)

704 1779 971 1794 *n-

805 2312 881 2383 ltu.

276 2507 326 2576 Aa
357 2512 427 2596 epri
456 2509 678 2600 koptaloaeeb
707 2507 975 2599 biaoayadpleualo
1004 2513 1137 2601 Kopion
1167 2515 1421 2606 nemesaeque&

529 2619 692 2686 nonme
707 2619 1028 2708 afiorrzraooar.
1051 2623 1148 2690 1277.

384 2811 540 2882 Omnibus
566 2809 688 2882 Christi
703 2813 852 2883 fidelibus
867 2821 934 2883 tam
949 2813 1155 2901 presentibus
1171 2835 1269 2902 qnam
1283 2817 1406 2886 foturis

274 2939 409 3008 proaem
429 2918 583 3007 seriptum
607 2921 801 3006 inspecturis
831 2922 968 2991 salntem
984 2923 1019 2990 in
1050 2921 1192 2990 omnium
1222 2924 1399 2994 saluatore.

275 3028 330 3102 Ad
344 3029 565 3098 uniuersorum
596 3029 749 3097 noticiam
774 3035 886 3098 tenore
909 3029 1112 3117 presencium
1126 3031 1275 3101 volumus
1291 3051 1417 3119 perne·-

274 3140 356 3220 niro,
378 3136 463 3226 qood
494 3135 597 3205 nobili
628 3135 759 3206 domina
789 3138 902 3207 reliota
932 3139 1018 3207 Deos
1049 3137 1182 3207 comitis
1208 3137 1250 3206 de
1279 3159 1405 3224 genere

275 3247 425 3335 Goplyan
456 3253 559 3313 matre
589 3245 740 3334 Dyonisij
772 3245 868 3314 simul
899 3265 971 3316 eom
998 3266 1082 3314 nnrn
1095 3265 1156 3315 soa
1170 3245 1285 3314 relicta
1299 3247 1406 3333 ipsius

274 3353 429 3441 Dionisij,
444 3372 485 3421 ao
501 3372 572 3421 oum
589 3349 714 3421 duobos
730 3345 876 3438 paruulis
892 3351 995 3439 Mylra
1011 3359 1044 3422 et
1059 3354 1146 3422 Deos
1163 3351 1241 3439 liliis
1257 3353 1416 3422 eiusdem,

275 3465 318 3529 ab
334 3481 401 3528 uos
432 3468 544 3545 parte3
568 3459 702 3528 domina
731 3461 861 3547 Proxya
891 3460 959 3528 filia
983 3459 1146 3546 prenotati
1163 3459 1250 3528 Deos
1267 3459 1405 3530 Comitis

274 3587 384 3638 sorore
400 3567 478 3635 dieti
492 3568 643 3655 Dyonisij
660 3567 778 3637 reliota
792 3566 972 3637 Alexandri
988 3568 1047 3654 filij
1063 3567 1200 3637 Nioolao
1215 3567 1258 3634 de
1281 3585 1416 3653 genere·

275 3675 433 3765 blyskonz
464 3695 573 3762 prose
590 3679 622 3744 et
637 3695 696 3761 pro
712 3675 882 3744 Elisabeth
907 3694 1015 3745 sorore
1031 3696 1093 3744 sna
1107 3693 1208 3743 uxore
1224 3673 1406 3742 Alexandri

274 3783 333 3870 filij
350 3781 512 3850 lobannis
529 3781 571 3850 da
586 3782 739 3870 Toronoy
754 3802 796 3850 ex
812 3783 916 3850 alters
931 3801 1041 3850 eoram
1067 3781 1162 3849 nobis
1192 3781 1407 3866 personaliter

275 3889 467 3976 constitutis,
484 3909 544 3975 per
558 3889 704 3975 prelatas
716 3889 873 3984 dominas,
884 3888 1041 3957 videlieet
1055 3895 1192 3957 matrem
1210 3893 1242 3956 et
1256 3888 1413 3954 relietum

274 3997 438 4086 prenotati
452 3995 592 4082 Dionisij
611 3983 811 4083 propositum
834 3996 941 4065 extitit
955 4002 989 4065 et
1013 3988 1152 4065 relatum
1170 4019 1179 4060 ε
1196 3991 1283 4078 quod
1317 3993 1406 4060 idem

273 4107 452 4195 Dyonisius
484 4105 639 4189 laborans
669 4105 703 4172 io
720 4104 883 4190 extremis,
914 4103 991 4172 lieet
1021 4122 1098 4188 eger
1129 4121 1274 4188 eorpore,
1293 4105 1403 4167 mente

275 4227 384 4288 tamen
398 4211 579 4301 incolomis,
596 4211 760 4296 quandam
791 4217 911 4280 terram
942 4229 1035 4280 suam
1066 4208 1297 4278 hereditariam
1326 4207 1407 4273 Saul
1543 4237 1544 4242 ,

275 4331 424 4397 vooamm
455 4321 489 4390 io
505 4320 668 4390 (lumitatu
698 4317 739 4387 de
753 4319 908 4389 Zotbmar
934 4318 1137 4406 existentem,
1154 4335 1228 4384 oum
1243 4313 1406 4382 uniuersis

276 4430 472 4501 utilitatibus
487 4428 567 4510 suis,
584 4428 643 4496 sub
661 4427 783 4496 eisdem
808 4426 903 4497 metis
933 4425 968 4493 io
1000 4424 1115 4512 quibus
1146 4423 1218 4508 ipse
1246 4417 1405 4508 possedit,

276 4539 439 4612 sororibus
456 4537 523 4605 sois
539 4535 726 4606 memoratis
741 4534 932 4604 contulisset
947 4540 980 4602 et
993 4531 1142 4617 legasset
1156 4529 1230 4617 jure
1245 4533 1417 4614 perpetue
1542 4525 1543 4533 ’

276 4641 511 4738 possidendam
526 4650 559 4710 et
584 4643 818 4728 habendam,a
847 4642 975 4710 nemine
1005 4637 1160 4708 heredum
1189 4653 1321 4704 suornm
1345 4639 1408 4702 ant
