3148 5164
70 498 208 582 Magistri
223 496 332 581 Egidij
366 493 549 584 supradicti
578 493 637 576 filij
671 493 819 578 Magistri
851 491 1013 578 Gregorij,
1045 499 1076 558 et
1108 501 1206 560 terre-

72 607 277 692 Mpiscopatns
309 601 563 688 Zagrabieusis;
586 600 665 666 item
697 606 827 685 aparte
859 599 1008 666 orientali
1041 597 1196 668 adiacent

73 722 148 780 terre
163 711 276 796 Zegue
301 709 385 776 Baui
417 715 451 776 et
480 709 563 774 Iuan
595 706 701 790 Bani;
725 705 839 772 iterna
865 711 957 791 parte
987 705 1195 773 meridionali

73 825 101 886 et
142 818 339 886 occidentali
384 815 536 881 adiacent
565 819 691 880 montes
723 832 780 889 sen
812 813 905 896 alpes
940 811 1199 897 Posogahonosa

72 925 159 993 dicte.
211 924 287 992 Hoc
325 929 435 990 tamen
473 919 648 1004 declarato,
688 919 776 1004 quod
814 915 997 1003 sepedictus
1039 920 1194 1006 Magister

75 1031 204 1116 tigidius
253 1028 340 1098 filins
379 1027 529 1114 Magistri
571 1025 720 1113 Gregorij
763 1047 834 1094 cum
877 1025 1056 1094 venerabili
1104 1033 1199 1111 patre

74 1139 198 1206 domiuo
238 1135 338 1204 Petro
386 1135 548 1222 Episcopo
601 1133 831 1219 transiluauo,
879 1141 912 1200 et
956 1153 1026 1200 cnm
1076 1131 1198 1201 eisdem

75 1244 226 1330 Magistro
256 1241 431 1328 Mycbaele
459 1240 628 1328 Proposito
660 1247 692 1308 et
707 1241 832 1308 Oomite
864 1240 971 1323 Petro,
993 1247 1026 1308 et
1042 1239 1216 1308 uniuersis--

75 1351 234 1418 nobilibus
250 1347 579 1436 comproniucialibns
596 1347 639 1414 ad
656 1348 717 1414 boc
733 1347 858 1414 vocatis
875 1353 907 1414 et
922 1344 1046 1414 ibidem
1075 1367 1205 1432 presen-

77 1458 163 1525 tibus
193 1475 294 1542 snper
325 1454 442 1528 faciem
474 1453 691 1540 predictarum
723 1461 878 1522 terrarum
895 1453 948 1526 uel
965 1453 1206 1539 possessionum

78 1563 293 1650 personaliter
322 1559 518 1645 accedendo,
535 1560 668 1628 easdem
685 1567 787 1628 terres
804 1567 838 1628 et
853 1562 1077 1647 possessiones
1096 1562 1204 1651 Gaay,

81 1669 210 1740 Odroba
226 1677 259 1736 et
273 1669 438 1736 Dornoloh
454 1676 599 1756 uocatas,
616 1670 711 1736 metis
728 1669 800 1736 siue
831 1669 935 1753 siguis
969 1687 1026 1736 seu
1058 1668 1207 1738 terminis

81 1776 304 1862 circumdatas,
337 1783 372 1842 ut
403 1781 453 1842 est
469 1775 672 1862 prelibatum,
689 1795 799 1844 coram
815 1775 945 1843 homine
961 1781 1072 1843 nostro
1098 1795 1209 1862 supra·

82 1883 163 1950 dioto
181 1881 320 1950 tradidit
335 1889 366 1950 et
380 1883 495 1950 statuit
509 1882 572 1968 ipsi
598 1883 754 1967 Magistro
786 1883 948 1970 Mychaeli
979 1883 1159 1972 Proposito,
1178 1893 1211 1953 et

83 1989 196 2056 domiti
228 1991 325 2058 Petro
359 1991 438 2076 filijs
470 1989 604 2058 Comitis
636 1990 803 2078 Stephani,
837 1979 984 2076 cognatis
1001 1997 1034 2059 et
1050 1993 1207 2061 fratribus

77 2086 160 2186 suis,
178 2101 265 2166 sicut
280 2097 490 2194 premittitur,
506 2097 539 2164 in
556 2103 748 2182 perpetuum
765 2097 980 2184 possidendas
992 2098 1211 2184 ethabendas,

85 2207 237 2294 ipsosque
266 2207 353 2274 filios
379 2206 511 2274 Comitis
528 2205 687 2291 Stephani
702 2205 736 2270 iu
754 2208 954 2292 corporalem
971 2207 1214 2290 possessiouem

86 2315 346 2401 supradictarum
377 2319 537 2380 terrarum
570 2319 604 2378 et
634 2311 873 2398 possessionum
914 2313 1151 2383 introducendo
1183 2323 1216 2383 et

88 2421 331 2490 intromittendo
362 2421 516 2506 deinceps
547 2419 798 2506 inperpetuum.
826 2420 932 2502 Igitur
949 2424 1145 2490 venerabilis
1160 2445 1217 2509 pa·

89 2537 135 2596 ter
149 2529 302 2597 domiuus
317 2529 431 2596 Petrus
447 2529 628 2614 Episcopus
645 2527 895 2614 Transiluauus,
912 2529 1015 2598 frater
1030 2533 1216 2620 eorundem,

91 2635 306 2721 personaliter
337 2635 555 2722 compareudo
588 2633 772 2699 huiusmodi
804 2633 977 2702 donaciani
994 2644 1026 2703 et
1044 2639 1218 2705 collacioui

90 2741 198 2826 palam
229 2739 320 2807 dedit
351 2749 383 2807 et
413 2739 544 2826 publice
575 2739 724 2804 attribuit
756 2758 947 2808 eonsensum
980 2743 1168 2810 beniuolum
1185 2752 1218 2812 et

90 2867 258 2916 assensum
275 2849 453 2915 liberalem.
479 2848 518 2913 In
536 2847 626 2914 cuius
644 2849 690 2914 rei
707 2849 893 2915 memoriam
910 2858 1077 2933 presentes
1094 2851 1219 2920 litteras

90 2963 201 3024 nostro
227 2954 337 3038 sigillo
369 2955 583 3022 concessimus
614 2957 792 3026 roboratas.
823 2955 939 3024 Actum
969 2979 1056 3025 auno
1088 2959 1220 3028 Domini
1249 3041 1254 3050 ι

91 3063 266 3132 millesimo
283 3062 353 3130 00⁰
367 3061 578 3145 nonagesimo
594 3067 721 3146 quarto,
738 3065 1039 3132 meuseDecembri.
1056 3067 1223 3152 Stephano

92 3168 246 3255 Centone,
289 3168 424 3236 Nicolao
466 3167 614 3254 Custode,
666 3167 799 3256 Mathya
848 3171 989 3258 Deoauo,
1045 3173 1227 3260 ceterisque

91 3278 244 3364 pluribus
277 3274 398 3342 ibidem
430 3273 655 3341 existentibus.
687 3277 806 3343 Datum
839 3297 899 3362 per
930 3297 1045 3346 manus
1076 3280 1226 3366 Magistri

92 3385 186 3454 Galli
201 3383 352 3454 Lectoris
369 3381 735 3467 Quinqueecclesieusis.

94 3584 241 3646 (Eredetis
259 3581 445 3649 bttrhdrtydn,
471 3597 488 3633 a
509 3581 574 3634 zbld
590 3581 827 3647 selyemssinbron
846 3586 948 3652 sugges
965 3587 1060 3652 pacset
1078 3589 1229 3651 elvssuett;

168 3688 186 3725 a
212 3671 300 3724 budai
318 3671 372 3724 lrir.
390 3671 518 3731 kamarai
535 3669 715 3722 levelttrrnalr
734 3672 902 3739 ztgrdbbau
922 3675 985 3728 levo
1005 3675 1156 3740 reszeben.)
