3148 5146
795 199 953 296 ...lr-

300 397 542 484 rpcnsacionem
557 396 767 464 seruiciornm
784 392 942 460 dictorum
956 390 1086 458 Nicolai
1103 399 1134 460 ct
1144 393 1273 482 Jacobi,
1289 398 1434 466 uolentes

312 504 414 589 Regio
430 501 707 573 remuneracionis
723 499 879 567 beneficio
904 499 1108 587 respondere,
1132 501 1297 586 quandam
1323 513 1438 572 terram
1569 511 1570 554 ἒ

316 607 422 678 Gastri
438 613 541 679 nostri
557 607 685 676 Koazdi
702 607 827 692 Vayzlo
843 611 992 672 vocatam
1005 607 1040 672 in
1071 605 1203 674 Barana
1235 611 1438 698 existentem,

313 735 386 784 cum
403 718 550 786 omnibus
565 716 755 784 utilitatibus
768 715 847 799 suis,
864 733 1062 798 quamquam
1077 714 1112 780 in
1128 715 1307 783 maioribus
1318 717 1438 785 eisdem

314 824 486 908 prouidere
501 825 704 909 deberemus,
730 821 771 888 de
787 841 950 889 consensu
966 819 1109 888 omnium
1126 822 1291 888 Beronum
1319 832 1439 894 nostro·

315 949 385 997 rum
402 931 559 1018 dedimus,
592 930 785 997 donauimus
801 937 833 996 et
864 927 1058 996 contulimus
1090 929 1213 996 eisdem
1244 931 1383 1000 Nicolao
1413 939 1442 1000 et

314 1039 338 1104 J
340 1039 444 1106 ucobo
459 1038 528 1106 iure
544 1045 703 1126 perpetuo
719 1043 751 1104 et
767 1035 1024 1103 irrcuocabiliter
1057 1035 1291 1120 possidendam
1322 1039 1441 1123 pariter

241 1174 245 1178 ·
303 1152 348 1212 et
363 1145 566 1234 habendam·
591 1145 625 1212 in
642 1143 764 1212 eisdem
779 1140 874 1230 metis
891 1149 924 1208 et
954 1140 1114 1226 terminis,
1147 1143 1267 1227 quibus
1298 1151 1441 1232 tempore

316 1259 487 1337 parentum
503 1255 553 1320 vel
569 1250 799 1320 trunculorum
816 1253 998 1316 nostrorum
1015 1249 1226 1318 dinoscuntur
1237 1251 1440 1338 possedisse;

316 1360 459 1428 volentes
476 1364 511 1427 ut
522 1365 588 1424 tam
605 1357 692 1426 idem
706 1355 861 1423 Nicolaus
876 1361 909 1421 et
923 1353 1075 1441 Jacobus,
1109 1375 1205 1438 quam
1223 1359 1275 1424 sui
1306 1357 1440 1426 heredes

311 1458 538 1552 'heredumque
563 1483 693 1532 snorum
717 1463 751 1527 in
776 1469 943 1546 porterum
967 1479 1180 1549 successores,
1213 1465 1351 1532 candem
1383 1473 1443 1534 ter·

318 1593 389 1638 ram
405 1578 560 1659 perpetuo
577 1567 768 1654 possideant
784 1567 918 1654 pacifice
934 1575 966 1634 et
982 1567 1099 1652 quiete.
1117 1568 1155 1634 ln
1171 1571 1263 1638 ouius
1278 1579 1365 1639 terre
1381 1593 1445 1640 cor·

319 1679 464 1766 pcralem
481 1677 721 1766 possessionem
737 1694 795 1762 per
811 1675 1010 1762 Stephanum
1040 1675 1142 1742 lilium
1171 1677 1251 1766 Isyp
1282 1679 1442 1746 hominem

318 1793 464 1856 nostrum
481 1790 541 1856 sub
557 1785 742 1855 testimonio
758 1782 946 1851 Gonuentus
977 1784 1166 1870 Monosterij
1201 1783 1313 1874 (Pecs)
1347 1786 1444 1854 Vara·

226 1893 227 1896 ’
319 1895 453 1984 dyensis
469 1895 605 1962 fecimus
617 1889 775 1959 introduci
786 1891 876 1957 nullo
889 1890 1127 1958 contradictore
1138 1897 1318 1978 apparente
1330 1916 1338 1977 3
1352 1901 1447 1978 prout

319 2003 353 2068 in
370 2001 487 2070 litteris
503 1999 648 2066 eiusdem
665 1998 851 2066 Gonuentus
882 1996 977 2063 nobis
1008 1997 1153 2066 constitit
1184 1999 1363 2066 euidenter.
1404 2001 1445 2065 Vt

196 2108 205 2120 '
319 2110 419 2194 igitur
434 2107 531 2174 huius
546 2112 655 2172 nostre
672 2102 859 2172 collationis
876 2105 977 2172 series
993 2105 1091 2172 robur
1120 2105 1267 2192 optineat
1291 2115 1446 2192 perpetue
1569 2129 1570 2132 ¹

318 2215 490 2298 firmitatis,
507 2213 616 2279 necin
632 2217 794 2297 posterum
809 2231 867 2296 per
885 2211 1066 2296 quempiam
1084 2211 1257 2280 retraetari
1271 2215 1382 2282 valcat
1392 2223 1448 2280 ant

320 2326 354 2390 in
371 2322 497 2388 irritum
512 2319 752 2404 quomodolibet
766 2319 923 2403 reuocari,
940 2325 1110 2404 presentes
1137 2319 1261 2387 eisdem
1286 2323 1448 2388 concessi-

320 2451 391 2496 mus
407 2429 533 2498 litteras
551 2425 713 2510 dupplicis
729 2425 832 2510 sigilli
847 2427 950 2492 nostri
965 2428 1143 2494 munimine
1159 2428 1340 2496 roboratas.
1382 2429 1450 2495 Da·

318 2543 385 2606 tum
403 2555 461 2621 per
477 2553 592 2602 manus
610 2533 756 2616 Magistri
774 2533 943 2600 Benedicti
960 2534 1159 2620 Orodycnsis
1174 2535 1449 2619 EcclesiePrepo·

315 2645 373 2712 siti
403 2641 479 2713 aule
508 2650 616 2709 nostre
647 2640 922 2724 ViccGancellarij
940 2639 1048 2708 dilecti
1064 2649 1096 2708 et
1111 2642 1217 2710 fidelis
1233 2645 1335 2710 nostri
1353 2661 1443 2709 anno

323 2751 454 2818 Domini
469 2751 518 2816 Μο
544 2748 764 2816 ducentesimo
797 2736 908 2814 ΙιΧΧο
941 2749 1038 2815 tercio
1068 2748 1171 2833 Regni
1203 2756 1312 2818 autem
1344 2748 1449 2816 nostri

320 2879 407 2927 anno
445 2855 598 2924 secundo.
638 2853 889 2938 Metropolitanus
921 2855 1008 2922 Sede
1040 2853 1258 2939 strigoniensi
1288 2863 1450 2939 vacante3

319 2963 556 3035 uenerabilibus
573 2960 719 3048 patribus
734 2959 899 3046 Stephano
926 2957 1095 3030 Golocensi
1121 2969 1153 3030 ct
1182 2961 1336 3030 Johannc
1366 2964 1452 3049 Spa-

316 3070 439 3139 ‹latensi
454 3067 745 3155 Archyeplscopis3
769 3067 941 3153 Lamperto
965 3067 1130 3156 Agricnsi,
1161 3067 1286 3138 Briccio
1318 3068 1451 3136 Glana-

309 3177 437 3265 diensi‚
468 3175 531 3244 Job
562 3171 911 3260 Quinqneecclesicnsi,
942 3173 1107 3260 Phylippo
1138 3173 1313 3262 vacyenst
1344 3175 1452 3242 Paulo

319 3281 551 3368 Vesprimiensi
567 3280 642 3348 aule
657 3286 765 3348 nostre
782 3280 996 3367 Ganeellario,
1014 3281 1209 3350 Lodomerio
1225 3282 1450 3366 waradiensi,

308 3392 503 3480 dymotheo
519 3387 742 3474 Zagrabiensi,
767 3387 928 3474 Dyonisio
944 3387 1109 3458 lauriensi
1126 3397 1159 3456 et
1175 3391 1270 3458 Petro
1286 3391 1454 3458 Tranasil·

320 3519 405 3565 nano
422 3495 591 3582 Episcopis
604 3493 768 3561 Ecclesias
778 3495 840 3562 Dei
851 3493 991 3560 feliciter
1001 3497 1279 3580 gubernantium
1296 3493 1454 3564 Lorando

320 3601 484 3689 Palatino,
516 3604 652 3672 Herrieo
666 3601 756 3667 Bono
772 3601 877 3668 tocius
904 3601 1089 3688 Solonenic,
1121 3603 1258 3671 Nicolao
1284 3601 1453 3690 Voyuada

309 3712 559 3780 ‘Transsiluano
576 3709 699 3776 Gemite
716 3707 757 3775 de
772 3707 896 3795 Zonuk,
929 3709 1049 3794 Egidic
1065 3711 1157 3777 Bano
1173 3710 1215 3778 do
1247 3710 1386 3777 Maehon
1417 3717 1458 3778 et

310 3819 362 3886 -dc
378 3819 498 3904 Bonna,
529 3815 632 3882 Panlo
647 3813 738 3880 Bano
754 3814 794 3880 dc
810 3815 960 3902 Zeurino,
974 3816 1136 3884 Joachino
1154 3815 1458 3902 Magistro'lauer-

318 3927 468 3995 nieorum
485 3929 675 4006 nostrorum,
690 3920 836 3988 choldo
854 3923 1009 4005 Magistro
1026 3922 1459 4008 Dapiferorumnostrorum

312 4033 445 4101 Gemite
460 4027 743 4114 angogenriensi,
760 4028 882 4110 Vgrino
893 4029 1052 4112 Magistro
1063 4028 1253 4112 Agasonum
1264 4035 1459 4100 nostrornm

318 4139 445 4208 Gomite
461 4133 663 4226 Sirmiensi,
695 4136 875 4204 Laureneio
890 4137 1049 4221 Magistro
1065 4136 1300 4205 Pinccrnarum
1325 4147 1461 4209 nostro-

319 4268 389 4315 rum
405 4247 530 4316 Gemite
545 4244 586 4314 de
600 4245 695 4312 Kcue
721 4251 752 4312 ct
783 4243 825 4311 dc
855 4245 978 4312 Brassu
1010 4241 1245 4332 (helyescbbon
1276 4245 1465 4338 Karnssn),

308 4355 470 4422 debanna
486 4353 608 4420 Gemite
624 4351 850 4438 Supruniensi,
884 4349 1044 4436 Gregorio
1062 4351 1187 4420 Gemite
1203 4352 1309 4420 Gastri
1326 4354 1464 4443 Ferrei,

316 4461 435 4550 Moyns
474 4460 598 4528 Gemite
635 4459 859 4546 Symigiensi,
907 4459 1036 4529 Dedalo
1076 4457 1201 4528 Gemite
1248 4459 1469 4548 Zaladiensi,
