3124 5152
617 251 777 352 jau-

121 447 283 527 struetam,
315 445 405 526 quod
437 465 501 511 nou
533 448 636 514 solum
671 469 723 515 res
754 450 805 514 vel
839 447 924 513 bona
948 445 1018 512 illic
1038 445 1259 516 resideueium

121 547 249 616 luerunt
281 551 408 638 ablata,
442 572 553 620 verum
586 555 689 622 eciam
721 556 778 621 vix
808 553 903 640 pauci
936 553 1084 622 homines
1124 560 1257 641 propter

122 657 369 727 destrucciones
400 660 583 728 huiusmodi
612 669 836 732 romanserunt
866 665 901 730 in
918 662 1053 746 eadem;
1078 661 1132 730 ubi
1152 661 1256 728 eciam

122 767 264 850 quinque
280 768 436 836 mulieres
453 771 587 853 expulse
603 768 644 836 de
660 771 729 840 suis
745 769 894 838 domibus
909 790 968 855 per
985 768 1126 856 eosdem,
1142 771 1258 855 algore

122 874 250 958 frigoris
281 875 431 964 spiritum
464 879 644 948 exalarunt.
675 879 822 947 Pecudes
855 879 970 967 eciam,
989 879 1114 947 seilicet
1130 898 1211 946 oves
1226 884 1259 945 et

123 1003 250 1069 capras,
282 1003 364 1068 quas
397 986 519 1070 pellere
542 993 673 1073 propter
688 987 911 1072 inpedimenta
926 985 1051 1054 nivium
1067 1006 1132 1054 non
1148 992 1260 1073 potue-

122 1099 206 1172 runt,
224 1093 484 1162 scorticavernnt
501 1102 533 1162 ot
548 1097 715 1164 soortioari
748 1093 894 1162 fecerunt
924 1101 1055 1180 propter
1087 1094 1199 1179 pelles.
1215 1094 1257 1159 Et

122 1219 192 1266 cum
209 1207 372 1286 postremo
388 1203 591 1271 venissemus
608 1205 650 1270 ad
666 1204 751 1274 alias
768 1209 898 1272 nostras
929 1203 1168 1290 possessiones,
1201 1222 1260 1288 per

123 1307 295 1374 continuos
325 1315 358 1374 et
373 1307 532 1378 violentos
564 1311 740 1379 descensus
770 1309 919 1394 Magistri
935 1309 1107 1395 Jobannis,
1124 1309 1260 1376 Comitis

122 1415 160 1481 de
178 1415 284 1503 Zara,
299 1417 415 1502 Vrbaz,
434 1417 562 1503 Guarig
579 1426 611 1486 et
628 1419 790 1502 Guethlre‚
807 1419 936 1485 Nicolai
953 1417 1046 1500 Beni,
1062 1423 1094 1483 et
1125 1417 1259 1486 Comitis

125 1523 259 1591 llenrici
291 1524 500 1612 prefatorum,
532 1525 716 1595 invenimus
747 1528 837 1613 ipsas
852 1526 920 1594 fere
936 1527 1077 1594 totaliter
1093 1523 1260 1594 desolatas

126 1637 157 1697 et
175 1629 355 1700 destructas
371 1639 405 1699 et
420 1633 513 1701 bonis
534 1635 692 1720 omnibus,
727 1655 790 1719 qne
822 1635 955 1721 reperiri
988 1639 1172 1719 potuerunt,
1203 1653 1261 1719 per

124 1739 254 1806 eosdem
272 1740 442 1828 spoliatas,
459 1748 571 1809 contra
588 1743 770 1809 libertatem
788 1742 1041 1810 ecclesiasticam
1058 1747 1091 1807 ct
1100 1739 1258 1827 specialia

125 1847 301 1934 privilegia
317 1850 359 1915 ab
374 1849 555 1918 illustribus
583 1851 726 1935 Regibus
758 1851 900 1935 Vugarie
930 1849 1009 1916 data
1040 1855 1071 1914 et
1102 1867 1257 1916 concessa

124 1964 155 2022 et
173 1975 276 2040 nsque
307 1977 394 2023 nune
424 1957 656 2026 iuviolabiliter
687 1957 879 2038 observata;
912 1964 1027 2024 eontra
1058 1975 1120 2040 que
1151 1955 1258 2021 nullus

124 2064 287 2130 Beronum
304 2065 355 2131 vel
387 2065 551 2132 Bonorum
582 2065 708 2150 aliquid
740 2071 934 2152 attemptare
966 2063 1207 2150 presumpserit,
1224 2061 1258 2128 in

125 2177 262 2257 tautum,
293 2172 379 2256 quod
405 2174 468 2240 iam
486 2175 541 2241 vix
556 2175 662 2243 Muuis
679 2175 876 2242 sustentaoio
894 2173 1008 2240 haberi
1025 2179 1131 2260 potest
1147 2173 1180 2238 in
1198 2172 1258 2238 eis-

127 2280 211 2346 dem.
245 2279 348 2346 Iidem
381 2282 483 2348 eciam
514 2283 670 2367 Magister
701 2282 870 2349 lohannes
902 2287 934 2346 et
963 2280 1120 2348 Nicolaus
1150 2279 1261 2347 Banus

126 2390 321 2456 Comitatum
352 2389 395 2455 de
411 2389 608 2476 Guernence,
626 2410 721 2475 quem
737 2390 831 2457 nobis
846 2387 1143 2456 excellentissimus
1159 2386 1260 2453 domi·

127 2517 186 2563 uus
203 2505 316 2562 noster
331 2495 508 2564 Ladizlaus
525 2495 588 2562 Dei
605 2497 717 2580 gracia
733 2496 803 2561 Rex
827 2494 968 2578 Vagarie
1000 2493 1146 2580 contulit,
1179 2492 1259 2560 deti·

126 2612 202 2672 nent
232 2605 266 2669 in
282 2611 428 2670 nostrum
460 2611 491 2669 et
508 2603 648 2670 Ecclesia
680 2608 771 2668 notre
787 2600 998 2686 preiudicium
1016 2607 1048 2666 et
1063 2619 1253 2686 gravamen,

127 2734 185 2780 nec
202 2709 366 2806 eciamtad
382 2709 572 2778 mandatum
591 2709 734 2778 eiusdem
752 2708 873 2776 domini
905 2708 1004 2793 Regis
1035 2707 1157 2794 pluries
1187 2707 1260 2774 des·

127 2822 280 2901 tinctum,
295 2840 335 2885 ae
351 2841 410 2906 per
424 2819 536 2886 literas
556 2818 635 2886 dicti
651 2818 774 2884 domini
790 2817 904 2902 Legati
923 2815 1070 2899 requisiti
1086 2820 1119 2882 et
1134 2814 1258 2896 moniti,

127 2932 297 2996 restituere
313 2936 344 2992 et
360 2924 496 2994 reddere
512 2927 645 2993 minime
660 2929 862 3018 curaverunt.
888 2923 969 2990 Item
985 2922 1083 2990 iidem
1100 2920 1159 2987 filii
1175 2921 1259 2988 Hen-

129 3037 185 3102 rici
217 3037 313 3120 Bani,
330 3033 496 3102 lohannes
512 3033 646 3118 seilicet,
666 3032 822 3099 Nicolaus
838 3033 949 3097 Barrus
966 3038 998 3096 et
1015 3027 1129 3095 Comes
1145 3027 1261 3094 Henri·

132 3166 198 3228 eus,
217 3143 507 3210 decimasnostras
525 3141 669 3208 interris
690 3141 831 3226 ipsorum
848 3139 939 3205 etad
972 3157 1081 3205 eorum
1113 3136 1259 3203 iurisdie·
1354 3117 1358 3138 ’

129 3253 253 3320 cionem
284 3251 508 3336 spectantibus
533 3250 740 3334 collegerunt,
757 3255 789 3315 et
804 3267 862 3334 per
878 3267 955 3315 suos
971 3244 1130 3313 satellites
1146 3245 1258 3330 colligi

129 3359 275 3427 lecerunt
292 3361 325 3425 iu
343 3359 494 3428 iniuriam
511 3359 571 3424 Del
589 3365 622 3424 et
637 3357 782 3425 Ecclesie
798 3377 855 3424 sue
871 3357 998 3424 Sancte.
1024 3355 1160 3438 Insuper
1190 3373 1262 3439 pro·

128 3469 214 3535 fatus
245 3467 401 3535 Nicolaus
431 3469 542 3533 Bonus
573 3468 697 3534 fecerat
716 3465 874 3549 quosdam
894 3460 1052 3530 officiales
1068 3469 1100 3528 et
1116 3463 1261 3529 vasallos

129 3577 277 3644 Ecclesia
293 3582 403 3644 nostre
434 3577 584 3643 meliores
601 3583 633 3642 et
663 3575 805 3641 maiores
836 3574 902 3640 iam
933 3571 1059 3656 pridem
1091 3570 1260 3655 captivari,

130 3705 209 3770 quos
240 3704 301 3771 per
317 3683 488 3768 quemdam
519 3682 694 3768 predonem
712 3680 828 3767 Regni,
844 3680 976 3745 nomine
992 3677 1090 3755 Vries,
1108 3682 1140 3743 et
1156 3675 1262 3762 publi-

128 3814 199 3861 cum
216 3797 372 3860 latronem
387 3792 422 3857 in
437 3795 562 3856 tantum
578 3789 699 3855 fecerat
715 3787 913 3872 tormentari,
934 3790 968 3852 ut
986 3805 1025 3850 ea
1042 3803 1104 3866 que
1134 3783 1260 3853 habue-

129 3908 316 3985 ructusque
326 3899 369 3966 ad
385 3905 560 3966 extremam
578 3895 838 3963 exinanicionem
855 3895 1057 3961 extorserunt
1076 3891 1117 3954 ab
1129 3888 1260 3958 eisdem.

131 4008 224 4074 Unde
241 4029 312 4075 cum
343 4002 527 4073 huiusmodi
559 4003 657 4087 mala,
690 4007 812 4097 vastos,
837 3998 945 4085 spolia
961 4004 993 4064 et
1024 3996 1260 4064 destrucciones

131 4125 197 4184 tam
221 4116 438 4204 Episcopatus
468 4133 564 4198 quam
597 4109 740 4197 Capituli
770 4109 873 4176 nostri
904 4105 1034 4174 iusticia
1060 4105 1211 4189 exigente
1227 4112 1260 4171 et

132 4233 267 4309 urgente
284 4219 609 4290 consciencieooulis
642 4217 888 4286 conniventibus
921 4237 985 4283 non
1017 4214 1177 4301 possimus
1209 4213 1261 4279 vel

131 4333 288 4400 debemus
320 4330 531 4417 pertransire,
563 4329 641 4394 licet
671 4325 793 4410 pluries
809 4345 941 4413 pernes
959 4331 990 4390 ot
1005 4327 1147 4390 nostrum
1164 4320 1261 4389 Vicu-

131 4441 223 4528 rium‚
262 4440 316 4525 qui
349 4447 426 4506 tuno
456 4436 611 4520 temporis
644 4437 777 4518 gerebat
807 4439 934 4498 nostras
965 4431 1064 4516 vices,
1102 4428 1260 4514 requisiti,

132 4549 266 4614 amoniti
299 4546 465 4616 extiterint
498 4551 529 4610 el
546 4543 681 4629 inducti,
715 4542 845 4610 eosdem
862 4539 1052 4624 Magistrum
1069 4538 1261 4626 Jobannem‚

241 4683 347 4723 uorvuu.
364 4683 446 4722 nuuc.
463 4683 534 4720 mer.
553 4693 593 4706 --
612 4680 685 4718 nme.
703 4679 769 4719 rxrr.
1113 4651 1156 4716 22
