3124 5152
549 309 709 410 Qe—

94 505 198 574 lilteras
211 511 376 593 presentes
393 525 492 592 super
506 505 580 591 ipsa
595 506 775 575 donacione
792 511 957 593 terramm,
981 513 1013 574 et
1037 507 1189 576 libertale

94 614 226 680 dictorum
241 633 407 682 seruorum
423 634 464 681 ac
478 615 602 682 ancello
618 614 835 682 concessimus
852 614 955 698 sigilli
971 616 1073 684 nostri
1090 616 1195 685 muni·

92 721 159 788 nine
172 723 343 790 roboratos.
360 725 479 791 Datum
495 743 555 808 per
571 741 687 790 manns
703 721 863 808 Ambrosij
881 721 1051 790 Scolastici
1067 721 1192 790 Buden-

91 831 126 897 sis
150 852 229 899 anno
257 832 392 900 Domini
422 833 455 898 ll
462 832 525 901 ο00
533 833 655 900 ⁰LXX⁰
684 833 838 902 secundo.
878 831 1012 902 Nicolao
1042 833 1191 916 Contere,

90 939 168 1006 Petro
182 939 328 1020 Custode,
354 940 441 1028 Elya
457 943 599 1028 Decano,
632 941 729 1010 Scela
745 941 931 1028 Sacerdote,
963 941 1123 1010 Damiano
1157 945 1189 1006 cl

91 1047 169 1114 Petro
182 1049 359 1136 Magistris,
376 1049 559 1134 celerisque
575 1050 747 1120 Canonicis
767 1049 990 1120 existentibus.

175 1156 236 1224 lios
251 1155 356 1241 igitur
372 1156 414 1223 ad
431 1157 624 1241 peticionem
640 1157 786 1226 eiusdem
804 1155 940 1226 Comitis
956 1157 1054 1242 Petri,
1085 1162 1118 1224 et
1147 1157 1189 1223 ed

89 1271 208 1331 eternam
223 1263 322 1332 huius
338 1283 397 1351 rcy
414 1267 602 1334 memoriam
618 1266 746 1335 litteras
769 1264 848 1334 dicti
864 1266 968 1352 patris
979 1266 1077 1334 nostri
1088 1264 1190 1332 karis-

89 1371 155 1459 simi,
169 1381 200 1440 et
213 1373 420 1458 priuilegium
446 1373 588 1459 capituli
618 1373 778 1443 Budensis
812 1371 1026 1462 (presentibus
1057 1372 1190 1460 nostris)

87 1479 182 1548 litteris
196 1480 434 1550 confirmamus.
459 1484 580 1550 Dalnm
611 1503 698 1551 anno
729 1483 859 1549 Domini
891 1481 1010 1548 61000ο
1040 1487 1189 1569 octuage-

87 1586 151 1655 simo
165 1588 204 1652 1⁰.

87 1786 205 1842 (drcdetic
223 1788 411 1852 bdrhtrtyan,
431 1789 561 1853 melynelr
580 1791 668 1856 fdggd
687 1787 811 1855 pecsdtje
838 1788 979 1850 slveszett‚
1001 1745 1117 1839 ‘'n-bum
1136 1789 1188 1838 kir.

85 1874 192 1929 kamarai
209 1878 393 1932 levclterban.
415 1879 447 1929 V.
467 1880 493 1929 ὃ.
512 1879 593 1942 Pejor
613 1877 680 1930 (lod.
699 1878 775 1941 Dipl.
789 1879 823 1929 V.
835 1877 862 1930 k.
884 1883 906 1928 1.
920 1891 943 1928 r.
960 1879 1189 1942 rosseleon.)

593 2707 670 2778 279.

80 2908 125 2974 lV.
138 2910 255 2978 Ldszlo
269 2909 447 2995 lirclpnale
463 2905 537 2996 (icy
553 2911 706 2997 telyrtpee
726 2911 881 2997 tdopycao
895 2912 1082 2998 adomdoya
1096 2913 1190 2980 Peter

246 3041 358 3106 comes,
376 3019 467 3102 Milcd
482 3017 697 3103 comesoelefio
713 3023 878 3085 scomma.
904 3020 1003 3087 1281.

169 3213 346 3282 Ladizlaus
362 3215 423 3282 Dei
440 3215 555 3300 gracia
563 3213 742 3301 Hungarie,
761 3215 943 3302 Dalmacie,
963 3215 1188 3303 066666166-

78 3339 127 3406 me,
141 3321 261 3406 Sernie,
277 3321 427 3412 Gallicis,
454 3323 653 3407 Lodomorie,
686 3320 841 3390 cnmanie
871 3323 1088 3410 Belgarieqoe
1118 3325 1188 3394 Rex

75 3429 208 3498 omnibns
223 3430 344 3498 Christi
360 3430 590 3498 fidelibus-tam
608 3431 822 3516 presentibus,
854 3451 951 3518 qnam
983 3431 1100 3500 suturis
1117 3453 1187 3518 pre·

76 3554 142 3604 sens
156 3538 310 3624 scriptum
329 3539 521 3625 inspecturis
537 3539 676 3606 salntem
693 3538 725 3604 in
741 3539 858 3606 salutis
875 3539 1039 3624 largitore.
1070 3541 1185 3624 Regali

75 3641 195 3728 dignum
211 3653 260 3713 est
276 3653 308 3714 et
324 3644 498 3730 expediens
516 3667 580 3732 cos,
596 3647 651 3730 qui
667 3645 701 3712 in
717 3645 863 3714 seruiciis
880 3646 1049 3714 dominicis
1066 3645 1187 3716 diuinis

73 3772 102 3817 sc
117 3762 274 3841 exercent,
292 3754 517 3822 munificencia
534 3754 704 3841 gratulari,
736 3761 771 3820 vt
803 3775 841 3822 eo
872 3755 1012 3840 amplius
1043 3755 1185 3840 ipsorum

75 3864 210 3948 exemplo
225 3861 327 3930 caleri
345 3862 470 3930 incitati
485 3861 529 3930 ad
545 3863 669 3929 maiora
685 3859 874 3928 fidelitatem
891 3863 1001 3930 studia
1009 3863 1186 3948 perducan-

72 3977 124 4054 lor,
141 3971 326 4056 discantque
336 3991 395 4038 suo
404 3970 545 4037 naturali
562 3968 693 4036 dominc
710 3967 875 4037 efficacius
886 3967 1029 4036 aderere.
1046 3971 1187 4038 Proinde

71 4076 108 4140 ed
122 4077 342 4148 vnlnersornm
359 4077 510 4144 noticiam
527 4084 639 4144 tenore
658 4077 858 4161 presencium
892 4077 1040 4144 volumus
1072 4097 1185 4160 perne·

70 4183 132 4249 nire
149 4211 158 4250 :
175 4184 266 4264 Quod
283 4186 443 4254 accedens
459 4185 503 4252 ad
520 4189 663 4251 nostram
690 4183 894 4268 presenciam
925 4185 1042 4252 Comes
1072 4184 1185 4253 Petrus

69 4291 144 4360 lilius
162 4293 292 4363 Comitis
309 4295 410 4382 Myko
429 4302 547 4362 terram
565 4291 732 4361 cuiusdam
758 4293 835 4360 ville
860 4294 933 4379 Gay
963 4297 1086 4379 vocate,
1120 4293 1185 4360 eni·

68 4407 197 4470 stentem
211 4405 244 4470 in
261 4403 424 4471 Oomitalu
440 4405 482 4472 de
497 4401 657 4486 Thnroch,
676 4401 841 4470 humiliter
856 4402 1045 4488 supplicans
1060 4403 1186 4470 anobis

67 4506 124 4574 sibi
142 4512 210 4578 dari
225 4512 413 4598 postulauit.
439 4513 479 4578 Et
504 4510 581 4596 quia
612 4529 711 4594 super
741 4509 827 4578 lecto
858 4509 945 4578 dicte
976 4517 1060 4578 terre
1090 4509 1186 4576 nobis

67 4617 161 4700 plene
176 4641 235 4688 non
251 4620 356 4688 inerat
371 4619 539 4688 certitudo.
555 4617 705 4686 fidelibus
720 4618 839 4686 nostris
855 4618 1024 4705 Prcposito
1046 4623 1079 4684 et
1103 4618 1186 4699 Con-
