3068 5150
862 907 938 974 354.

342 1103 390 1170 Aa
404 1107 476 1190 eprc'
491 1103 719 1194 lrriptalannalc
734 1105 1008 1192 dizonyeu'plenele,
1034 1107 1116 1191 dopy
1133 1105 1219 1172 chh
1236 1105 1455 1191 cariatsepher·

346 1213 516 1300 Uqrtnnak
533 1223 665 1301 iizueqye
680 1219 792 1303 mapdt
807 1215 965 1280 luitbertus
991 1216 1023 1278 ea
1042 1215 1344 1300 jeqyajdndelraira
1358 1217 1455 1320 oudam,

340 1325 372 1387 ee
388 1323 573 1410 latapetra
589 1329 620 1388 et
637 1323 726 1388 c'lletd
742 1322 900 1409 ceppcdre
911 1324 1005 1386 necne
1015 1321 1290 1410 kieldqitetteknele
1300 1323 1456 1390 beienmrte.

848 1431 947 1496 1284.
1141 1447 1144 1456 “

447 1627 604 1696 Omnibus
619 1626 738 1694 Christi
754 1625 904 1694 fidelibus
921 1633 987 1695 tam
1005 1629 1211 1714 presentibus
1226 1649 1323 1713 qnam
1339 1625 1456 1700 ‚suturis

340 1757 473 1824 presens
499 1735 654 1822 scriptum
679 1735 874 1821 inspecturis
905 1733 1091 1822 Capitulum
1122 1736 1268 1804 Ecclesia
1297 1733 1456 1820 Agriensis

340 1845 479 1912 salntem
495 1845 529 1912 in
545 1845 689 1910 emnium
705 1845 878 1912 saluatcre.
895 1845 947 1912 Ad
957 1846 1179 1912 uniuersorum
1191 1844 1344 1911 noticiam
1355 1851 1456 1909 tenme

341 1951 543 2040 presencium
575 1954 725 2020 volumus
755 1951 924 2038 peruenire
942 1977 950 2017 :
967 1949 1053 2036 qnod
1084 1951 1215 2019 domina
1246 1951 1316 2020 lilia
1331 1949 1456 2018 (inuritis

339 2060 499 2128 Jehannis
516 2059 560 2128 de
573 2058 697 2147 Kerek,
713 2059 831 2128 relicta
849 2059 963 2144 Vgrini
979 2059 1038 2145 lilij
1057 2059 1174 2143 Vgrini
1191 2060 1232 2126 de
1248 2055 1457 2144 genereZaah

339 2170 382 2235 ab
397 2189 462 2235 vna
477 2171 588 2252 parle3
606 2168 648 2235 ab
664 2168 767 2235 altera
783 2187 859 2235 vero
876 2167 1041 2235 Feliciano
1067 2165 1133 2232 filio
1163 2167 1327 2252 Kazmerij
1358 2165 1457 2232 fratris

341 2273 417 2341 dicti
432 2273 547 2358 Vgrini
563 2293 623 2360 pro
638 2293 674 2341 se
690 2279 723 2340 et
738 2293 798 2357 pro
814 2273 905 2342 Zaah
923 2273 964 2341 de
980 2273 1107 2358 Guncyl
1118 2273 1275 2342 fratribus
1286 2274 1371 2356 suis;
1386 2273 1456 2338 item

341 2401 399 2466 pro
416 2379 586 2450 Dominiec
602 2381 670 2449 lilio
685 2380 846 2467 Stephani
862 2381 974 2449 fratris
992 2379 1105 2466 Vgrini
1122 2387 1154 2447 et
1169 2381 1332 2467 Kazmerij
1359 2377 1455 2466 predi·

341 2495 464 2556 ctorum
482 2507 590 2556 coram
608 2487 703 2554 nohis
729 2487 946 2572 personaliter
962 2487 1156 2573 constitutis,
1190 2489 1320 2572 prelata
1336 2486 1457 2556 demina

341 2597 510 2685 proposuit
527 2596 603 2664 viua
619 2615 697 2663 voce
714 2619 722 2662 ε
741 2595 827 2680 qnod
843 2615 943 2684 super
959 2601 1028 2663 teta
1044 2593 1119 2662 dete
1136 2615 1197 2662 sua
1213 2601 1245 2661 et
1261 2597 1359 2662 nehus
1375 2616 1457 2679 para

341 2705 531 2794 lernalihus,
548 2711 582 2772 et
597 2709 715 2790 quarta
731 2703 796 2772 lilie
811 2723 877 2788 sue,
893 2705 1007 2772 solutis
1022 2703 1084 2770 sihi
1099 2703 1216 2788 viginti
1232 2705 1376 2789 quinque
1386 2723 1457 2769 mar-

341 2817 400 2902 cis,
432 2823 464 2882 et
480 2812 565 2882 datis
582 2811 724 2898 quinque
740 2811 868 2880 ancillis
884 2831 992 2880 coram
1010 2813 1114 2898 nobis,
1145 2811 1242 2894 Zepe‚
1259 2821 1292 2878 et
1308 2813 1399 2878 Anna
1421 2829 1456 2876 ae

341 2921 551 2990 Zumbaehlra
567 2919 698 2988 filiabus
715 2922 859 2989 eiusdem
876 2923 973 3008 Zepe‚
1005 2921 1081 2990 item
1107 2919 1224 3006 Myche
1249 2926 1282 2988 et
1309 2921 1456 3006 Marynna

341 3029 528 3117 nominatis,
545 3049 602 3116 per
618 3029 703 3096 lilios
718 3029 881 3115 Kaumerij
901 3035 932 3094 et
948 3028 1106 3113 Stephani
1122 3027 1328 3112 supradictus
1343 3029 1375 3094 in
1398 3046 1456 3093 nm·
1522 3045 1523 3124 ᾗ

340 3141 435 3208 nihus
452 3143 484 3205 et
499 3157 558 3224 per
575 3138 684 3204 omnia
700 3136 861 3210 extitisset
886 3137 1109 3216 satisfactum
1135 3136 1330 3204 dimittendo
1361 3133 1456 3223 predi-

342 3255 410 3316 ctos
427 3245 513 3313 lilios
529 3243 693 3330 Kanmerij
713 3242 930 3330 estophum,
957 3265 997 3313 ac
1023 3243 1162 3314 heredes
1180 3242 1355 3312 eorundem
1370 3261 1457 3326 super

341 3354 427 3434 dete,
444 3354 541 3420 rebus
558 3351 825 3438 parafarnalibus
842 3359 875 3419 et
891 3357 1008 3435 quarta
1024 3351 1213 3438 supradicta
1238 3349 1348 3418 coram
1372 3349 1456 3418 nohis

341 3483 399 3549 per
416 3459 527 3530 omnia
542 3458 721 3546 expedites.
739 3458 832 3525 Dixit
848 3459 951 3528 eciam
969 3459 1042 3545 ipsa
1059 3459 1200 3542 demina,
1216 3459 1304 3544 quod
1321 3457 1457 3526 dimidie·

341 3577 442 3638 tatem
459 3568 595 3656 pecunie
611 3575 644 3636 et
660 3567 852 3636 ancillarum
871 3567 1091 3654 predictarum
1110 3566 1285 3636 soluissent
1315 3567 1377 3636 sibi
1406 3565 1454 3648 filij

341 3677 503 3762 Kanmerij
520 3677 694 3764 prenotati,
725 3678 827 3743 aliam
844 3697 921 3744 uero
938 3676 1173 3744 dimidietatem
1189 3677 1344 3744 selnissct
1359 3671 1458 3743 Deni-

342 3788 433 3855 nicus
448 3792 652 3854 memoratus.
679 3785 822 3852 Dicimus
840 3787 955 3871 eciam,
987 3785 1072 3869 qnod
1099 3785 1227 3872 prefate
1256 3785 1377 3852 ancille
1408 3799 1458 3866 per

341 3916 401 3964 nos
417 3894 574 3980 requisite
590 3893 738 3960 confesse
754 3901 839 3980 sunt,
865 3914 901 3960 se
917 3913 989 3962 esse
1005 3877 1141 3960 ancillas
1157 3890 1374 3960 hereditarias
1390 3889 1459 3957 ilio-

340 4025 411 4073 rnm
426 4001 590 4086 Kazmerij
608 4009 641 4067 et
656 4001 816 4086 Stephani
832 4001 1057 4082 predictorum.
1097 4001 1232 4086 insuper
1247 3999 1405 4084 obligauit
1425 4015 1458 4062 se
1521 4045 1522 4096 3

340 4111 487 4201 predicta
504 4115 535 4176 ct
551 4109 690 4177 heredes
707 4127 793 4195 snos,
812 4108 916 4176 dietus
933 4109 1016 4176 lilios
1032 4107 1196 4190 Kazrnerij
1215 4115 1249 4173 et
1263 4107 1457 4174 Dominicum

341 4221 471 4290 racione
488 4219 584 4304 dotis,
601 4237 710 4286 rerum
728 4217 983 4303 paraiernalium
1000 4223 1031 4284 et
1047 4223 1161 4301 quarte
1177 4217 1414 4301 premissamm
1428 4217 1458 4275 et

342 4351 360 4396 e
376 4348 532 4397 conuerso
548 4326 653 4392 dietus
668 4325 856 4398 Felieianus
872 4325 1033 4410 obligauit
1048 4346 1085 4392 se
1110 4331 1142 4391 et
1172 4324 1291 4392 fratres
1322 4343 1394 4392 sues
1420 4341 1456 4385 ae

342 4435 544 4504 Dominicum
560 4439 771 4501 memoratum
790 4439 822 4498 et
837 4433 973 4501 heredes
990 4431 1145 4520 eiusdem,
1177 4431 1309 4498 racione
1336 4429 1458 4497 aneilla·

341 4565 410 4611 rum
427 4541 643 4629 predictarum
660 4541 701 4607 ab
717 4540 864 4608 omnibus
879 4542 1025 4626 inpetere
1041 4537 1219 4608 nitentibus
1236 4538 1405 4607 defendere
1419 4541 1450 4599 et
