3168 5150
909 249 930 313 6

843 337 1004 352 w

363 444 556 514 exhibendis
587 463 733 514 ereseere
771 446 950 532 sepientes,
989 465 1030 512 ue
1060 451 1206 514 nostram
1236 444 1494 514 mnnifioeneium

360 554 634 640 interpretueione
648 553 837 638 largissime
852 551 1028 639 deeorure3
1052 553 1216 638 predictos
1231 553 1494 622 eoudieionerios

360 663 491 747 deipsis
506 661 585 727 uilla
610 660 703 748 lipel,
733 659 816 728 sient
847 661 984 728 eandem
1014 660 1132 729 villum
1163 660 1311 747 predicto
1343 661 1493 732 dedimus

363 770 526 856 Capitulo,
559 769 605 836 ito
622 767 751 836 eosdem
768 767 1026 838 eondieiouerios
1041 789 1114 836 enm
1130 769 1254 836 eisdem
1280 769 1433 838 seruieiis
1465 777 1496 836 et

364 877 522 964 oneribes‚
538 878 655 962 quibus
670 882 770 945 antea
785 876 929 960 Regibus
944 877 1127 962 Hungerie
1141 877 1263 946 nostris
1279 876 1494 962 progenitori-

363 987 434 1070 bus,
456 983 653 1070 seruiebat,
669 985 897 1052 concedendos
913 985 1173 1053 irreuooabiliter
1189 984 1341 1051 duximus
1373 992 1407 1051 et
1439 984 1494 1050 do-

365 1091 510 1178 nundos;
533 1113 598 1160 nou
615 1093 816 1161 obstantibus
832 1093 950 1161 litteris
965 1093 1096 1181 nostris,
1121 1095 1151 1160 si
1167 1111 1250 1178 quus
1267 1093 1418 1160 forsitam
1435 1091 1497 1160 eie·

364 1197 438 1266 dem
455 1199 707 1268 eondieionoriis
722 1199 995 1269 eonoessissenrus
1005 1221 1106 1286 super
1116 1201 1259 1286 ipsorum
1272 1199 1497 1288 exempeione‚

366 1305 419 1372 uel
434 1326 494 1374 nos
509 1309 687 1376 eoueedere
703 1308 907 1394 contingeret
920 1307 955 1374 in
970 1307 1123 1376 futurum.
1163 1311 1206 1376 ut
1219 1329 1280 1376 nos
1306 1327 1407 1394 super
1431 1309 1495 1375 boe

365 1411 430 1498 ipsi
457 1413 608 1500 Gopitulo
641 1418 785 1484 nostrum
816 1415 1026 1501 priuilegium
1058 1415 1325 1502 eoneederimus3
1350 1435 1423 1482 oum
1455 1416 1498 1481 eb

368 1521 482 1588 eodem
500 1521 655 1590 fuerimus
671 1521 828 1606 requisiti.
851 1523 971 1590 Delum
988 1523 1023 1589 ln
1038 1524 1153 1592 Insula
1175 1523 1328 1593 Helunbe
1343 1522 1398 1590 die
1423 1524 1497 1591 seb-

374 1627 443 1694 bati
458 1635 532 1716 post
546 1629 663 1698 testum
678 1631 795 1700 Jeoobi
811 1629 971 1717 Apostoli,
986 1652 1073 1700 enno
1096 1631 1230 1700 Domini
1255 1630 1489 1700 M⁰OG⁰LXX⁰

453 1829 506 1891 (An
520 1830 626 1884 eredeti
638 1829 708 1883 utin
720 1829 820 1884 Knuuz
832 1829 955 1895 Ntnder,
968 1830 1088 1898 Παπαῖ
1101 1829 1169 1884 Sion
1181 1830 1234 1884 ΠΙ.
1246 1831 1305 1884 libb
1320 1834 1364 1883 60.
1380 1831 1411 1894 1)

922 2648 955 2717 e.

381 2825 414 2912 V.
437 2848 549 2914 reses
571 2848 749 2935 neruosae
772 2871 795 2914 a
818 2844 1034 2934 solemnem
1066 2847 1167 2916 eones
1200 2848 1334 2934 Menses,
1371 2847 1506 2917 Amore

372 2975 471 3023 some
487 2955 542 3040 fio
564 2953 707 3022 bietolodt
737 2959 897 3044 tcirqyazo'
928 2955 1124 3040 adonrdnyo,
1162 2956 1296 3042 Ponyob
1333 2957 1400 3024 ὁάη
1437 2965 1506 3026 ezd-

823 3067 930 3132 mdra.
954 3063 1052 3131 1270.

480 3257 668 3344 Stephanus
698 3257 762 3332 Dei
793 3259 909 3344 grueio
938 3257 1115 3345 Hungen'e,
1148 3259 1328 3346 balneolo,
1358 3257 1508 3344 Groneie,

376 3368 489 3451 Rome,
523 3365 646 3453 Seruie,
679 3362 829 3445 Gallicis,
861 3365 1061 3452 Lodomerie,
1094 3365 1252 3434 cumanis
1282 3367 1509 3454 Bulgsrieqne

373 3474 443 3540 Rex
458 3472 609 3542 omnibns
626 3480 795 3559 presentes
810 3473 939 3542 litteren
958 3473 1155 3561 inspecturis
1165 3475 1305 3543 salutem
1317 3475 1351 3540 in
1361 3479 1510 3544 omnium

375 3581 547 3649 saluatore.
571 3580 624 3648 Ad
638 3581 700 3649 boe
725 3581 871 3665 Regibus
902 3580 1016 3650 mnndi
1046 3603 1088 3650 ex
1118 3601 1261 3669 superna
1292 3582 1511 3668 prouideneie
1573 3549 1574 3636 l

374 3689 505 3773 gladius
536 3690 706 3776 potestatis
737 3689 833 3757 datus
863 3695 923 3777 est,
953 3693 1102 3760 viniale
1134 3691 1265 3759 meritos
1282 3691 1507 3780 rleiseantur;

374 3798 442 3876 illis
472 3818 559 3882 vero,
590 3818 670 3883 quos
700 3799 776 3867 insti
808 3797 900 3882 rigor
931 3800 1093 3868 examinis
1124 3797 1242 3886 dignos
1265 3803 1379 3870 fenore
1397 3801 1511 3888 Regio

376 3905 619 3994 demonstrauit,
651 3927 691 3974 uo
721 3905 890 3974 fidelitatis
925 3907 1067 3976 seruioie
1099 3915 1251 3994 ueeeptos
1282 3907 1512 3996 reddiderunt,

376 4016 519 4084 debeant
534 4014 626 4082 iuxta
646 4013 762 4084 merito
792 4015 999 4104 respondere.
1033 4014 1175 4083 Proinde
1207 4015 1249 4084 sd
1281 4019 1513 4088 uniuersorum

377 4121 530 4192 notioiem
561 4122 677 4190 harum
710 4123 793 4191 serie
809 4123 955 4192 volumus
970 4123 1153 4211 peruenire,
1171 4123 1258 4209 quod
1276 4143 1349 4192 oum
1367 4125 1513 4195 dileetus
1573 4117 1574 4206 l

377 4241 410 4300 et
424 4230 530 4302 fidelis
544 4239 655 4301 noster
676 4231 811 4317 Ponyoh
827 4232 938 4300 Banus
955 4231 997 4300 de
1027 4251 1148 4316 genere
1178 4231 1362 4320 Myslreueb
1392 4231 1515 4304 (lomes

378 4339 585 4409 Zelediensis
615 4347 761 4408 etenere
792 4317 971 4408 iuuentutis
1001 4352 1060 4410 sue
1074 4338 1182 4408 indole
1198 4339 1376 4428 primitine,
1403 4344 1515 4428 primo
1573 4383 1574 4430 l

379 4447 509 4516 domino
525 4447 607 4534 Regi
623 4447 798 4518 karissimo
813 4445 898 4534 putri
916 4454 1034 4536 nostro,
1051 4469 1090 4516 oe
1105 4448 1234 4516 demum
1260 4447 1357 4518 nobis
1373 4455 1409 4517 et
1425 4452 1513 4536 Reg-

379 4575 422 4626 no
452 4563 562 4626 nostro
593 4561 689 4641 grata
704 4564 738 4626 et
753 4557 943 4628 continuate
973 4555 1132 4628 fidelitete
1147 4555 1284 4630 seruiuit
1297 4555 1464 4649 indiesse,
1482 4565 1516 4628 et
1573 4589 1574 4678 r
