3124 5152
642 311 708 381 283

116 499 178 566 filio
208 499 351 591 Nieolui,
369 485 533 570 Clemente
549 501 615 572 filio
632 485 765 575 alterius
782 503 942 592 Gregorij,
958 504 1124 593 Stephano
1139 505 1240 576 fratre

118 607 256 676 eiusdem
272 609 451 680 Clementis
467 612 602 700 carnali,
619 613 781 682 Demetrio
807 614 874 681 filio
906 613 1020 701 Dlasij,
1051 615 1239 684 Walentino

116 714 177 782 tilio
192 718 319 806 Jaeobi,
337 718 502 804 Stephano
519 725 645 788 sertore
661 721 702 789 de
722 722 960 809 Dragowaueh,
991 722 1140 792 Johanue
1170 724 1238 793 filio

116 823 249 914 Andros,
267 827 427 913 Gregorio
443 829 510 896 filio
521 828 701 918 Benedicti,
718 831 843 900 Thema
853 831 919 898 filio
932 832 1092 920 Dyonisii,
1108 831 1240 900 Andrea

117 931 177 999 ilio
192 933 358 1024 Barnabe,
384 936 547 1004 Anthonio
563 938 630 1005 filio
647 939 787 1028 Andree,
804 939 970 1008 Demetrio
988 941 1053 1008 filio
1070 941 1238 1026 (iohannis,

116 1042 284 1113 Valentino
300 1045 370 1114 filio
386 1047 487 1132 iwan,
505 1049 607 1114 Paulo
637 1048 704 1115 filio
734 1049 878 1132 Martini,
910 1057 942 1116 et
973 1049 1141 1118 Clemente
1171 1047 1238 1115 filio
1322 1069 1324 1074 ’

115 1149 230 1219 'l'home
246 1152 291 1220 de
321 1154 554 1242 Luhauhoueh,
574 1155 740 1239 Blagouia
755 1157 822 1224 filio
839 1158 956 1243 Blasij,
973 1157 1071 1244 Myke
1088 1163 1120 1223 et
1136 1155 1238 1222 Paulo

116 1257 186 1342 filijs
201 1261 291 1328 Petri
308 1261 351 1330 de
367 1263 600 1350 Blasistroueh,
617 1265 788 1332 Nobilibus
805 1266 1010 1336 Predialibus
1028 1273 1060 1334 et
1084 1263 1239 1346 Jobagio-

114 1364 200 1434 nihus
230 1369 356 1453 prefati
387 1371 492 1438 Castri
523 1371 664 1458 Reyehe,
696 1373 828 1440 eosdem
845 1374 878 1439 in
903 1379 1088 1459 presentem
1106 1390 1238 1438 eausam

115 1472 365 1564 intromittendo,
406 1479 507 1564 ijdem
554 1499 627 1546 uum
659 1481 890 1564 procuratoriJs
933 1481 1050 1548 litteris
1081 1477 1239 1545 Comitum

116 1588 143 1646 et
157 1581 311 1652 ludieum
343 1585 506 1652 Nobilium
539 1586 717 1654 Comitatus
750 1587 932 1673 Crisyensis
963 1589 1005 1656 ab
1037 1607 1122 1670 rna,
1146 1591 1239 1671 parte

115 1707 184 1758 roro
200 1709 241 1757 ex
257 1694 367 1760 altera
382 1692 511 1778 prefata
527 1693 646 1760 nobilis
664 1692 796 1760 domina
820 1695 933 1761 retiola
958 1695 1078 1778 prelati
1109 1691 1240 1760 Martini

116 1794 192 1864 Beni
221 1797 322 1867 Anna
337 1809 462 1886 vocata,
480 1808 511 1868 et
528 1797 688 1885 Georgius
704 1801 791 1868 filius
812 1803 891 1888 eius,
908 1823 1016 1869 noram
1032 1803 1127 1870 nobis
1143 1801 1240 1867 adhe·

116 1911 228 1991 rentes,
246 1914 280 1975 et
297 1907 363 1992 ipsi
380 1908 549 1975 Prediales
571 1907 768 1975 exhibitione
786 1909 966 1976 litterarum
993 1907 1243 1994 priuilegialium

118 2009 234 2080 domini
265 2015 369 2100 Regis
399 2015 553 2083 Lodouiui
574 2015 701 2083 (luobus
722 2016 841 2101 sigillis
859 2016 927 2084 suis
943 2015 1151 2102 duppliuibus
1166 2037 1242 2101 pen·

118 2115 273 2206 dentibus,
290 2143 356 2190 vno
372 2123 472 2207 priori
488 2127 522 2190 et
538 2121 672 2206 antiquo
690 2123 724 2190 in
744 2123 890 2208 partibus
915 2123 1033 2190 qure
1065 2121 1244 2210 deperdito,

116 2228 224 2296 etalio
239 2248 328 2298 novo
359 2229 623 2316 assignatarum
654 2251 740 2298 anno
756 2231 878 2316 gracie,
901 2231 1073 2299 millesimo
1091 2239 1243 2299 trecente-

118 2331 193 2402 simo
208 2338 480 2424 quinquagesimo
497 2345 598 2428 sexto,
615 2343 731 2406 outauo
748 2337 822 2404 idus
844 2337 952 2424 Apilis
982 2338 1114 2424 mensis,
1142 2337 1245 2425 Regni

119 2451 219 2511 autem
253 2447 308 2514 sui
339 2465 422 2513 auno
439 2445 552 2531 quinto
583 2445 707 2514 deoimo
724 2443 957 2530 contentarum,
974 2451 1006 2514 et
1021 2446 1153 2514 landum
1171 2447 1246 2514 duo-

119 2549 236 2621 deeimo
252 2553 408 2622 kalendis
424 2555 544 2624 mensis
560 2555 648 2639 Junij
667 2573 753 2620 anno
768 2553 900 2622 Domini
919 2553 1091 2622 millesimo
1123 2561 1244 2622 tresen-

119 2661 228 2729 tesimo
261 2663 468 2747 sexagesimo
499 2670 615 2748 quarto
631 2663 901 2748 ooniirmatarum,
922 2681 985 2745 que
1001 2669 1144 2731 tenorem
1161 2663 1242 2731 litte-

119 2788 221 2836 rarum
238 2771 340 2856 Regis
355 2771 504 2841 Ladizlai
521 2771 578 2856 filij
600 2769 768 2858 Stephani,
794 2771 855 2855 filij
888 2771 967 2838 Bele
997 2772 1098 2855 Regis
1129 2770 1247 2857 quarti,

119 2895 198 2944 anno
229 2878 363 2947 domino
402 2877 575 2946 millesimo
618 2877 838 2946 ducentesimo
872 2879 1113 2964 septuagesimo
1147 2897 1242 2960 nono,

119 2985 216 3070 Regni
249 2991 358 3053 autem
389 2989 438 3052 sui
470 3005 556 3054 anno
588 2985 728 3071 septimo
760 2985 974 3070 subortarum,
1007 2985 1184 3052 verbaliter
1213 2991 1246 3050 et

120 3093 336 3162 confirmative
367 3095 401 3161 in
432 3115 468 3162 se
499 3093 675 3182 habebant,
707 3095 832 3182 priores
864 3115 983 3180 eorum,
1016 3101 1048 3160 et
1079 3113 1116 3160 se
1147 3093 1247 3178 ipsos,

119 3201 213 3269 relati
229 3201 357 3271 nobiles
388 3203 588 3287 Jobagiones
622 3202 727 3269 Castri
744 3207 775 3268 ot
806 3202 973 3270 Prediales
1004 3200 1181 3270 Comitatus
1208 3202 1248 3268 de

119 3307 254 3396 Reyehe,
287 3309 480 3398 ajudieatu,
508 3310 643 3396 judiuio,
683 3309 918 3394 Jurisdieoione
950 3317 981 3376 et
997 3315 1158 3396 potestate
1188 3309 1246 3396 filij

123 3413 259 3505 Heuryui
274 3418 368 3504 Bani,
385 3419 522 3506 Nioolai,
542 3417 694 3485 videlieet
709 3417 872 3499 quondam
900 3417 1034 3484 Comitis
1050 3415 1090 3484 de
1120 3417 1250 3505 Reyehe

120 3526 296 3593 stallorum
328 3523 488 3593 Comitum
521 3545 581 3609 pro
613 3531 761 3609 tempore
793 3525 1049 3611 constitutorum,
1068 3525 1247 3609 peripsum

119 3629 304 3703 Ladizlaum
323 3633 447 3719 Regem
464 3632 559 3700 modo
581 3633 699 3700 litteris
715 3631 749 3697 in
775 3631 896 3698 eisdem
928 3639 1092 3717 contento,
1124 3637 1253 3718 puroet
1310 3655 1316 3662 ·

121 3739 317 3829 simpliciter,
333 3743 374 3809 de
389 3743 503 3828 grauia
519 3760 580 3807 sua
591 3739 739 3826 spumati,
756 3745 922 3824 tamquam
940 3760 1034 3810 ueros
1046 3745 1078 3806 et
1088 3737 1253 3808 naturales

123 3849 296 3918 seruientes
337 3869 414 3918 suos
444 3851 589 3935 Regales
622 3849 707 3914 vltra
739 3847 886 3913 Drauam
918 3849 1121 3935 constitutos,
1162 3847 1254 3913 iuxta

123 3953 301 4026 libertatem
318 3959 493 4026 eorundem
511 3957 677 4040 nobilium,
695 3962 864 4042 exemptos
878 3955 1046 4023 exstitisse
1056 3953 1253 4023 declarando

125 4063 242 4135 litterae
263 4067 406 4154 Capituli
437 4069 583 4136 Deelesie
615 4067 822 4134 Chasmensis
856 4065 1094 4151 priuilegiules,
1126 4062 1256 4132 domine

123 4171 216 4243 llarie
247 4175 374 4258 Regiae
415 4173 568 4242 relatorie
599 4171 775 4258 resoriptas
812 4179 928 4256 quarto
963 4171 1018 4238 die
1050 4169 1132 4236 ferio
1162 4175 1254 4235 sexte

123 4283 266 4365 proxime
281 4287 358 4350 ante
373 4281 490 4350 festum
505 4282 681 4349 Brutorum
692 4281 835 4366 Philippi
853 4279 1008 4347 etlaoobi
1020 4277 1248 4362 Apostolorum

121 4407 198 4457 auno
208 4390 341 4459 Domini
359 4389 528 4458 millesimo
544 4386 771 4457 trecentesimo
782 4386 995 4469 nonagesimo
1011 4383 1114 4470 primo
1124 4401 1254 4449 emana-

126 4499 181 4584 tas,
194 4500 357 4568 habentes
377 4497 410 4566 in
430 4519 468 4565 se
483 4505 627 4565 tenorem
643 4499 822 4565 litterarum
839 4493 984 4563 eiusdem
1000 4491 1131 4559 domino
1147 4489 1251 4557 Murio

115 4605 230 4692 Regino
269 4605 575 4676 adiudicatomarum
606 4605 712 4673 eidem
731 4603 880 4691 Capitulo
897 4602 1106 4688 directarum,
1123 4618 1255 4686 presen-
