3148 5164
836 331 995 427 —s-ns—

352 527 448 610 tiuos,
466 532 499 592 et
513 531 549 591 ut
564 521 797 589 indissolubilis
813 521 1026 589 fraternitatis
1053 539 1147 608 opem
1163 527 1196 588 et
1210 541 1357 607 operam,
1388 524 1480 590 obse·

353 633 463 718 quium
495 637 527 698 et
558 628 724 714 auxilium,
740 635 886 695 tutamen
905 633 938 694 et
953 627 1107 693 iunamen
1127 631 1171 696 ab
1187 629 1310 695 eisdem
1328 635 1482 714 tanquam

357 737 511 804 tratribus
527 738 593 804 suis
608 735 793 802 carnalibus
807 735 841 801 in
858 735 928 800 uita
943 755 1004 802 sna
1020 741 1052 800 et
1077 735 1111 798 in
1143 753 1239 800 eunm
1272 735 1307 800 in
1338 736 1486 802 omnibns

357 846 514 932 negocijs,
546 841 640 910 etin
669 841 867 926 quibuslibet
897 841 965 908 suis
996 839 1133 925 agendis
1156 843 1313 925 consequi
1334 841 1444 910 valam
1457 851 1488 908 et
1569 847 1570 850 ’

357 953 478 1020 habere
494 969 622 1036 semper
639 957 670 1018 et
685 949 824 1033 ubiqne;
846 969 909 1034 pro
925 969 965 1016 eo
982 948 1024 1016 de
1038 951 1247 1036 possessione
1278 969 1341 1016 sna
1373 947 1486 1033 Ogona
1569 929 1570 940 ¹

355 1065 478 1128 vocata
507 1058 588 1126 istas
619 1065 722 1124 terras
754 1075 833 1122 snas
864 1076 921 1124 seu
937 1055 1171 1142 possessiones,
1185 1075 1207 1122 a
1222 1057 1323 1140 uulgo
1343 1055 1484 1122 terrestri

357 1165 591 1253 Vynnyacatus
608 1163 724 1250 dictas,
739 1161 864 1229 csilicct
888 1161 996 1251 easy,
1027 1161 1162 1230 Odroba
1176 1169 1207 1228 et
1238 1161 1407 1228 Dornoleh
1436 1183 1492 1228 ro-

357 1279 460 1358 catas,
490 1269 671 1338 vicinantes
703 1275 736 1335 et
760 1268 914 1336 continue
944 1269 1133 1336 adiacentes
1164 1275 1197 1335 et
1227 1270 1382 1348 situatas,
1416 1287 1488 1335 cum

358 1379 536 1464 montibus,
551 1377 654 1461 siluis,
674 1374 881 1460 molendinis,
911 1373 1068 1442 fenilibus
1098 1381 1131 1441 et
1161 1373 1290 1459 tenetis,
1320 1375 1429 1442 uineis
1459 1382 1490 1441 et

357 1485 487 1570 uinetis,
518 1491 639 1551 etcum
671 1483 789 1550 ceteris
802 1482 954 1550 omnibus
971 1481 1165 1548 utilitatibus
1189 1481 1257 1548 suis
1277 1487 1310 1548 et
1324 1479 1488 1566 pertinen-

356 1591 417 1676 cijs
448 1591 643 1676 quibuslibet
675 1609 714 1654 ac
745 1588 1004 1673 circumstancijs
1035 1588 1209 1670 uniuersis,
1226 1587 1324 1654 certis
1341 1590 1439 1656 metis
1455 1594 1486 1654 et

358 1698 505 1766 terminis
521 1697 663 1781 rudique
688 1695 906 1762 circumdatas
922 1700 955 1761 et
985 1695 1140 1783 vallatas,
1172 1693 1273 1780 dedit,
1305 1695 1446 1761 contulit
1460 1701 1491 1761 et

361 1803 498 1874 tradidit
529 1801 763 1889 prenominatis
793 1801 949 1868 fratribus
981 1801 1048 1868 ruis
1067 1802 1223 1885 Magistro
1238 1801 1404 1890 Mychaeli
1419 1803 1497 1869 Pte--

362 1915 479 2001 pesito,
497 1916 529 1978 et
545 1907 663 1976 Comiti
678 1909 775 1977 Petro
789 1907 882 1975 tratri
899 1928 969 1995 suc,
985 1907 1062 1993 filijs
1078 1908 1213 1976 Comitis
1227 1907 1400 1993 Stephani,
1430 1910 1493 1976 sibi

362 2027 394 2086 et
411 2039 470 2105 per
486 2038 541 2085 eos
573 2015 640 2084 suis
656 2015 829 2082 heredibus
846 2023 879 2083 et
907 2015 1149 2084 suecessoribus
1164 2015 1446 2082 irretractabiliter
1462 2022 1494 2080 et

362 2124 618 2192 irreuocebiliter
633 2123 704 2190 iure
720 2129 875 2208 perpetuo
890 2122 1118 2208 possidendas,
1133 2121 1294 2191 tenendas
1324 2123 1449 2208 pariter
1463 2131 1496 2188 et

360 2231 541 2312 habendas,
573 2229 799 2296 nichilominus
830 2229 902 2314 ipso
933 2229 1091 2315 Magistro
1132 2227 1291 2295 Michaele
1322 2229 1491 2315 Preposito

363 2336 540 2406 decedente
556 2337 666 2422 porcio
683 2337 828 2404 eiusdem
844 2337 876 2402 in
893 2335 1034 2420 prelatis
1058 2337 1155 2403 terris
1171 2343 1203 2402 et
1233 2335 1495 2421 possessionibus

363 2447 486 2528 absque
517 2443 584 2510 ulla
625 2441 816 2510 difficultate
848 2450 880 2508 et
920 2440 1183 2510 contradiccione
1221 2441 1399 2510 cuiuslibet
1439 2443 1489 2508 uel

362 2552 579 2636 quorumlihet
609 2571 672 2617 non
705 2550 865 2633 obstante,
897 2547 1001 2615 eidem
1033 2547 1151 2614 domiti
1182 2548 1279 2614 Petro
1311 2549 1406 2616 fratri
1436 2569 1493 2616 suo

365 2657 490 2726 carnali
522 2657 653 2740 suisque
683 2655 860 2724 heredibus
892 2661 925 2722 et
957 2653 1205 2739 posteritatibus
1236 2656 1278 2719 in‘
1304 2663 1494 2740 perpetuum

366 2769 535 2833 remaneat
551 2771 649 2846 atque
666 2760 772 2841 cedat,
787 2781 849 2830 nec
864 2760 961 2826 aliter
977 2759 1093 2843 quouis
1109 2759 1205 2826 modo
1236 2761 1310 2845 ipse
1340 2763 1496 2848 Magister

364 2869 503 2936 Michael
533 2868 728 2955 Propositus,
759 2869 788 2935 si
804 2867 914 2951 uellet,
946 2865 1033 2952 quod
1059 2869 1156 2953 absit,
1174 2867 1287 2952 legare
1303 2869 1426 2954 valeat,
1441 2869 1495 2934 nel

365 2977 470 3044 eciam
502 2977 672 3060 ordinare;
706 2977 783 3059 quin
816 2975 943 3060 prefate
986 2973 1210 3060 possessiones
1242 2993 1315 3041 enm
1347 2977 1499 3044 omnibns

365 3086 434 3154 suis
466 3083 662 3152 utilitatibus
679 3081 787 3148 taliter
803 3089 836 3148 et
852 3081 982 3148 omnino
1000 3081 1119 3150 comiti
1135 3081 1232 3146 Petro
1246 3079 1312 3146 filio
1326 3080 1499 3169 Stephani,

365 3193 433 3262 suis
449 3189 624 3260 heredibus
641 3195 673 3254 et
688 3189 826 3274 posteris
842 3196 1033 3255 remaneant
1063 3195 1221 3274 perpetuo
1251 3193 1349 3271 atque
1379 3188 1500 3257 cedam

367 3297 572 3385 possidenda.
604 3295 655 3362 Ad
687 3295 749 3362 heo
762 3295 789 3362 si
805 3294 891 3362 idem
924 3297 1040 3364 Comes
1072 3297 1185 3362 Petrus
1205 3294 1359 3362 heredum
1375 3296 1500 3364 solacio

367 3407 541 3476 decederet
557 3403 741 3489 destitutus,
757 3403 861 3472 eciam
880 3403 1104 3489 prenominate
1136 3405 1359 3490 possessiones
1389 3403 1500 3492 easy,

369 3513 511 3597 Odroha,
544 3519 577 3580 et
592 3509 758 3578 Dornoleh
774 3516 890 3578 vocate
906 3511 1051 3579 eiusdem
1066 3507 1200 3578 Comitis
1215 3509 1304 3577 Petri
1320 3509 1500 3580 heredibus

366 3628 399 3690 et
415 3619 668 3710 posteritatibus,
686 3619 742 3702 qui
759 3619 799 3686 de
817 3621 1034 3703 generacione
1066 3639 1126 3686 sua
1157 3618 1190 3684 in
1221 3620 1371 3705 paternis
1401 3619 1503 3686 honis

366 3729 472 3798 eidem
503 3725 678 3794 succedere
708 3726 862 3794 deberent
892 3727 1068 3795 secundum
1099 3725 1203 3810 Regni
1220 3723 1500 3812 consuetudinem,

369 3834 649 3906 irretractabiliter
682 3841 713 3900 et
737 3834 1018 3919 irrefragabiliter,
1048 3833 1348 3918 inmutabiliterqne
1378 3831 1502 3900 cedant

367 3955 400 4015 et
416 3945 558 4012 debeant
588 3959 757 4010 remanere
787 3943 859 4009 iure
890 3949 1047 4028 perpetuo
1079 3939 1287 4029 possidende,
1307 3939 1453 4008 tenende
1469 3951 1502 4010 et

365 4049 514 4123 habende
540 4048 652 4116 eodem
669 4050 764 4135 pleno
780 4055 813 4117 et
829 4049 1019 4135 plenissimo
1035 4049 1116 4132 iure,
1132 4067 1197 4132 quc
1215 4047 1346 4116 easdem
1364 4067 1498 4132 posses·

365 4163 474 4231 siones
513 4155 652 4243 predicti
690 4157 850 4242 Magister
890 4155 1031 4224 michael
1070 4157 1269 4242 Prepesitus
1310 4161 1343 4222 et
1382 4151 1503 4224 (lomes

364 4270 480 4335 Petrus
495 4263 554 4348 filij
573 4263 708 4330 Comitis
723 4262 882 4350 Stephani
899 4263 1092 4349 habuerunt,
1108 4263 1315 4330 detinuerunt
1331 4268 1363 4326 et
1388 4282 1502 4346 posse-

364 4375 491 4444 derunt.
522 4369 593 4436 Hoc
608 4388 673 4436 non
700 4367 919 4456 pretermisso,
944 4369 1030 4453 quod
1046 4368 1140 4436 iuxta
1155 4367 1330 4455 premissas
1346 4372 1455 4435 terras
1471 4377 1504 4436 et

363 4477 591 4569 possessiones
622 4476 727 4563 (lacy,
769 4473 911 4565 Odroha,
943 4485 976 4544 et
1016 4475 1183 4544 Dornoleh
1223 4481 1370 4556 uocatas,
1413 4477 1504 4544 sient

361 4587 568 4674 premittitur,
600 4584 694 4650 metis
727 4582 948 4651 circumdatas
979 4589 1013 4650 et
1044 4583 1195 4670 uallatas,
1227 4581 1383 4649 adiacent
1413 4591 1503 4654 terre
