3068 5150
591 331 750 433 “sm-

105 529 256 596 omnibus
287 527 407 596 Ohristi
441 527 588 597 fidelibus
630 533 811 614 presentem
851 527 1007 613 peginam
1040 527 1236 612 inspecturis

104 638 242 705 salutem
260 639 294 702 in
312 636 452 703 omnium
478 638 651 705 saluatore.
666 635 707 701 Vt
731 633 927 702 donaciones
946 633 1132 721 Principum
1164 653 1235 717 per-

103 751 204 829 petua
220 744 376 811 firmitate
389 743 575 831 solidentur,
592 745 767 810 litterarum
793 743 901 809 solent
926 743 1118 827 testimonijs
1151 761 1234 809 com-

105 852 245 937 muniri,
271 853 495 920 inconcussum
528 854 646 938 quippe
677 857 855 936 permanet,
888 850 974 933 quod
1006 849 1109 934 Regio·
1135 850 1235 918 luerit

105 960 291 1045 patrocinio
312 961 550 1028 communitum.
578 957 720 1026 Proinde
752 955 794 1023 ad
826 957 1047 1024 universorum
1080 945 1235 1026 noticiam

105 1075 220 1135 tenore
236 1073 436 1154 presencium
455 1071 604 1138 uolumus
620 1067 800 1155 peruenire,
818 1069 904 1152 quod
920 1088 989 1153 nos,
1007 1071 1059 1136 cui
1076 1090 1116 1135 ex
1131 1068 1237 1137 ollieio

105 1178 251 1262 suseepti
285 1179 451 1263 regiminis
484 1177 643 1244 incumbit
674 1177 779 1244 metiri
812 1175 929 1244 merita
960 1177 1174 1264 singulorum,
1205 1185 1237 1244 et

106 1282 216 1367 dignis
248 1284 445 1370 promeritis
462 1284 670 1370 respondere,
687 1282 975 1352 commendabilem
1000 1284 1190 1354 fidelitatem
1206 1292 1238 1352 et

107 1392 277 1458 meritorie
293 1391 447 1476 obsequie
463 1391 610 1476 Magistri
629 1391 721 1458 Phile
746 1391 804 1476 filij
838 1390 974 1460 Comitis
1005 1391 1137 1477 Thome,
1172 1411 1236 1475 que

106 1497 193 1562 idem
224 1499 257 1564 in
272 1499 419 1566 omnibus
449 1500 715 1587 expedicionibus
740 1501 845 1584 Regni
861 1501 975 1587 nostri,
992 1507 1025 1567 et
1041 1499 1233 1585 specialiter

108 1605 142 1671 in
160 1610 307 1674 exercitu
323 1615 431 1675 nostro
448 1607 603 1694 generali,
620 1627 713 1691 quem
734 1614 845 1676 contra
860 1608 982 1696 Regem
1016 1608 1147 1674 Boemie
1177 1609 1237 1675 ini·

106 1715 227 1782 micum
243 1723 386 1784 nostrum
404 1717 577 1801 capitalem
588 1716 798 1798 habebamus,
809 1715 865 1783 vbi
876 1715 989 1784 eodem
1002 1717 1091 1801 Rege
1106 1717 1236 1785 Boemie

111 1825 308 1909 interempto
324 1823 446 1890 Diuina
462 1824 574 1908 gracia
589 1833 751 1891 annuente
769 1823 895 1890 felicem
926 1843 1037 1890 snmus
1068 1824 1239 1893 uictoriam

108 1932 287 2020 consecuti,
318 1933 517 2000 intuentihus
548 1933 642 2000 nohis
667 1951 702 1999 se
717 1935 846 2000 fortune
864 1933 993 2000 casibus
1009 1953 1068 2019 pro
1083 1933 1239 2002 fidelitate

108 2039 236 2106 Corone
250 2040 351 2125 Regis
367 2039 575 2126 inpendenda
589 2038 727 2107 fideliter
754 2039 901 2107 exhibuit
911 2041 1119 2126 etiopendit;
1144 2062 1240 2127 quas-

109 2143 188 2212 dam
205 2151 309 2214 terras
325 2147 430 2215 Oestri
447 2147 549 2215 nostri
566 2147 608 2215 de
624 2147 742 2214 Wolho
760 2147 903 2234 Warasy
913 2153 944 2214 et
954 2148 1076 2234 Sumug
1090 2156 1237 2236 vocatas,

108 2273 184 2319 eum
200 2254 347 2320 omnibus
364 2253 558 2322 utilitatibus
574 2259 607 2322 et
622 2253 837 2339 pertineneijs
854 2255 921 2322 sois
937 2257 1110 2343 uniuersis,
1128 2276 1239 2324 secun·

109 2359 187 2426 dum
220 2360 305 2444 quod
336 2360 423 2427 idem
455 2361 605 2428 Castrum
635 2361 758 2444 habuit,
789 2363 891 2428 tenuit
916 2369 948 2429 ct
960 2363 1114 2450 possedit,
1134 2364 1240 2432 eidem

111 2469 274 2552 Magistro
291 2470 392 2554 Phile,
404 2475 436 2536 et
447 2489 505 2554 per
515 2489 588 2536 eum
605 2469 672 2536 suis
688 2469 862 2537 heredibus
877 2470 1095 2556 heredumque
1111 2492 1240 2540 suorum

108 2577 353 2644 successoribus
385 2576 545 2662 dedimus,
578 2576 778 2661 donauimns,
806 2577 999 2646 contulimus
1030 2587 1126 2664 atque
1141 2581 1240 2647 tradi-

112 2684 224 2750 dimus
239 2683 308 2750 iure
324 2691 479 2771 perpetuo
495 2684 631 2770 pacifice
647 2691 680 2751 et
696 2685 805 2769 quiete
823 2685 1047 2772 possidendas.
1079 2689 1117 2754 In
1149 2690 1241 2757 cuius

109 2793 160 2858 rei
193 2794 380 2859 memoriam
412 2799 669 2879 perpetuamque
693 2793 878 2861 firmitatem
898 2803 1066 2879 presentes
1082 2799 1239 2866 concessi·

109 2918 186 2966 mus
204 2899 330 2966 litteras
357 2898 461 2984 sigilli
489 2901 589 2968 nostri
620 2899 797 2968 munimine
827 2903 1005 2971 roboratas.
1037 2903 1153 2970 Datum
1187 2925 1243 2990 per

109 3027 231 3074 manns
263 3007 396 3077 disereti
426 3010 488 3076 viri
516 3010 663 3093 Magistri
682 3009 844 3079 Theodori
859 3011 1019 3100 Prepesiti
1035 3011 1243 3080 Scibiniensis

108 3115 190 3194 aule
206 3122 316 3183 nostre
331 3117 608 3202 ViecGancellarij
630 3118 741 3185 dilecti
757 3125 790 3188 et
804 3119 910 3187 fidelis
929 3119 1030 3187 nostri
1061 3139 1147 3186 anno
1178 3121 1242 3190 Do·

109 3222 194 3288 mini
227 3223 486 3291 ΜθΟΟοῑιΧΧΧ0
517 3230 621 3310 sexto,
646 3227 748 3308 Regni
774 3231 882 3294 autem
899 3225 1000 3294 nostri
1015 3245 1101 3293 anno
1117 3226 1241 3309 quinto·

109 3328 250 3418 decimo,
268 3332 370 3416 primo
387 3329 439 3399 die
455 3329 667 3400 kalendarum
683 3325 865 3418 Februarij.

107 3531 256 3594 (Eredetie
288 3531 470 3597 borhtrtyon,
503 3535 623 3600 melyrdl
654 3551 672 3586 a
691 3533 853 3608 stiriis-nlild
871 3531 1109 3600 selyemssinbron
1128 3532 1243 3598 fdggiitt

259 3623 353 3685 pecset
372 3626 525 3690 elveszett;
544 3642 561 3677 a
579 3625 664 3678 budai
684 3626 737 3677 liin.
756 3627 884 3678 kamsrei
903 3626 1098 3687 leveltdrban.)
