3112 5154
874 532 949 601 rte.

343 731 433 798 Juuo
450 754 558 811 comes,
590 728 821 813 Irosldfidoalc
837 731 1020 818 womdoya
1047 731 1140 798 saeos
1169 731 1277 799 Jabao
1308 757 1330 798 a
1362 731 1466 800 Szdoa

555 841 693 926 stipatio
709 841 778 906 leod
793 845 954 929 apdtadya
969 846 1128 908 stomaro.
1155 842 1254 910 1277.
1547 841 1548 868 l

448 1035 515 1103 Nos
530 1035 645 1103 Comes
660 1035 756 1117 duan,
786 1037 872 1104 lilius
887 1038 1013 1125 Ironlay
1029 1039 1184 1105 memorie
1200 1037 1465 1105 commendantes
1547 1057 1548 1060 ’

341 1151 453 1209 notum
470 1139 608 1210 iacimus
634 1143 752 1226 quibus
777 1143 908 1228 expedit
940 1143 1109 1230 universis,
1140 1143 1228 1229 quod
1258 1164 1318 1211 nos
1349 1143 1468 1212 intuitu
1547 1221 1548 1230 ,

341 1249 460 1316 Divine
476 1249 611 1333 pietatis
627 1249 716 1318 ducti
731 1250 775 1318 ad
791 1249 1012 1338 devocionem,
1033 1272 1093 1338 pro
1109 1251 1300 1320 remissione
1315 1257 1464 1336 peccato-

339 1377 409 1424 rum
425 1361 614 1441 nostrorum,
647 1357 848 1444 propiciante
864 1359 933 1426 Deo
950 1360 1035 1427 hanc
1050 1359 1293 1427 ordinacionem
1309 1378 1367 1426 seu
1398 1361 1465 1424 col·
1547 1407 1548 1438 ,

341 1467 500 1533 lanionem
526 1465 675 1532 duximus
707 1465 916 1533 taciendam:
945 1467 1032 1551 qnod
1062 1468 1239 1554 Monachys
1270 1467 1313 1534 dc
1343 1465 1467 1533 Ordine

340 1573 474 1640 fratrum
494 1571 769 1654 cisterciensium,
795 1573 837 1638 de
853 1573 1001 1642 Abbucia
1016 1575 1129 1642 Sancti
1144 1574 1269 1659 iacobi,
1301 1573 1342 1640 de
1358 1573 1467 1640 insula

341 1681 453 1764 Zawa,
470 1679 562 1746 iuxta
578 1678 773 1766 Zagrabiam
791 1679 1016 1766 existentibus,
1033 1681 1192 1767 dedimus,
1223 1681 1418 1750 contulimus
1435 1688 1466 1747 et
1547 1757 1548 1766 ἵ

341 1785 533 1854 tradidimus
550 1786 731 1854 Ecclesiam
748 1794 891 1854 nostram
909 1790 943 1855 in
958 1789 1078 1856 honore
1093 1790 1212 1856 Sancte
1227 1787 1329 1856 Elone
1355 1807 1467 1856 conse-

338 1899 462 1960 cratam
479 1893 521 1960 de
536 1893 706 1974 Zamobor,
739 1899 772 1960 ct
788 1899 905 1962 terram
923 1895 1011 1962 circa
1027 1894 1164 1962 eandem
1195 1894 1390 1962 existentem
1424 1895 1466 1962 ad
1547 1981 1548 1988 ἵ

338 2021 431 2070 usum
470 1999 605 2066 duorum
636 2006 814 2068 aratrorum
845 2000 1072 2088 sufficientem,
1113 2021 1210 2070 unum
1242 2002 1465 2070 molendinum
1547 2075 1548 2078 Ἴ

339 2107 435 2174 situm
452 2107 486 2172 in
502 2106 598 2174 fluuio
615 2105 783 2194 Zamobor,
801 2127 899 2174 unum
916 2107 1049 2176 fundum
1066 2113 1152 2176 curie
1167 2109 1200 2174 in
1212 2109 1466 2176 villaZamobor

339 2236 397 2300 pro
414 2214 571 2302 sessione,
595 2221 627 2281 et
643 2220 708 2282 tres
723 2216 837 2282 vineas
854 2218 888 2283 in
920 2217 993 2284 loco
1024 2221 1201 2302 prenotato.
1241 2216 1395 2282 Preterea
1431 2218 1467 2282 in

340 2321 691 2408 Breaoiclracapellam
708 2327 900 2391 nostramet
925 2330 1045 2390 terram
1076 2323 1293 2392 sufficientem
1324 2323 1367 2390 ad
1397 2321 1468 2389 dno

342 2435 460 2515 aratra,
478 2429 513 2495 in
528 2430 593 2497 fine
608 2434 693 2496 terre
710 2437 819 2498 nostre
836 2430 876 2498 de
892 2431 1069 2498 Brezoicha
1084 2431 1286 2515 existentem,
1313 2449 1469 2497 annnam

340 2539 470 2606 vineam
489 2535 551 2625 (in)
569 2535 747 2604 Chuoberie
762 2539 870 2624 sium,
887 2539 957 2604 iure
974 2546 1129 2625 perpetuo
1144 2537 1278 2624 pacifice
1294 2542 1326 2604 ct
1350 2539 1465 2621 quiete

339 2645 565 2730 possidendos.
589 2646 658 2713 Hon
673 2645 809 2730 adiecto,
825 2647 913 2730 qnod
928 2647 961 2712 in
994 2653 1160 2731 posterum
1192 2646 1292 2714 nostri
1324 2645 1468 2714 heredes

340 2754 559 2838 heredumque
574 2771 786 2836 successores,
803 2760 834 2820 et
850 2753 1000 2820 similiter
1015 2753 1150 2838 proximi
1167 2752 1268 2821 nostri
1292 2759 1325 2818 et
1355 2771 1472 2818 corum

337 2879 540 2934 successores
557 2867 738 2948 presentem
755 2859 967 2928 collacionem
983 2869 1128 2929 nostram
1155 2880 1219 2927 non
1250 2857 1379 2944 possint
1410 2861 1472 2926 ali·

337 2969 477 3055 qualiter
494 2975 676 3036 retractare
714 2967 854 3054 Insuper
868 2976 979 3036 nostre
994 2967 1173 3036 voluntatis
1205 2971 1239 3034 ct
1269 2965 1472 3032 intensionis
1547 3043 1548 3060 χ

337 3085 395 3165 est,
410 3081 437 3146 si
454 3081 580 3144 creator
595 3095 721 3142 omnem
738 3082 857 3144 etatum
874 3076 979 3160 Regni
996 3076 1164 3160 Hungarie
1180 3075 1214 3140 in
1231 3073 1345 3140 melius
1360 3071 1469 3140 reior-
1547 3067 1548 3080 ¹

337 3185 485 3270 macerit,
503 3190 536 3251 et
551 3183 644 3250 nobis
660 3181 786 3250 dederit
801 3183 901 3250 vitam
917 3182 1106 3268 longiorem,
1133 3189 1174 3250 ¹ut
1191 3181 1224 3247 in
1240 3181 1313 3248 loco
1330 3180 1471 3266 capelle

335 3299 444 3362 nostre
460 3289 502 3356 de
517 3287 701 3376 Breaoichs,
725 3289 955 3358 blonssterinm
981 3289 1120 3376 propriis
1146 3287 1312 3356 laboribus
1343 3289 1473 3355 nostris
1547 3337 1548 3340 ,

335 3398 512 3467 condamus
529 3406 561 3465 et
576 3396 728 3483 expensis
744 3395 825 3482 ipsis
841 3396 1010 3464 Monachis
1026 3397 1164 3465 fideliter
1179 3395 1393 3482 precantibus
1408 3399 1474 3484 ita,
1547 3399 1548 3486 f

337 3508 421 3592 quod
438 3505 582 3592 perfecto
598 3524 697 3589 opere
714 3503 903 3572 Monasterii
919 3505 1000 3572 inibi
1016 3524 1089 3572 esse
1104 3505 1223 3572 debeat
1237 3522 1296 3588 per
1311 3521 1348 3570 se
1365 3503 1469 3572 locus

335 3614 487 3699 Abbacie,
504 3611 663 3681 ordinatis
680 3611 767 3698 prius
782 3611 1017 3680 sufficientibus
1035 3611 1245 3698 proventibus
1270 3609 1312 3675 ad
1337 3609 1472 3680 victum

333 3729 365 3789 et
381 3721 532 3789 vestitnm
549 3720 786 3788 habitatoribus
802 3719 836 3786 in
853 3719 965 3787 eodem
983 3740 1022 3786 ac
1038 3721 1111 3788 aliis
1121 3715 1317 3787 necessariis
1334 3717 1475 3788 uniuer-

330 3829 384 3898 sis.
409 3829 454 3896 Ut
470 3829 569 3914 igitur
584 3829 682 3896 huius
699 3827 888 3898 collacionis
904 3835 937 3896 et
952 3827 1143 3896 donacionis
1169 3825 1266 3894 robur
1295 3833 1471 3910 perpetue
1547 3847 1548 3850 ’

331 3937 488 4004 firmitatis
507 3937 653 4005 obtineat
668 3942 835 4022 presentes
851 3937 1044 4004 contulimus
1061 3935 1162 4019 sigilli
1173 3933 1274 4002 nostri
1284 3932 1477 4002 munimine
1547 3953 1548 3992 1

331 4043 511 4110 roboratas.
549 4045 668 4112 Datum
684 4043 847 4128 Zagrabie
862 4045 999 4112 sabbato
1016 4043 1162 4129 proximo
1178 4048 1256 4108 ante
1270 4039 1474 4124 quindenas
1547 4035 1548 4040 ’

330 4151 433 4220 Pasce
449 4153 582 4219 Domini
597 4171 684 4219 anno
700 4151 843 4220 ciusdem
861 4151 1047 4220 MGOLXX.
1065 4153 1214 4239 septimo.

448 4277 610 4346 (Tkalcsice,
627 4280 751 4333 Menum.
770 4280 834 4331 hist.
854 4277 946 4346 Episc.
965 4281 1086 4349 Zagrab.
1103 4282 1126 4334 1.
1146 4283 1205 4334 lrbt
1227 4279 1286 4330 187.
1305 4276 1338 4340 l.)
