3148 5146
610 260 771 356 A

116 454 297 542 priuilegia
311 454 365 521 uel
381 451 528 538 quelibet
543 449 748 540 documenta,
764 451 867 536 sique
883 449 1049 540 baberent,
1065 451 1255 538 proferrent

118 570 154 631 et
184 561 376 640 exhiberent
407 559 440 626 in
465 557 595 626 iudicio
626 577 737 626 coram
777 557 871 626 nobis
903 566 1018 627 contra
1057 560 1255 647 Episcopum

119 669 336 738 autadictum.
360 667 433 746 Quo
448 663 586 734 termino
602 664 810 748 adueniente,
836 655 955 733 octaua
979 666 1107 736 scilicet
1137 668 1257 736 Ascen-

120 777 223 846 sionis
245 774 387 859 Domini,
421 771 571 858 quamuis
585 771 783 840 venerabilis
799 777 893 858 pater
908 773 1059 842 dominns
1074 774 1260 862 Episcopus

118 881 491 968 Quinqueecolesiensis,
508 880 575 948 suis
590 899 656 948 non
689 899 828 965 parcens
853 881 1021 950 laboribus
1036 888 1069 949 et
1092 881 1256 968 expensis,

121 1011 188 1060 sna
202 987 334 1057 iusticia
349 985 514 1056 mediante
529 985 574 1053 ad
588 985 708 1054 Nostra
724 986 908 1056 Maiestatis
925 989 1130 1074 presenciam
1148 1007 1257 1058 acces·

120 1097 232 1183 sisset,
249 1094 359 1164 omnia
375 1111 436 1164 sua
450 1092 629 1178 priuilegia
644 1100 711 1160 mm
743 1094 848 1180 patris
880 1096 983 1162 nostri
1014 1115 1111 1180 quam
1144 1101 1257 1162 nostra

124 1223 226 1288 super
257 1200 380 1269 eisdem
395 1199 657 1286 possessionibus
674 1199 850 1286 impetrata
866 1217 976 1267 coram
998 1199 1092 1268 nobis
1110 1202 1144 1269 in
1157 1199 1258 1268 medi-

121 1332 179 1378 um
195 1305 391 1394 proterendo
407 1333 416 1395 3
447 1313 644 1374 memoratus
657 1311 770 1374 tamen
784 1306 934 1375 Detricus
950 1306 1068 1375 Comes
1084 1319 1116 1376 et
1148 1307 1257 1374 buka-

123 1417 221 1486 cbius
248 1415 354 1482 trater
385 1413 456 1482 eius
471 1434 536 1481 non
568 1421 817 1499 comparuerunt
848 1433 908 1500 per
938 1431 974 1482 se
989 1416 1043 1482 vel
1074 1431 1133 1500 per
1157 1413 1257 1480 ubam

123 1523 273 1607 aliquem
297 1519 507 1607 defensorem,
533 1539 594 1588 nec
625 1521 786 1606 prefatum
816 1518 1022 1606 priuilegium
1055 1521 1115 1587 sub
1157 1537 1259 1588 aurea

122 1629 220 1698 bulla
235 1635 268 1695 et
284 1635 393 1695 cetera
420 1625 620 1694 munimenta
636 1625 852 1694 exhibuerunt
866 1627 918 1694 vel
935 1626 1083 1694 exhiberi
1099 1626 1252 1712 fecerunt,

121 1736 210 1806 siout
224 1736 333 1803 facere
347 1739 379 1802 et
395 1733 546 1802 exhibere
563 1734 783 1819 peremptorie
798 1735 1004 1817 tenebantur,
1019 1735 1111 1801 iuxta
1126 1743 1256 1802 nostra·

122 1864 197 1916 rum
228 1841 467 1910 continenciam
505 1842 699 1908 litterarum.
740 1840 808 1907 Nos
840 1839 952 1924 itaque
991 1859 1057 1906 non
1091 1840 1252 1908 uellentes

122 1949 260 2017 vicarius
289 1949 351 2016 iuri
375 1947 488 2016 deesse
504 1957 536 2014 et
550 1947 688 2034 iusticie,
705 1967 777 2015 oum
795 1947 918 2014 veritm
934 1945 1089 2031 equitatis
1108 1946 1256 2013 eiusdem

123 2054 323 2124 venerabilis
339 2055 449 2142 sepius
481 2056 648 2141 exagitata
678 2053 712 2121 in
742 2055 846 2120 lucem
877 2051 1117 2138 resplenduerit
1146 2070 1257 2120 eoram

121 2163 232 2249 nobis,
248 2181 289 2230 ne
305 2163 333 2230 si
349 2163 499 2230 nimirum
509 2163 664 2247 Regalem
682 2161 890 2230 emolliamus
906 2159 1079 2246 iusticiam,
1095 2159 1130 2226 iu
1142 2159 1260 2245 peiora

123 2269 342 2354 malignorum
357 2270 459 2336 animi
475 2269 690 2356 inflamcntur,
722 2268 877 2355 inspectis
893 2267 1043 2334 omnibus
1073 2265 1260 2353 priuilegijs

123 2379 274 2448 eiusdem
303 2375 425 2444 domini
455 2377 619 2464 Episcopi,
650 2387 683 2444 et
698 2378 844 2462 ipsorum
860 2375 1115 2462 priuilegiornm,
1141 2375 1258 2442 instru-

123 2492 305 2555 mentorum
324 2505 383 2552 sen
412 2485 687 2553 munimentorum
717 2483 923 2552 continencia
953 2485 1063 2569 sepius
1094 2484 1259 2552 recensita

122 2613 184 2662 seu
207 2593 363 2680 perlecta,
380 2599 413 2660 et
427 2593 500 2658 sine
524 2591 776 2678 reprehensione
792 2591 905 2676 aliqua
920 2591 1052 2675 cognita
1068 2595 1101 2656 et
1117 2595 1259 2677 reperta,

124 2721 189 2785 que
204 2719 303 2786 super
317 2700 484 2787 premissis
500 2701 761 2788 possessionibus
771 2719 827 2768 seu
837 2699 961 2789 predijs
971 2697 1109 2785 Sueche,
1129 2699 1255 2784 Prelan,

123 2807 291 2894 Liponuk,
308 2808 458 2875 Merena
473 2813 506 2874 et
521 2807 661 2875 Sumkut
676 2809 727 2876 ius
744 2821 776 2874 ot
791 2806 957 2875 iusticiam
973 2804 1117 2872 eiusdem
1134 2803 1258 2871 domini

124 2916 282 3002 Episcopi
297 2914 486 3001 plenissime
502 2916 736 3002 exprimebant,
753 2921 851 3000 prout
866 2913 962 2997 vigor
971 2911 1101 2978 iusticie
1119 2910 1258 2995 questio·

125 3042 204 3090 nem
221 3020 406 3090 huiusmodi
437 3019 586 3112 dirimere
617 3021 780 3106 exigebat,
797 3019 942 3106 prefatas
957 3018 1185 3105 possessiones
1200 3037 1259 3086 seu

123 3129 243 3216 predia
257 3128 349 3197 iuxta
363 3135 506 3197 tenorem
524 3129 769 3214 priuilegiorum
787 3127 890 3213 patris
907 3126 1010 3195 nostri
1026 3133 1059 3194 et
1073 3131 1256 3193 nostrorum

124 3235 331 3304 decreuimus
361 3235 605 3306 sentencialiter
635 3234 722 3303 dicto
753 3234 918 3321 Episcopo
951 3242 983 3302 et
1007 3233 1160 3300 iratribus
1179 3233 1257 3313 suis,

124 3343 206 3427 tiliJ's
222 3341 289 3408 Eeb
306 3341 528 3428 comissam
545 3341 666 3410 eisdem
693 3345 798 3428 metis,
812 3360 876 3426 que
891 3343 926 3406 in
949 3339 1121 3425 priuilegio
1152 3337 1261 3406 karis-

124 3448 204 3518 simi
219 3450 321 3534 pstris
336 3449 440 3516 nostri
454 3449 612 3518 antedicti
627 3451 756 3536 plenius
783 3447 1003 3535 continentur,
1028 3445 1259 3522 restituendas,

121 3553 312 3632 reddendas
342 3574 382 3622 ae
398 3556 590 3624 statuendas
615 3555 688 3623 siue
702 3554 886 3641 statuenda,
904 3553 968 3620 sibi
984 3552 1118 3642 suisque
1134 3550 1261 3620 beredi-

123 3667 188 3731 bus
203 3659 422 3747 heredumque
437 3662 681 3731 suecessoribus
697 3668 855 3749 perpetuo
887 3659 1105 3746 possidendas
1137 3660 1262 3744 pariter

122 3779 159 3838 et
175 3770 384 3855 possidenda,
414 3771 588 3856 ipsumque
605 3771 769 3838 dominum
795 3769 993 3856 Episcopum
1009 3767 1262 3853 incorporalem

124 3878 372 3966 possessionem
399 3879 576 3947 earundem
591 3897 652 3965 per
671 3879 826 3946 dilectum
843 3885 875 3946 ct
890 3878 1020 3946 fidelem
1046 3875 1261 3961 Capelianum

116 3991 270 4054 nostrum
300 3984 500 4073 Obepanum'
521 3986 734 4054 Sacerdotem
767 3983 965 4054 canonicum
998 3983 1262 4066 Eagrabyensem

119 4093 190 4162 sub
221 4092 408 4160 testimonio
439 4093 610 4178 Agriensis
640 4101 674 4162 et
711 4093 916 4179 Baohyensis
948 4090 1093 4177 Capituli
1123 4087 1261 4154 fecimus

116 4196 298 4284 introduci,
334 4199 471 4284 prefatis
503 4200 637 4268 Detrico
653 4207 687 4267 et
716 4198 855 4267 Lulrach
880 4207 913 4267 et
943 4217 1054 4266 eorum
1085 4192 1258 4262 heredibus

117 4305 351 4391 heredumque
381 4309 622 4376 successoribus
647 4327 745 4395 super
758 4306 928 4395 premissis
944 4303 1096 4373 omnibus
1110 4307 1262 4387 perpetu-

120 4435 185 4482 um
225 4411 397 4484 silencium
438 4415 651 4502 inponentem
685 4415 896 4484 decernentes
937 4419 969 4480 et
1008 4409 1265 4499 pronunciantes

116 4519 373 4594 sentencialiter
403 4521 438 4589 in
454 4521 618 4590 Beronum
644 4528 827 4592 nostrorum
857 4517 1030 4607 presencia
1055 4522 1089 4586 et
1104 4523 1262 4586 consensu

237 4655 341 4694 morus.
356 4655 440 4695 suro.
456 4657 528 4698 mer.
546 4670 587 4686 —
605 4657 678 4698 nrrn.
692 4657 761 4696 mr.
1134 4630 1157 4694 4
