3148 5164
642 972 720 1042 490.

89 1171 142 1238 ,A
154 1175 251 1262 pieri
263 1171 488 1261 ledptoluuuul·
505 1171 782 1256 bizouyedpleuele,
814 1172 896 1256 bopp
918 1145 1021 1236 (fodri
1047 1168 1184 1236 Kourdd
1207 1173 1241 1238 do

90 1281 317 1346 {Metui
356 1305 377 1344 o
408 1277 498 1366 pr'r
527 1278 761 1364 uumzeleepbdl,
801 1279 1119 1364 epyeuetleose'peilrre
1151 1281 1243 1343 uene

204 1385 319 1473 Gynlo
335 1386 502 1452 meeterrel
517 1387 548 1453 ts
564 1384 817 1452 erdektorsuiual
831 1383 1021 1451 kibtbultet.
1055 1385 1153 1451 1297.

223 1580 296 1646 Nos
313 1577 498 1664 Capitulum
525 1577 884 1662 Quinqueeoolesiensis
914 1576 1062 1642 Eoolesie
1093 1577 1248 1644 memorie

109 1685 391 1770 oommenduruus,
409 1683 496 1767 quod
511 1683 665 1768 Magister
682 1683 862 1754 Oorrardus
879 1683 920 1748 de
937 1681 1034 1750 Owar
1058 1683 1143 1749 filius
1176 1681 1249 1748 Ste-

110 1791 219 1879 pbnni
233 1792 277 1858 de
290 1809 410 1874 genere
428 1793 511 1856 Yeur
527 1809 584 1876 pro
600 1809 636 1856 se
653 1795 684 1856 et
712 1809 770 1873 pro
802 1788 999 1872 quibuslibet
1030 1788 1248 1856 seruientibus

110 1899 196 1982 mis,
210 1904 244 1964 et
260 1917 320 1982 pro
347 1899 497 1964 omnibus
524 1895 755 1980 iobugionibus
786 1895 863 1980 ruis,
896 1901 928 1960 et
958 1913 1017 1978 pro
1049 1896 1251 1979 quibuslibet

112 2005 342 2091 spectentibus
357 2003 401 2071 ed
416 2003 533 2088 ipsum,
560 2003 637 2068 item
653 2003 768 2068 Comes
784 2001 928 2069 Thomas
960 2002 1047 2068 lilius
1077 2001 1173 2068 Pauli
1206 2001 1249 2067 de

110 2128 241 2194 genere
256 2109 345 2175 Yeur
362 2129 419 2194 pro
435 2128 471 2176 se
486 2115 518 2174 et
533 2127 593 2194 pro
609 2107 809 2190 quibuslibet
824 2105 1047 2194 spectantibus
1061 2106 1115 2178 ,ad
1139 2106 1247 2193 ipsum

114 2217 163 2281 ab
179 2235 248 2281 nne
263 2222 377 2300 purte3
402 2216 522 2283 nobilis
539 2215 668 2282 iuuenis
698 2213 857 2298 Magister
886 2213 964 2280 Jule
994 2213 1081 2281 filius
1113 2213 1249 2281 Comitis

115 2321 261 2406 Ilieolai,
276 2329 310 2388 et
325 2319 426 2390 irater
440 2343 516 2390 suus
532 2324 659 2408 Petrus,
690 2339 750 2406 pro
766 2341 802 2387 se
818 2326 850 2388 et
865 2319 1066 2404 quibuslibet
1081 2319 1255 2386 seruienti-

116 2429 183 2494 bus
197 2447 321 2512 eorum,
344 2435 379 2496 et
393 2427 620 2513 iobugionibns
636 2427 705 2495 suis
721 2425 899 2511 quibusuis‚
933 2433 965 2492 et
981 2445 1039 2511 pro
1055 2425 1253 2510 quibuslibet

118 2533 347 2620 speetnntibus
372 2533 416 2599 ad
432 2533 551 2620 ipsum,
577 2534 654 2599 item
669 2533 770 2599 irater
785 2532 915 2600 Blosius
931 2533 1042 2600 Abbus
1058 2534 1252 2617 blonesterij

110 2641 303 2708 -deSaueta
317 2639 477 2707 Triuitete
493 2660 552 2726 pro
568 2657 605 2706 se
629 2645 661 2707 et
692 2657 751 2724 pro
780 2639 930 2706 omnibus
962 2639 1191 2723 iobugionibus
1220 2647 1256 2706 et

118 2748 255 2834 pupulis
272 2747 417 2814 eiusdem
433 2743 632 2830 Monusterij,
666 2754 699 2812 et
713 2745 902 2830 specialiter
918 2745 1033 2813 Comes
1063 2745 1255 2814 Ambrosius

116 2855 211 2922 tilius
226 2855 371 2940 Hogous,
403 2859 437 2920 et
453 2854 584 2920 Meroua
599 2851 684 2920 filius
699 2851 779 2940 Myk
796 2851 946 2920 officialis
963 2852 1107 2921 eiusdem
1140 2854 1255 2920 Monu-

114 2960 215 3045 ster'qj
232 2979 291 3045 pro
307 2979 344 3028 se
356 2965 392 3027 et
407 2979 465 3046 pro
482 2958 677 3042 quibuslibet
692 2959 916 3044 speetantibus
947 2959 991 3024 ad
1021 2958 1107 3025 idem
1141 2961 1256 3028 Mona-

117 3065 262 3134 sterium
279 3067 321 3134 ab
339 3065 453 3152 alteru,
469 3066 685 3151 personaliter
700 3066 734 3133 in
750 3066 851 3134 nostri
873 3066 1047 3152 presenoiu
1077 3067 1256 3152 constituti,

106 3192 224 3258 snper
238 3173 389 3242 omuibus
405 3181 439 3240 et
454 3171 646 3242 omnimodis
663 3172 949 3259 destruccionibus,
968 3172 1118 3258 dampnis
1134 3182 1165 3240 et
1176 3174 1258 3240 iuiu-

115 3281 194 3364 riJ's,
206 3298 266 3346 seu
282 3297 381 3364 super
395 3277 563 3349 iniuriosis
580 3279 781 3348 sooeiouibus
804 3281 1003 3364 quibuslibet
1033 3287 1257 3348 oeterorumue

117 3383 364 3454 discordiarum
380 3387 528 3454 ortieulis
544 3386 621 3454 bine
637 3394 669 3454 et
684 3386 761 3454 inde
786 3387 929 3456 subortis
960 3395 992 3456 et
1022 3375 1124 3456 illatis
1155 3407 1260 3472 usque

118 3493 222 3560 modo
236 3499 272 3560 et
286 3513 390 3578 usque
406 3494 517 3564 datum
533 3495 738 3582 presencium
753 3495 943 3583 litterarum,
971 3494 1149 3568 seeundum
1174 3493 1262 3561 urbi-

117 3601 223 3668 trinm
236 3600 373 3668 Comitis
389 3601 523 3670 Andree'
534 3603 593 3686 filij
611 3603 711 3688 Petri,
743 3611 776 3670 et
807 3601 972 3670 Beutenob
1003 3603 1059 3687 filij
1092 3602 1187 3670 Merit
1219 3603 1261 3668 de

119 3727 248 3792 genere
263 3707 414 3791 Bndmer,
445 3710 523 3776 item
539 3707 700 3778 Jobunnis
715 3711 773 3796 filij
807 3710 945 3797 Philpus
969 3709 1010 3778 de
1042 3708 1168 3795 Arpud,
1200 3709 1261 3777 Go-

118 3813 218 3881 nifis
230 3812 396 3884 Omoneus
411 3815 470 3902 dlij
488 3815 661 3884 Mioheelis
678 3817 719 3885 de
734 3815 866 3904 'Popord
892 3817 1068 3884 Castelluni
1101 3816 1143 3884 de
1175 3815 1261 3884 Sub·

118 3923 430 4010 prediorumque
445 3927 588 3993 virorum
604 3925 856 4011 prouinoiulium
880 3925 944 3996 sibi
975 3927 1116 3994 inuicem
1147 3931 1263 3992 mutuo

119 4029 368 4100 adalaelmus
383 4038 573 4120 perpetuum
589 4053 704 4120 paoem
720 4053 756 4102 se
771 4032 892 4102 habere
907 4041 982 4103 sunt
1015 4033 1159 4102 confessi
1190 4051 1263 4099 ore-

120 4137 201 4205 eulo
214 4139 293 4204 vine
309 4139 409 4224 unuin,
427 4148 460 4206 et
475 4138 564 4223 quod
579 4147 697 4208 neutro
713 4141 858 4227 peruium
876 4141 1013 4210 alteram
1025 4148 1150 4226 partem
1162 4159 1262 4223 super

112 4243 328 4330 quibuslibet
343 4246 508 4332 preteritis
524 4247 674 4334 dampnis
691 4255 724 4315 et
747 4247 877 4333 iniurijs
901 4248 1019 4335 poterit
1049 4251 1264 4334 imposterum

124 4351 318 4420 molestare.
334 4349 418 4418 Item
435 4360 575 4438 utraque
590 4373 668 4437 pars
683 4353 887 4422 omnimodus
903 4354 1027 4424 litteras
1044 4374 1122 4423 suas
1138 4353 1172 4419 in
1190 4373 1264 4438 pro-

114 4477 224 4526 etun
237 4477 415 4526 quomrum
432 4477 565 4526 suerum
581 4467 697 4528 eontra
712 4461 854 4530 inuicem
869 4481 970 4546 usque
985 4461 1081 4529 modo
1098 4461 1265 4528 confertas

115 4563 344 4632 reddiderunt
359 4585 469 4634 eorum
485 4567 577 4634 nobis
592 4568 638 4634 od
654 4567 871 4654 cessandum
901 4569 930 4636 si
947 4587 1029 4654 quus
1046 4587 1122 4636 uero
1140 4564 1272 4632 detine·
1343 4621 1345 4625 .
