3096 5160
805 257 965 372 „Q

323 472 431 537 sentes
447 463 663 536 concessimus
678 464 813 555 litteras,
846 465 1012 556 dupplieis
1026 465 1130 555 sigilli
1146 465 1250 536 nostri
1275 467 1450 540 munimine

320 577 498 664 roboratas,
526 577 647 662 sigillis
663 574 890 646 nichilominus
906 576 1081 648 eorundem
1097 591 1227 664 patrum
1244 581 1449 650 veneralium

317 686 357 753 ad
376 685 555 754 uberiorem
573 687 620 752 rei
636 683 796 752 seutelam
813 685 1019 772 presentibus
1034 686 1235 772 interpositis
1252 695 1285 756 et
1309 689 1446 759 adiuue

316 793 367 860 tis.
408 795 529 862 Datum
546 812 603 877 per
619 813 735 860 manns
750 793 881 862 disereti
897 793 959 862 viri
974 793 1122 876 Magistri
1137 793 1301 862 Theodori
1327 796 1447 882 Propo

316 901 373 969 siti
388 900 546 968 Albensis
561 899 719 982 Eculeus,
736 901 811 968 sule
835 907 944 968 nostre
969 899 1245 986 Vionaneellarij
1271 900 1385 971 dileeti
1418 911 1449 970 et

315 1007 420 1077 fidelis
452 1007 554 1075 nostri
582 1027 669 1076 enno
684 1007 816 1076 Domini
830 1009 864 1074 M
870 1008 949 1078 ⁰00⁰
964 1010 1189 1098 nonagesimo,
1214 1009 1322 1096 Regni
1336 1017 1447 1078 autem

315 1118 418 1184 nostri
434 1135 521 1184 anuo
537 1115 652 1202 primo.

315 1315 456 1378 (Eredetie
479 1315 665 1385 torhtrtyetn,
696 1317 827 1380 melynak
857 1317 965 1384 egylror
993 1317 1093 1368 hirom
1112 1317 1199 1382 liiggtt
1218 1315 1342 1382 peesttje
1370 1317 1447 1370 elve-

529 1408 621 1471 szett;
652 1406 773 1457 abudai
795 1405 849 1456 kir.
877 1406 1008 1458 kamerei
1028 1405 1225 1469 leveltetrban.)

742 1692 1010 1704 ...ι-*-

838 2227 912 2298 414.

312 2431 343 2494 A
360 2428 466 2516 Hoy-s'
480 2427 698 2514 triptolomeus
713 2426 985 2515 bizoopscipleoele,
1009 2433 1091 2516 liopy
1106 2425 1213 2496 Aelsee'
1227 2431 1332 2498 Jonas
1348 2429 1445 2496 Bod-

408 2538 515 2602 holmo
530 2537 690 2622 helysegst
708 2537 811 2603 studea
827 2539 904 2603 Katre
920 2536 1030 2604 Istocin
1046 2537 1211 2605 eumenes.
1235 2539 1337 2602 1290.

569 2735 599 2800 A
760 2733 787 2798 B
949 2734 974 2800 O
1134 2735 1165 2800 D

416 2843 484 2910 Nos
499 2841 655 2926 Magister
680 2841 801 2926 Symou
825 2842 1014 2926 Prepesitus
1044 2845 1077 2908 et
1108 2839 1292 2925 Capitulum
1324 2839 1444 2909 Sancti

308 2951 479 3036 Laureueij
498 2951 539 3018 de
554 2951 630 3036 Hoy
645 2949 799 3016 memorie
823 2948 1089 3016 oommeudantes
1114 2948 1335 3033 significamus
1366 2950 1444 3018 vui·

307 3061 421 3144 uersis,
437 3058 554 3143 quitus
562 3063 729 3144 presentes
739 3063 936 3141 erucesount,
954 3057 1093 3125 salutem
1110 3055 1145 3122 in
1161 3056 1300 3123 Domino
1317 3059 1447 3143 sempi-

307 3173 443 3235 ternam.
482 3166 587 3246 Quum
604 3164 713 3232 labilis
728 3166 882 3234 memoria
897 3165 996 3234 faeile
1010 3165 1135 3252 sopitur
1160 3165 1332 3234 oblioiouis
1358 3167 1445 3232 oali-

306 3277 404 3360 giue;
443 3274 541 3343 oertis
568 3281 618 3340 est
649 3271 829 3356 sigillorum
861 3280 1046 3341 nostrorum
1078 3270 1212 3356 iudioijs
1244 3271 1442 3342 recordacio

305 3390 466 3468 gestorum
484 3380 668 3450 excitanda.
703 3379 813 3458 Quare
828 3383 1020 3449 aecedentes
1052 3381 1095 3448 ad
1125 3388 1269 3449 nostram
1301 3399 1445 3465 presen-

304 3493 386 3558 eiem
403 3489 616 3575 personaliter
632 3489 756 3556 seilicet
770 3489 938 3558 lohannes
964 3489 1050 3556 lilius
1075 3487 1182 3553 Balak
1198 3487 1240 3554 de
1267 3488 1360 3554 tha
1395 3489 1444 3556 de

303 3599 466 3668 comitutu
481 3598 522 3665 de
538 3595 670 3682 Budrug
687 3598 730 3664 ab
746 3617 813 3664 una
828 3606 940 3683 perte3
966 3607 998 3664 et
1015 3603 1083 3664 tota
1098 3595 1275 3681 generacio
1302 3613 1365 3662 sua
1395 3595 1446 3664 do

301 3707 428 3792 eedem,
453 3705 603 3774 videlieet
617 3706 784 3774 lohannes
801 3707 954 3793 Symuuis
971 3705 1067 3788 filius,
1098 3707 1216 3772 Petrus
1249 3710 1281 3770 et
1304 3703 1445 3784 >Paulus

301 3815 359 3902 filij
376 3813 488 3902 Myko,
504 3813 664 3882 Kelemen
681 3821 713 3881 et
729 3814 935 3900 Kelemenus,
968 3813 1101 3900 Mykael
1118 3813 1161 3880 ab
1178 3811 1281 3879 altera
1297 3813 1444 3902 pariter,
1463 3821 1467 3826 '

302 3931 336 3992 et
350 3923 536 4010 Stephanus
552 3924 649 3991 Kuuu
665 3922 770 3990 dietus
795 3923 915 3990 uieiuis
942 3928 975 3989 et
999 3919 1224 3988 eommitaueis
1256 3918 1447 3988 eorundem

300 4031 342 4101 de
357 4033 472 4116 Margo
487 4029 527 4100 de
542 4031 656 4098 eodem
673 4029 761 4118 (igy)
780 4028 943 4098 Comitatu
960 4027 1177 4115 personaliter
1202 4047 1260 4114 pro
1290 4046 1327 4096 se
1360 4027 1447 4114 ipso

299 4143 380 4210 solo.
404 4139 468 4218 Qui
482 4139 581 4226 ydem
596 4135 763 4206 Johauues
778 4139 865 4206 filins
882 4137 990 4206 Bolak
1008 4136 1192 4204 antedictus
1221 4133 1315 4219 dixit,
1344 4137 1447 4217 quod

299 4247 466 4336 quandam
481 4253 600 4316 terrem
616 4267 710 4315 suem
727 4246 914 4334 emptitiam
930 4244 1112 4314 Budlrohra
1137 4249 1300 4325 noestam,
1333 4242 1444 4311 sitam

298 4361 333 4426 iu
350 4357 513 4425 Oomitatu
529 4355 570 4424 de
584 4356 727 4440 Budrug,
758 4356 919 4424 iseeutem
935 4355 1021 4422 inter
1036 4353 1149 4437 Murgo
1166 4357 1198 4418 et
1229 4349 1332 4436 tho,
1358 4371 1445 4436 pro-

298 4473 369 4551 pter
385 4465 618 4534 necessitatem
634 4467 837 4552 paupertatis
853 4485 912 4533 sne
937 4463 1074 4532 haberet
1099 4461 1320 4528 intensionem
1353 4481 1445 4530 uen-

297 4574 406 4662 dendi,
438 4559 628 4661 atouesluit
652 4573 822 4642 uniuersas
854 4571 1071 4660 ooguaeioues
1102 4589 1179 4638 suas
1211 4565 1368 4638 videlieet
1401 4579 1445 4637 et
