3096 5160
744 349 905 452 ..ᾗ-18*

260 543 336 610 ideo
352 544 451 631 digne
467 545 586 630 prodit,
619 551 654 611 ut
675 546 843 631 coqueio
861 551 1008 630 tempore
1024 557 1193 636 geruntur,
1226 570 1268 616 ne
1293 549 1392 617 simul

261 674 333 720 oum
352 652 514 718 dilabenti
529 659 674 737 tempore
689 649 887 740 dilabantur,
918 652 961 720 ad
977 654 1131 722 maiorem
1148 657 1310 724 cautelam
1336 657 1391 723 lit·

262 768 403 830 terarum
420 759 597 844 patrocinio
614 769 852 828 consueuerunt
866 763 1055 846 premuniti.
1095 763 1234 831 Proinde
1251 764 1295 830 ad
1321 767 1390 833 uni-

263 887 429 938 uersorum
467 867 623 934 noticiam
655 876 766 936 tenore
796 872 996 955 presencium
1028 872 1176 941 volumus
1207 873 1388 958 peruenire,

261 976 348 1064 quod
364 975 558 1042 accedentes
573 976 617 1042 ad
634 982 778 1045 nostram
796 979 998 1064 presenciam
1016 981 1237 1065 personaliter
1248 981 1388 1065 Stepha-

262 1105 324 1152 nus
341 1083 456 1152 Comes
474 1083 570 1150 Kuun
588 1082 692 1152 dictus
709 1085 751 1151 de
766 1087 879 1171 Margo
896 1086 937 1153 de
953 1085 1114 1155 Comitatu
1131 1089 1172 1156 dc
1187 1087 1320 1174 Budmg
1345 1089 1391 1156 ab

263 1215 327 1262 una
343 1199 455 1278 parte3
470 1191 583 1258 Petrus
599 1191 684 1259 lilius
701 1193 800 1260 Kemc
816 1193 857 1260 dc
874 1195 963 1262 Gara
978 1195 1020 1262 de
1035 1194 1150 1263 ecdem
1168 1196 1327 1264 Comitatu
1345 1196 1391 1262 ab

265 1305 378 1371 altera.
404 1299 466 1377 Qui
483 1297 580 1385 ydem
597 1298 783 1383 Stephanus
801 1301 916 1370 Comes
941 1301 1039 1370 Kuun
1070 1301 1174 1371 dictus
1205 1303 1392 1371 antedictus

263 1411 347 1480 dixit
363 1425 421 1493 per
438 1406 523 1472 buno
538 1405 667 1473 modum
685 1431 692 1471 :
710 1405 883 1490 quodcum
900 1408 998 1495 ydem
1024 1411 1138 1478 Petrus
1169 1409 1255 1478 filius
1286 1411 1392 1477 Keme

262 1521 304 1586 de
320 1519 411 1584 Gara
429 1515 590 1600 predictus
607 1516 799 1584 seruiuisset
815 1535 896 1601 erga
912 1536 985 1583 eum
1013 1518 1151 1586 fideliter
1182 1539 1203 1586 a
1232 1519 1390 1605 puericia,

263 1631 412 1714 respectu
429 1623 551 1691 honore
567 1623 748 1690 nobilitatis
763 1643 831 1710 sue,
856 1643 998 1692 sororem
1015 1645 1108 1693 suam
1124 1625 1287 1692 dominam
1304 1626 1392 1692 blar-

264 1743 411 1823 garctam
421 1731 525 1798 eidem
538 1731 571 1797 in
582 1731 822 1799 matrimonium
833 1731 1040 1820 tradidisset;
1057 1733 1157 1817 igitur
1167 1741 1287 1800 terram
1297 1751 1392 1798 ruam

263 1842 445 1912 Budluolma
461 1847 622 1918 uocatam,
639 1839 735 1906 sitam
751 1839 785 1904 in
802 1839 961 1908 comitatu
980 1840 1021 1906 de
1039 1839 1172 1924 Budrug
1187 1839 1341 1907 videlicet
1357 1847 1392 1907 et

264 1948 463 2037 empticium„
475 1947 634 2016 iacentem
650 1947 735 2016 inter
750 1947 863 2028 blurgo
881 1956 914 2014 ct
929 1947 1032 2036 Aclra,
1049 1955 1182 2035 propter
1197 1949 1314 2016 merita
1330 1949 1392 2014 Pe·

263 2061 305 2126 tri
322 2057 432 2142 generi
448 2055 497 2122 sui
514 2055 573 2140 filij
590 2055 693 2121 Korne
708 2054 878 2142 antedicti,
912 2055 1041 2122 dominc
1072 2055 1256 2138 Margarete
1287 2057 1393 2123 sorori

263 2185 322 2232 sue
337 2163 488 2232 videlicet
505 2169 536 2229 et
552 2163 693 2230 consorti
710 2162 856 2231 ciusdem
873 2163 960 2229 Petri
978 2163 1125 2248 preteeti,
1151 2183 1190 2228 ac
1206 2163 1275 2230 suis
1302 2163 1394 2230 herc·

265 2273 360 2339 dibus
376 2271 597 2356 heredumque
613 2271 854 2338 successoribus
870 2270 961 2337 dedit
978 2279 1011 2337 et
1034 2271 1171 2339 contulit
1186 2290 1258 2338 cum
1290 2271 1394 2338 omni·

264 2383 324 2450 bus
339 2379 560 2448 hutilitatibue
576 2379 644 2447 suis
661 2387 693 2444 ct
710 2377 919 2464 pertinencijs
944 2377 1209 2447 inreuocabiliter
1233 2386 1393 2465 perpetuo

262 2485 501 2576 possidendam.
525 2485 618 2554 Dixit
634 2487 735 2554 eciam
752 2485 838 2554 idem
855 2487 1041 2572 Stephanus
1057 2488 1154 2554 Kuun
1180 2487 1290 2554 dietus
1320 2507 1393 2570 pre-

262 2597 349 2664 latus
366 2616 474 2663 coram
490 2595 584 2662 nobie
601 2595 677 2662 viua
694 2615 773 2663 uoce
784 2601 1021 2680 etprotestatus
1035 2597 1152 2662 esttall
1165 2596 1268 2662 forma
1279 2619 1287 2660 :
1299 2594 1393 2678 quod

264 2704 444 2790 predictam
461 2713 577 2771 terram
593 2702 723 2770 omissis
747 2701 830 2791 (lgy)
857 2705 925 2771 suis
957 2703 1097 2791 proprijs
1129 2705 1235 2788 rebus,
1267 2711 1303 2769 ut
1333 2723 1396 2769 neu

262 2813 417 2880 Nicolaus
433 2810 534 2878 irater
551 2809 706 2897 eiusdem,
724 2831 784 2878 nec
800 2811 919 2896 aliquis
930 2819 1138 2896 cognatorum
1150 2811 1294 2880 eiusdem
1305 2811 1396 2876 iuua-

263 2939 336 2986 men
352 2919 600 3004 impendidisset
615 2919 649 2985 in
668 2919 764 2985 rebus
782 2918 847 2985 suis
872 2917 1040 3001 eidemin
1072 2918 1209 2986 emendo
1230 2954 1266 2964 -
1290 2955 1328 2967 —
1350 2953 1395 2965 —

262 3033 354 3094 -et
371 3028 476 3095 nullus
493 3026 612 3094 ibidem
629 3025 738 3092 extitit
755 3025 973 3093 contradictor
999 3045 1107 3092 coram
1139 3027 1233 3094 nobis
1266 3027 1300 3093 in
1332 3025 1396 3093 bac

262 3143 365 3220 parte.
390 3133 600 3202 Presentibus
616 3133 698 3201 uiris
714 3133 824 3218 probis
841 3141 873 3200 et
889 3133 1060 3219 nobilibus,
1078 3133 1231 3202 videlieet
1242 3133 1396 3201 Jobanuc

262 3243 327 3309 filio
343 3243 415 3309 Mos
431 3242 472 3308 de
488 3241 603 3326 illisis,
630 3239 757 3306 Sandro
773 3247 805 3308 et
820 3239 975 3328 Mykaele
993 3237 1034 3308 de
1050 3239 1204 3326 Kayand,
1235 3239 1397 3308 Kelemen

263 3357 295 3416 et
310 3349 503 3417 Kelemenes
521 3347 563 3416 de
580 3348 682 3433 Acba,
707 3347 803 3415 Petro
820 3357 852 3414 ct
867 3347 971 3416 Paulo
988 3348 1064 3433 filijs
1080 3347 1171 3414 Milo
1197 3348 1237 3415 de
1268 3350 1396 3416 eadem.

262 3459 299 3524 In
317 3458 409 3524 cuius
425 3458 472 3524 rei
489 3455 676 3524 memoriam
703 3463 872 3542 presentes
904 3455 1122 3524 concessimus
1153 3456 1256 3540 sigilli
1289 3456 1397 3524 nostri

262 3565 417 3632 autentici
434 3565 610 3632 munimine
626 3565 806 3648 roboratas,
838 3585 925 3632 anno
942 3563 1073 3632 Domini
1100 3563 1223 3632 bI⁰CO⁰
1251 3583 1398 3650 nonage-

262 3673 345 3738 simo
363 3673 476 3758 primo.
515 3672 674 3759 Dyonisio
700 3671 851 3760 Custode,
883 3671 1034 3740 Johannc
1060 3673 1209 3762 Decano,
1234 3673 1400 3756 Magistro

260 3781 393 3848 Jaeinto
411 3779 557 3847 Piukusd
573 3780 895 3866 vicearchidiacouo,
927 3780 991 3847 lob
1008 3791 1041 3847 ct
1071 3781 1184 3848 Blasio
1215 3779 1400 3850 sacerdoti·

262 3889 332 3976 bus,
348 3895 379 3955 et
397 3888 513 3958 ceteris
527 3888 561 3954 in
577 3887 727 3957 Ecclesia
742 3887 804 3956 Dei
822 3888 959 3956 fideliter
974 3887 1218 3957 famulantibus.

263 4087 600 4153 (Eredetiebdrhalrtyalu,
620 4087 771 4154 edrgalrek
793 4087 1030 4152 selyemzsiubron
1062 4087 1148 4153 ruggo'
1177 4087 1274 4152 pcoset
1306 4091 1400 4156 alatt;

422 4194 439 4228 a
458 4178 566 4229 idme'lt.
586 4179 705 4244 lrerczeg
723 4177 895 4243 Eszterlrdzy
915 4179 1008 4230 cealdd
1021 4178 1236 4244 leveltarribau.)

701 4459 898 4476 -ι---------Η
963 4457 965 4462 ·
