3148 5146
803 261 963 372 geo„-

322 489 432 543 sornm
447 467 491 538 ad
506 489 623 538 manus
637 473 768 537 nostras
791 468 913 553 Regias
944 462 1117 533 deuolutus
1147 459 1270 530 eisdem
1299 453 1378 545 fflije
1408 451 1450 526 de

322 599 408 650 nouo
424 585 457 647 et
473 577 581 647 denuo
596 575 798 664 eontulisset,
829 574 993 662 ijdemque
1007 571 1066 657 filij
1083 568 1233 656 Magistri
1261 565 1371 636 Jakeh
1402 567 1454 634 vsi

325 686 473 772 legitima
488 684 594 770 Regni
609 681 711 754 nostri
726 679 970 768 eonsuetudine,
1004 679 1175 747 uniuersas
1191 676 1361 763 porciones
1377 691 1448 762 pos

325 795 539 864 sessionarias
570 793 715 862 eiusdem
745 789 916 877 Stephani,
959 789 1042 856 ‹luss
1074 785 1186 871 Kelsd,
1234 782 1451 869 Dentheleke,

325 903 471 990 Wytalu,
489 899 591 986 Edde,
624 899 718 986 Sard,
748 899 845 966 hiaeh
860 905 894 966 et
910 935 952 946 -
968 937 1012 950 ·-
1027 895 1073 984 yh
1088 900 1222 962 voeatas
1254 893 1319 961 stb.
1351 890 1451 958 statui

327 1009 438 1080 taoere
453 1008 518 1078 sibi
534 1007 717 1077 uoluissent
732 1006 794 1074 stb.
818 1006 934 1072 Petrus
967 1003 1008 1071 de
1037 1003 1134 1090 Byue,
1164 1001 1293 1068 nobiles
1325 997 1453 1065 domine

329 1118 441 1184 reliete
456 1115 619 1186 lobannis
634 1115 711 1183 dieti
727 1115 823 1201 Olah,
849 1121 882 1181 et
897 1114 984 1180 Petri
999 1111 1059 1196 filij
1076 1109 1211 1196 Thomu,
1236 1128 1276 1175 ao
1292 1107 1451 1193 Stephani

328 1223 407 1292 dieti
422 1224 548 1292 hlesser
564 1220 834 1290 contradixissent
849 1220 910 1288 stb.
926 1220 958 1304 (s
974 1238 1013 1284 au
1029 1217 1126 1284 iunen
1137 1211 1309 1302 eredtper)
1328 1212 1372 1281 ad
1382 1233 1452 1299 pre·

327 1338 439 1401 sentos
456 1335 591 1399 ootauas
606 1329 681 1398 festi
696 1327 965 1416 prphaniarum
981 1322 1111 1392 Domini
1121 1326 1182 1390 stb
1200 1321 1449 1407 (tirgyaltatott,

328 1439 416 1524 moly
433 1433 658 1524 athalommal)
675 1437 743 1502 Nos
758 1453 897 1501 vnaoum
911 1431 1059 1514 Prelatis,
1074 1429 1257 1497 Batonibus
1270 1435 1301 1494 et
1312 1427 1456 1494 Prooeri-

331 1547 394 1613 bus
410 1544 515 1629 Regni
531 1543 635 1612 nostri
651 1561 748 1628 snper
762 1543 929 1626 premissis
945 1541 1030 1608 inter
1044 1536 1207 1624 predictas
1223 1542 1333 1620 partes
1345 1553 1456 1602 seeun-

334 1651 411 1718 dum
427 1650 532 1736 Regni
547 1650 648 1718 nostri
665 1647 932 1716 consuetudinem
948 1645 1163 1732 approbatam
1189 1643 1354 1710 instieiam
1379 1661 1456 1726 pan·

330 1756 408 1824 dere
424 1759 632 1842 cepissemus,
664 1776 739 1822 mos
757 1753 922 1823 Johauues
939 1753 1027 1820 tilius
1042 1749 1172 1818 Nieolai
1187 1749 1247 1834 filij
1280 1748 1397 1833 Trepk
1427 1749 1458 1812 iu

332 1883 405 1952 sua,
437 1883 477 1932 ao
492 1864 603 1949 'Preplr
619 1863 730 1932 fratris
745 1863 796 1940 sui
811 1861 940 1948 uterini,
973 1879 1034 1926 nee
1049 1878 1115 1924 non
1131 1857 1225 1924 Pauli
1252 1856 1307 1939 filij
1337 1853 1458 1946 Mathai

332 1971 391 2056 filij
409 1971 498 2038 Petri
513 1971 570 2056 tilij
588 1971 732 2039 eiusdem
748 1969 856 2055 'Propk
873 1971 958 2052 stb.;
982 1969 1060 2037 itam
1077 1964 1243 2053 prodiotns
1268 1963 1456 2049 Stephanus

331 2077 419 2144 tilius
434 2077 595 2145 lobannis
609 2077 666 2167 filij
685 2077 843 2163 Stephani
873 2076 931 2161 filij
964 2073 1099 2142 antefati
1129 2071 1250 2158 Treph,
1272 2071 1308 2138 in
1342 2072 1461 2137 Nostra

334 2183 547 2252 Celsitudinis
563 2190 757 2270 exurgentes
772 2182 986 2266 Proseneiam,
1003 2182 1122 2248 Nostro
1133 2180 1295 2247 Maiestati
1306 2187 1462 2246 eurarnnt

332 2287 525 2376 significare,
541 2289 630 2374 qnod
646 2293 708 2359 stb.
723 2311 758 2358 se
774 2291 956 2358 immiscere
971 2291 1151 2356 niterentur
1161 2306 1259 2354 eausa
1268 2291 1462 2372 prenotate;
1563 2343 1564 2390 ἦ

337 2417 412 2465 nam
428 2396 517 2466 dieta
531 2399 693 2484 possessio
708 2397 962 2484 Relseukulked,
976 2397 1010 2464 in
1025 2417 1091 2480 qua
1116 2395 1257 2463 oeolesia
1275 2395 1308 2461 in
1334 2395 1464 2462 honore
1563 2393 1564 2408 ¹

334 2504 430 2570 Beati
445 2504 575 2573 Andros
589 2505 738 2593 Apostoli
755 2512 841 2574 esset
856 2511 1051 2591 oonstruetu,
1081 2503 1217 2589 prefatis
1233 2501 1371 2569 condam
1389 2501 1461 2570 Ste-

333 2613 444 2697 phano
459 2619 493 2680 et
508 2611 575 2680 tilio
591 2612 671 2698 eius,
688 2633 751 2682 neo
764 2631 830 2678 non
845 2611 1000 2696 predictis
1018 2608 1309 2676 contradietorihus
1327 2607 1360 2675 iu
1371 2609 1465 2675 nullo

336 2717 512 2804 pertineret
528 2740 589 2787 neo
604 2720 736 2789 deberet
751 2721 924 2808 pertinere,
955 2720 1015 2788 sed
1031 2719 1079 2786 eis
1095 2725 1129 2784 et
1154 2738 1265 2786 eorum
1291 2716 1465 2802 predones·

335 2825 467 2894 sonibus
483 2825 705 2912 rigorosornm
721 2846 762 2894 ae
777 2827 1030 2896 firmissimorum
1055 2826 1340 2892 instrumentorum
1371 2827 1466 2893 roho-

337 2933 427 3002 ribus
441 2940 619 3021 semperet
634 2935 676 3002 ab
691 2935 825 3020 antiquo
842 2935 1051 3020 pertinuisset
1066 2940 1099 3000 et
1114 2953 1199 3001 nune
1224 2932 1360 3000 deberet
1392 2952 1466 3020 per·

337 3042 451 3107 tinere.
477 3039 541 3108 Vbi
556 3041 590 3107 iu
606 3040 741 3112 instanti
758 3041 897 3126 quedam
928 3041 992 3108 duo
1023 3041 1196 3126 priuilegia
1227 3060 1325 3106 vnum
1357 3039 1468 3108 inoliti

337 3145 498 3232 Prinoipis
513 3145 635 3216 domiui
650 3145 801 3216 Ladislai
816 3147 918 3232 Regis
935 3145 1071 3235 prodioti
1086 3148 1192 3231 Regni
1208 3147 1379 3231 Hungarie
1389 3167 1468 3233 pro·

333 3253 403 3325 taui
417 3255 531 3339 nostri,
542 3261 575 3326 et
590 3255 680 3326 alind
694 3256 827 3326 Andreo
836 3257 935 3341 Regis
946 3240 1009 3324 stb.
1019 3258 1138 3324 Nostro
1149 3253 1358 3323 Gelsitudiuis
1371 3255 1469 3322 obtu-

334 3363 382 3431 tui
398 3361 576 3448 produoere
592 3371 784 3448 satagerunt
798 3365 860 3433 stb.
890 3363 1014 3442 Quarta
1036 3363 1198 3448 siquidem
1216 3363 1342 3430 seilicet
1358 3363 1469 3447 ipsius
1561 3367 1562 3436 Ξ

338 3469 526 3538 Gonuentus
541 3471 759 3558 symigiensis
775 3469 857 3539 teria
887 3471 1031 3540 seeundo
1062 3473 1209 3558 proxima
1238 3479 1313 3557 post
1343 3470 1469 3539 festum

336 3575 431 3644 Beati
446 3577 554 3664 llgidij
571 3578 708 3648 Abbatis
725 3599 813 3647 anuo
828 3580 869 3648 ab
887 3578 1120 3648 Inoamaeioue
1151 3579 1291 3646 Domino
1322 3580 1374 3644 bt·
1406 3586 1473 3646 tre-

337 3684 512 3754 oeutesimo
528 3685 734 3770 sexagesimo
750 3686 887 3772 septimo
903 3684 1050 3754 oonteota
1082 3694 1227 3753 tenorem
1258 3686 1471 3769 quarundam

338 3791 476 3860 aliarum
491 3793 673 3862 litterarum
690 3793 835 3862 eiusdem
850 3795 1037 3864 conuentus
1067 3791 1188 3860 Μῦῦίὶο
1219 3795 1473 3879 septuagesimo
1560 3859 1561 3878 ,

337 3907 431 3968 sexto
446 3898 666 3969 oonleetarum
681 3901 723 3968 de
739 3904 836 3969 uerbo
853 3901 896 3968 ad
912 3900 1046 3968 uerbum
1062 3902 1291 3986 transcriptine
1323 3905 1359 3966 et
1391 3921 1474 3969 eon·
1560 3891 1561 3913 ¹

337 4005 499 4075 firmatine
515 4007 549 4074 in
565 4027 601 4075 se
617 4008 742 4078 habens
760 4009 1012 4078 manifestabat:
1030 4007 1115 4094 quod
1131 4009 1246 4093 'l'repk
1261 4007 1348 4074 filius
1360 4007 1474 4077 Comi·

336 4113 379 4182 tis
394 4113 557 4183 lobannis
571 4116 629 4201 filij
646 4117 725 4204 Isyp
740 4117 954 4204 personaliter
970 4118 1012 4184 ab
1023 4137 1099 4204 una,
1115 4122 1209 4201 parte
1221 4132 1297 4185 uero
1307 4116 1351 4182 ab
1361 4117 1475 4186 altera

336 4219 480 4290 Jaoobns
495 4231 527 4290 et
542 4222 662 4292 Jahow
677 4225 795 4293 tratres
810 4225 955 4294 eiusdem
971 4225 1029 4310 filij
1046 4224 1183 4292 Herrioh
1199 4223 1241 4290 de
1272 4223 1354 4290 villa
1385 4224 1475 4291 Kni-

337 4327 403 4394 ked
419 4349 529 4397 eoram
546 4333 618 4416 ipro
635 4331 805 4401 conuentu
821 4333 998 4418 constituti,
1015 4331 1180 4418 prediatus
1205 4329 1316 4416 Treplr
1349 4330 1475 4400 fuisset
1559 4341 1560 4371 ³

338 4434 504 4505 consessus
522 4461 530 4524 ;
550 4439 636 4522 qnod
651 4439 729 4523 quia
745 4438 888 4508 Jaeobus
904 4447 937 4507 et
952 4439 1071 4508 lakow
1087 4435 1245 4506 antedicti
1259 4437 1323 4504 sibi
1356 4437 1471 4505 tideli-

338 4545 388 4634 ter
403 4543 633 4630 seruiuissent;
649 4546 723 4616 ideo
739 4547 782 4616 ad
798 4545 1135 4637 reeompensaoionem
1153 4543 1297 4615 tidelium
1312 4540 1475 4616 sernioio·
