3124 5152
627 1076 702 1144 248.

118 1280 251 1346 Erzae'bet
291 1279 447 1362 kirtilyad
477 1276 595 1341 Budua
625 1277 787 1362 helyedqet,
825 1277 904 1360 rurly
937 1275 1050 1338 Miris
1083 1275 1235 1358 lrirrilprrd

118 1381 322 1471 poroacau‘bo‘l
337 1384 468 1449 Radani
488 1383 879 1469 Tivadattotjoytatacot
912 1383 1071 1466 eloe'tetctt,
1101 1379 1232 1446 Stirrclor

275 1501 393 1574 mester,
414 1491 560 1556 Tiuodot·
570 1491 693 1572 fidoolc
710 1491 793 1576 adju
808 1493 924 1557 oiaaza.
952 1491 1051 1553 1280.

213 1685 390 1772 lllyzabeth
404 1687 461 1752 Dei
479 1686 591 1770 gracia
606 1686 733 1770 Regina
753 1687 921 1770 Hungarie
938 1685 1097 1751 uniuersis
1113 1683 1229 1750 Christi

19 1861 20 1864 ,
115 1797 250 1864 fidelibus
267 1803 333 1860 tam
351 1796 557 1878 presentibus
591 1815 688 1878 quam
722 1793 839 1861 futuris
870 1795 1007 1859 salutem
1028 1793 1060 1858 in
1093 1792 1231 1859 Domino

19 1887 21 1972 l
116 1905 345 1988 sempiternam.
378 1901 504 1968 Justum
535 1908 632 1969 estet
663 1909 913 1970 consentaneum
946 1901 1092 1985 equitati,
1109 1905 1143 1965 ut
1161 1901 1232 1966 iura
1310 1959 1319 1970 .

19 2029 20 2082 t
116 2012 336 2094 subiectorum,
353 2029 416 2092 que
447 2011 576 2076 fuerant
606 2011 690 2075 mole
721 2009 870 2095 potencie
901 2011 954 2075 nel
984 2009 1231 2094 suggereneiunr

19 2101 20 2112 ¹
116 2119 239 2185 malicia
256 2125 424 2204 occupata,
445 2117 581 2183 ueritate
601 2117 728 2200 cognita
744 2115 862 2184 cedant
879 2117 987 2184 omnia
1003 2116 1132 2184 veritati
1148 2115 1229 2182 iuris

116 2225 239 2310 pristino
255 2231 450 2290 restaurato.
468 2225 608 2290 Proinde
625 2225 665 2290 ad
687 2224 908 2291 uniuersorum
932 2225 1084 2290 noticiam
1116 2225 1230 2289 barum

19 2383 20 2392 ,
114 2333 189 2397 serie
220 2333 366 2398 volumus
392 2333 571 2417 peruenire,
586 2331 674 2414 quod
695 2332 856 2399 accedens
871 2333 913 2398 ad
935 2341 1076 2398 nostram
1100 2352 1228 2417 presen-

114 2439 187 2506 ciam
203 2439 357 2522 Magister
374 2437 561 2504 Alexander
578 2439 661 2505 filius
692 2437 831 2506 'Peodori
848 2439 888 2506 de
920 2441 1034 2505 Babun
1054 2441 1094 2506 rlo
1126 2437 1227 2504 Comi·

113 2554 174 2613 tatu
195 2547 401 2634 symigiensi,
433 2547 525 2613 nobis
557 2547 721 2613 humiliter
757 2549 938 2633 suplicanlt,
970 2553 1004 2614 ut
1024 2546 1227 2616 medietatem

19 2731 21 2736 ι
113 2662 186 2721 terre
214 2673 271 2720 sue
302 2655 416 2720 Babun
445 2652 641 2720 hereditarie
657 2655 699 2720 ad
725 2656 788 2722 tria
819 2661 940 2742 aratra,
971 2674 1068 2738 quam
1100 2653 1232 2721 domina

19 2755 20 2816 l
113 2761 205 2827 llaria
233 2761 372 2846 Regina,
404 2759 567 2843 quondam
600 2780 735 2828 consors
767 2761 872 2828 incliti
904 2761 1003 2846 Regis
1035 2762 1113 2828 Belo
1144 2763 1229 2826 clare

19 2945 21 2960 γ
113 2871 261 2954 memorio,
276 2867 502 2956 potencialiter
517 2869 680 2936 obtulerat
696 2889 717 2935 a
732 2867 879 2936 Teodoro
900 2875 995 2953 patre
1011 2889 1079 2952 sno,
1097 2875 1128 2933 ot
1154 2885 1228 2932 con-

112 2973 316 3043 dicionalibns
348 2973 572 3061 Reginalibus,
606 2977 673 3042 vini
708 2977 835 3044 scilicet
870 2975 1036 3043 datoribus
1069 2975 1111 3042 ad
1134 2995 1226 3041 usum

111 3085 274 3151 eorundem
291 3085 416 3151 facerat
431 3085 605 3168 assignari,
624 3083 686 3151 sibi
702 3085 828 3151 restitui
859 3083 1059 3168 benignitate
1076 3091 1108 3149 et
1139 3103 1227 3148 man-

19 3243 20 3250 ,
111 3192 270 3258 suetudine
302 3191 415 3256 debita
447 3190 635 3258 laceremus.
667 3192 734 3258 Nos
764 3192 875 3274 itaque
905 3190 1052 3256 nolentes
1073 3211 1113 3256 ex
1132 3189 1228 3258 ostioli

19 3283 20 3368 J
111 3299 199 3364 nostri
216 3299 323 3366 debito
341 3297 524 3381 aliquorum
543 3298 616 3365 iura
637 3301 689 3366 rel
721 3299 885 3367 iusticiam
918 3318 1124 3384 pergrauare,
1155 3319 1226 3364 cum

19 3403 20 3490 ξ
111 3412 263 3473 teneamur
294 3408 440 3490 singulos
473 3426 513 3471 ex
545 3405 681 3491 fastigio
714 3408 859 3492 suseepti
889 3405 1056 3490 regiminis
1090 3407 1124 3471 in
1166 3425 1226 3472 sua

19 3503 21 3562 ἵ
111 3500 225 3579 imtioia
243 3533 447 3598 conseruare,
469 3534 512 3580 ne
529 3515 600 3580 iura
618 3515 833 3596 quorumlibet
864 3513 1005 3580 indebite
1037 3513 1228 3598 occupando

111 3617 175 3684 inde
207 3629 393 3687 nasceretur
426 3621 562 3704 iniuria;
580 3622 662 3689 vnde
684 3622 797 3690 debuit
823 3644 880 3708 per
897 3621 1059 3706 legitimos
1075 3622 1223 3688 tramites

115 3729 357 3814 presumpcionis
374 3729 515 3795 audacia
532 3728 674 3796 cobiberi
690 3782 699 3816 ,
717 3730 897 3796 deliberato
913 3730 1049 3796 oonsilio
1080 3728 1225 3794 fidelium

112 3831 254 3900 Barounm
271 3845 466 3920 nostrorum,
478 3837 520 3901 ad
535 3837 729 3905 instanciam
746 3837 849 3904 eciam
867 3837 989 3903 domini
1008 3836 1109 3903 nostri
1125 3837 1223 3920 Regis

110 3936 240 4027 illustris,
259 3944 417 4010 consortis
453 3945 552 4014 nostri
585 3944 761 4029 karissimi,
795 3946 880 4012 cirea
911 3945 1177 4011 reformaoionem
1195 3949 1226 4010 et
1337 4033 1338 4036 Ἴ

111 4045 330 4116 restitucionem
363 4047 548 4117 medietatis
580 4051 682 4136 ipsius
698 4057 782 4117 terre
811 4051 923 4118 Babnn
940 4050 1089 4120 fidelibus
1105 4051 1223 4118 nostris

109 4153 240 4238 Capitulo
258 4157 404 4244 Albensi,
421 4177 479 4224 nec
496 4178 561 4224 non
578 4158 750 4225 Nobilibus
767 4157 807 4224 de
834 4157 992 4226 comitam
1024 4159 1221 4245 symigiensi
1327 4178 1328 4181 ’

19 4259 21 4300 ³
107 4267 132 4324 et
157 4262 315 4350 Tolnensi,
361 4267 593 4332 commetaneis
637 4276 669 4333 et
710 4267 1036 4354 comprouimoialibus
1078 4268 1222 4334 ciusdem

106 4376 185 4459 terre,
201 4376 259 4442 sub
274 4373 436 4440 fidelitate
453 4381 486 4440 et
501 4373 566 4440 fido
582 4372 708 4441 Corone
724 4375 834 4440 debita
845 4375 991 4441 dedimus
1004 4374 1035 4438 in
1047 4375 1223 4444 mandatio

106 4484 133 4540 ut
162 4501 284 4548 omnem
316 4480 358 4546 de
390 4478 462 4565 ipso
494 4481 627 4564 negocio
660 4483 937 4567 perscrutabiliter
977 4481 1163 4565 inquisitam
1189 4491 1222 4548 et

103 4585 204 4652 scitam
218 4587 313 4654 nobis
331 4587 591 4655 transsciberent
606 4588 786 4656 veritatem.
804 4587 865 4666 Qui
882 4590 1013 4673 quidem
1035 4589 1220 4675 Capitulum

100 4689 224 4762 Albense
240 4696 333 4761 nobis
344 4697 376 4764 in
393 4697 460 4762 suis
478 4695 597 4763 litteris
614 4696 851 4782 rescripserunt
872 4695 904 4762 in
916 4697 976 4764 bec
989 4697 1112 4764 uerba:
