3170 5166
855 1133 932 1206 blo.

330 1329 362 1402 Α
394 1337 579 1404 Ιοοτθεεῦωθῖσ
614 1331 880 1424 ετθωψὴένυάνί
916 1333 1144 1418 Ῑιοπυοπϋέπά
1173 1327 1460 1417 bdaonysdyltvele,

330 1445 413 1534 doqy
427 1441 572 1532 Glyoaas
586 1465 686 1511 eomes
691 1443 864 1532 fedis-adri
871 1443 996 1532 polede·
1011 1437 1199 1528 Lyale‘dbaa
1212 1437 1284 1508 beo
1305 1437 1457 1525 fotdda

319 1551 323 1558 ’
480 1553 715 1642 eledloyosttott
735 1551 837 1642 Uyale'
852 1551 979 1626 Ionaion
995 1549 1166 1618 commutis.
1187 1547 1288 1616 1299.

437 1749 505 1817 Nos
534 1747 720 1820 Gonnentus
751 1749 876 1818 Domus
905 1744 1089 1833 Hospitalis
1104 1744 1147 1813 de
1165 1743 1252 1812 Alba
1266 1741 1385 1812 damus
1400 1762 1458 1830 pro

330 1854 495 1946 momoria,
512 1853 599 1941 qnod
615 1855 730 1925 Oomes
749 1857 898 1946 Glyanns
922 1853 1004 1926 einis
1035 1852 1189 1922 Albensis
1219 1871 1331 1921 eoram
1362 1849 1459 1920 nobis

323 1963 546 2050 personaliter
575 1963 749 2034 oontitntna
788 1961 953 2050 quendam
993 1959 1112 2032 siluam
1152 1979 1244 2028 suam
1275 1957 1311 2026 in
1340 1955 1460 2045 Lynlla

329 2071 522 2140 existentem
539 2091 560 2139 a
575 2069 740 2158 Stephano
769 2071 840 2140 lilio
870 2067 1030 2158 Dedalns,
1061 2068 1181 2158 preoio,
1197 2074 1235 2136 nl
1264 2065 1360 2152 dixit,
1392 2064 1458 2134 sibl

329 2185 556 2268 comparatam,
585 2179 683 2250 simul
711 2199 783 2248 eum
813 2185 904 2248 lema
932 2197 993 2248 sex
1022 2175 1170 2263 iugerum
1201 2175 1293 2274 iuxta
1317 2173 1458 2244 eandem

327 2285 446 2354 siluam
460 2307 481 2354 a
497 2293 592 2374 parte
606 2287 756 2356 orientali
773 2295 805 2356 et
821 2285 1030 2356 meridionali
1045 2282 1219 2371 adiaoentl,
1233 2289 1268 2352 et
1297 2289 1455 2368 quatuor·

329 2391 434 2460 deoim
463 2393 580 2478 iugera
610 2399 695 2464 terre
725 2401 837 2462 nonna
852 2393 1002 2462 intuitum
1028 2391 1143 2461 domus
1158 2411 1227 2472 sue,
1240 2409 1340 2475 quam
1356 2389 1457 2460 babet

329 2499 363 2568 iu
388 2499 507 2588 Lynlia
531 2519 553 2568 a
581 2507 677 2588 parte
710 2501 914 2572 meridionali
952 2499 1174 2589 adiuoenoia;
1206 2499 1285 2568 item
1317 2505 1459 2585 quatuor

280 2594 282 2600 ’
330 2609 443 2694 iugera
458 2614 564 2678 terreo
578 2609 672 2677 iuxta
686 2615 813 2695 pratum
845 2627 1011 2696 magnum,
1027 2605 1141 2677 stalla
1171 2609 1312 2693 quatuor
1341 2605 1458 2692 iugera

330 2719 461 2786 aLnlra
477 2715 520 2786 de
534 2715 663 2804 Lynlia‚
680 2725 716 2786 ut
731 2717 824 2806 dixit,
839 2721 1038 2804 comparata,
1069 2713 1155 2782 inira
1184 2713 1317 2783 vineam
1347 2711 1460 2782 Duum

329 2825 394 2894 uioi
411 2825 469 2912 dlij
486 2827 642 2895 Kelemon
658 2824 750 2894 iuxta
765 2825 854 2894 uiam
872 2823 1070 2910 existenoia3
1094 2823 1240 2892 sonetum
1256 2823 1302 2892 ad
1318 2827 1460 2910 quatuor

331 2933 488 3004 laloastra
518 2933 682 3005 sufficiens
698 2953 719 3001 a
734 2933 833 3003 Petro
863 2932 932 3002 fillo
969 2927 1109 3010 Andros,
1125 2938 1160 3000 et
1189 2929 1282 2999 aliud
1313 2929 1461 2999 lenetum

328 3040 464 3110 Luknolr
493 3047 642 3110 nooatnm
673 3041 824 3112 similiter
852 3039 897 3109 ed
927 3045 1065 3128 quatuor
1094 3039 1252 3110 faloastra
1281 3059 1304 3107 a
1328 3037 1456 3107 Oomde

330 3147 444 3217 Henoh
460 3149 622 3234 qnondam
637 3147 707 3218 uiue
722 3147 860 3218 Albensi
874 3149 997 3238 predio,
1023 3145 1109 3217 siout
1139 3145 1260 3234 retulit,
1291 3167 1461 3234 eompara-

330 3262 417 3343 tnm;
441 3277 482 3326 ae
490 3259 667 3329 sessionem
679 3277 772 3327 snam
788 3278 860 3327 eum
876 3256 1025 3327 domibus
1039 3255 1074 3324 iu
1089 3254 1204 3324 eadem
1220 3253 1459 3340 existentibus3

329 3381 389 3431 nee
426 3383 491 3433 non
522 3371 555 3434 et
584 3363 748 3452 quandem
778 3365 908 3435 vineam
938 3383 1032 3434 snam
1062 3363 1259 3452 Nogrenleuu
1289 3368 1456 3448 noestam,

328 3471 496 3540 eonfossus
534 3479 584 3542 est
621 3471 739 3542 domiti
786 3471 908 3542 Ioanne
946 3471 988 3540 de
1025 3469 1113 3556 Vgal
1152 3490 1173 3538 a
1217 3472 1303 3540 festo
1344 3469 1459 3538 Sanoli

330 3576 463 3665 Georglj
494 3597 580 3648 nuno
616 3587 692 3668 post
728 3579 808 3650 data
845 3579 1051 3666 presenoium
1088 3575 1237 3664 proxima
1273 3583 1458 3666 venturum,

332 3705 433 3771 usque
474 3683 518 3752 ad
559 3687 800 3756 renoluolonem
832 3686 976 3756 eiusdem
1006 3685 1082 3754 festi
1123 3705 1182 3772 pro
1213 3686 1463 3771 quatuordeeim

329 3793 448 3862 mareis
477 3795 596 3878 partim
626 3795 662 3862 in
692 3795 847 3882 denarijs,
878 3795 998 3881 partim
1014 3793 1049 3861 in
1064 3792 1231 3879 eondigna
1245 3791 1460 3862 estimaelone

330 3901 373 3968 ab
388 3899 502 3967 eodem
533 3901 671 3986 reoeptls
701 3903 839 3991 pignore
869 3901 1036 3987 obligasse
1065 3907 1162 3990 paolo
1193 3899 1255 3968 tali
1285 3901 1361 3968 sino
1378 3922 1465 3988 pena

329 4007 521 4094 interposita
537 4033 546 4076 s
562 4009 650 4094 quod
678 4008 707 4078 si
738 4010 774 4078 ln
804 4008 953 4098 prediola
993 4007 1200 4078 reuoluoione
1238 4005 1318 4075 festi
1348 4009 1465 4077 Saneti

330 4114 463 4205 Georgij
495 4115 567 4204 ipse
597 4116 712 4186 Comes
745 4118 893 4206 Glynnns
924 4113 1082 4187 redimere
1098 4137 1165 4185 non
1180 4121 1312 4184 amaret
1327 4117 1384 4184 uel
1399 4137 1466 4185 non

204 4247 205 4250 ¹
329 4229 438 4308 posset
454 4222 549 4291 modo
564 4223 755 4310 prebebit03
780 4223 913 4313 duplum
929 4227 1074 4312 ipsarum
1100 4221 1347 4310 quatuordeeim
1380 4245 1466 4294 usur·

329 4349 442 4398 earnm
472 4330 652 4402 inonrreret
682 4353 721 4402 eo
737 4331 833 4401 laeto.
850 4331 893 4400 So
918 4333 1149 4402 niobilominos
1164 4329 1362 4420 obligando,
1379 4333 1467 4420 quod

331 4435 437 4507 medio
453 4445 606 4530 tempure,
636 4439 791 4526 quandlu
822 4441 982 4509 redimere
1012 4449 1133 4530 posset,
1166 4442 1272 4531 ipsum
1306 4441 1466 4513 (tomitem

332 4546 472 4614 Iwanlra
501 4567 600 4636 super
630 4547 799 4635 premissis
813 4548 881 4618 anis
905 4547 1238 4636 impignorseionibns
1254 4553 1297 4620 ab
1315 4553 1467 4622 omnibus

333 4651 571 4738 impetitoribus
585 4655 740 4744 expedire
756 4661 789 4728 et
802 4657 887 4727 tueri
905 4657 1049 4746 proprljs
1068 4663 1233 4730 teneretur
1246 4660 1418 4734 laboribus
1433 4665 1466 4732 et
