3068 5150
833 993 909 1062 285.

306 1189 357 1258 Aa
373 1197 442 1282 epo-i
456 1194 680 1280 idptolannole
694 1191 971 1282 bizoeysdplooele,
995 1196 1078 1281 lroqy
1093 1191 1186 1260 Aleos
1202 1192 1435 1280 oomzeoepteti

303 1301 416 1368 Iatede
440 1311 560 1388 mester,
591 1302 700 1370 Emere
725 1301 788 1368 ben
796 1301 861 1388 fia,
894 1304 927 1369 ἐς
950 1302 1168 1389 Poupoulon
1193 1302 1263 1387 fiai
1287 1303 1432 1388 bizonyos

514 1430 608 1497 peres
623 1409 768 1477 birtolerio
783 1413 877 1476 noane
895 1409 1106 1498 opportuerat.
1130 1409 1227 1476 1281.

412 1605 569 1676 Omnibus
588 1604 708 1675 Christi
724 1604 876 1674 fidelibus
893 1611 960 1674 tarn
978 1607 1183 1695 presentibus
1200 1627 1300 1692 quam
1317 1605 1437 1676 suturis

304 1733 438 1801 presens
457 1715 611 1801 seriptum
642 1713 837 1803 inspeeturis
868 1715 1054 1803 Capitulum
1085 1715 1232 1784 Eeolesie
1265 1713 1437 1802 Agriensis

304 1823 444 1892 salntem
475 1821 508 1888 iu
542 1823 682 1891 omnium
724 1823 902 1892 saluatore.
932 1823 984 1889 Ad
1015 1821 1245 1891 vniuersorum
1277 1821 1436 1889 noticiam

305 1938 417 1998 tenore
434 1931 635 2018 preseneinm
661 1933 810 1999 volumus
844 1931 1032 2017 peruenire;
1057 1929 1145 2016 quod
1176 1929 1336 2014 Magistro
1367 1930 1437 1998 Ste-

305 2038 416 2124 phano
447 2039 512 2108 filio
543 2039 642 2108 Ernei
672 2040 755 2108 Bari
786 2039 964 2126 degenere
995 2038 1098 2108 Alrws
1128 2038 1171 2106 ab
1188 2059 1253 2107 rna
1273 2045 1378 2128 parte,
1395 2042 1436 2107 ab

308 2147 415 2216 altera
430 2167 505 2218 vero
520 2149 677 2218 Ladizlao
694 2155 726 2216 et
740 2149 877 2217 Nioolao
893 2149 972 2234 filijs
990 2147 1121 2234 Panyth
1146 2147 1231 2214 Bani
1247 2167 1306 2234 pro
1339 2168 1375 2215 se
1406 2153 1438 2214 et

305 2273 364 2341 pro
379 2257 480 2325 Paulo
496 2255 596 2324 fratre
611 2257 755 2343 ipsorum
771 2276 881 2324 eoram
891 2257 984 2324 nobis
994 2255 1211 2342 personaliter
1226 2255 1413 2324 eonstitun's
1428 2277 1438 2340 3

305 2361 453 2450 prefatus
468 2363 626 2450 Magister
641 2364 828 2450 Stephanus
844 2364 1012 2450 proposuit
1027 2362 1104 2430 vina
1119 2383 1208 2450 rone,
1219 2363 1306 2447 quod
1323 2381 1437 2431 omnes

304 2479 408 2540 terras
438 2473 637 2560 pertinentes
667 2472 712 2540 ad
728 2477 846 2540 terram
878 2471 1113 2541 hereditariam
1136 2471 1279 2559 ipsorum
1296 2471 1436 2540 filiorum

306 2579 433 2668 Penyth
449 2580 534 2648 Bani
549 2581 735 2668 Myskowez
755 2581 967 2668 nominatam,
987 2600 1084 2667 super
1114 2579 1233 2665 quibus
1265 2579 1437 2646 eonteneio

305 2689 495 2756 mouebatur
524 2689 609 2758 inter
623 2694 744 2776 partes,
765 2687 943 2756 remisisset
958 2693 991 2756 et
1005 2687 1131 2757 remisit
1150 2705 1259 2754 eoram
1275 2687 1371 2756 nobis
1387 2687 1435 2772 ip-

305 2791 351 2862 sis
361 2794 439 2881 tilijs
454 2796 572 2865 Panith
590 2797 673 2863 Bani
688 2795 820 2864 nomine
835 2815 965 2864 suarum
980 2795 1268 2878 hereditariarum3
1284 2793 1435 2876 dieendo,

307 2898 392 2984 quod
423 2903 506 2972 inter
536 2913 642 2972 terras
673 2922 751 2972 suas
782 2903 903 2970 Zeleia
934 2909 968 2972 et
982 2902 1094 2971 Arnod
1124 2907 1266 2989 vocatas,
1300 2908 1333 2969 et
1349 2901 1433 2971 inter

306 3009 486 3094 prodietam
517 3017 638 3080 terram
661 3011 849 3100 Myskowez
875 3020 1035 3099 vocatam,
1058 3012 1148 3080 etad
1172 3011 1309 3079 eandem
1341 3012 1436 3100 perti-

306 3123 432 3205 nentes,
464 3126 548 3188 esset
578 3141 637 3206 pro
669 3126 756 3188 meta
786 3119 903 3188 fluuius
935 3120 1037 3206 Sayo;
1064 3129 1097 3188 et
1127 3121 1170 3190 ab
1198 3120 1312 3188 eadem
1349 3127 1436 3188 terra

305 3223 429 3293 Amold
444 3233 561 3297 vocata
576 3228 760 3316 incipiendo
776 3247 878 3314 vsque
893 3227 938 3296 ad
955 3227 1144 3298 Inferiorem
1163 3228 1315 3296 Soloham
1348 3235 1436 3296 terra

305 3331 408 3418 ipsius
439 3335 588 3422 Magistri
628 3335 784 3424 Stephani
825 3335 944 3403 dietum
980 3337 1114 3405 fluuium
1145 3335 1233 3422 Saye
1271 3357 1435 3422 nusquam

306 3441 459 3510 transiret
477 3443 522 3510 ad
553 3452 679 3531 partem
710 3442 957 3514 oooidentalem.
990 3445 1141 3512 Preterea
1173 3445 1245 3530 ipse
1276 3444 1435 3528 Magister

303 3547 488 3634 Stephanus
512 3550 677 3635 quandam
692 3551 851 3638 pissinam
866 3551 1013 3621 Filohow
1028 3557 1179 3620 voeatam
1196 3571 1297 3639 prope
1313 3552 1429 3619 villam

307 3676 399 3724 suam
415 3659 519 3726 Zeeeh
548 3668 696 3729 voeatam
728 3660 928 3744 existentem,
959 3680 1031 3727 eum
1062 3659 1209 3729 omnibus
1239 3659 1435 3728 utilitatibus

304 3773 337 3834 et
352 3767 561 3855 pertineneiJs
592 3769 660 3836 suis
675 3767 805 3853 reliquit
822 3767 944 3838 eisdem
961 3767 1040 3855 filijs
1057 3769 1188 3856 Panyth
1203 3767 1288 3836 Beni
1301 3771 1436 3836 nomine

305 3875 356 3944 sui
372 3876 452 3943 iuris
477 3876 614 3962 paeifiee
629 3877 661 3943 in
692 3885 883 3964 perpetuum
913 3876 1156 3964 possidendam.
1189 3878 1228 3944 In
1260 3877 1352 3944 ouius
1385 3879 1435 3944 rei

304 3981 523 4052 testimonium
555 3983 599 4052 ad
629 3983 824 4052 instauoiam
856 3984 1001 4071 parcium
1034 3989 1203 4069 presentes
1235 3983 1436 4052 eontulimus

301 4093 403 4179 sigilli
420 4093 533 4177 nostri,
550 4099 623 4180 post
637 4093 770 4180 plagam
784 4093 1016 4163 ‘l'hartarorum
1033 4093 1177 4162 seeundo
1194 4092 1433 4174 renouatimu-

302 4201 424 4268 nimine
439 4202 628 4286 roboratas,
652 4201 853 4288 presentibus
869 4209 979 4270 tamen
995 4201 1151 4286 Magistro
1167 4198 1331 4268 Anthonio
1349 4200 1433 4268 Oan-

302 4315 381 4398 tore,
398 4307 496 4377 Saulo
511 4309 657 4397 Leotore,
667 4310 794 4397 Myeow
805 4307 955 4397 Custode,
973 4311 1087 4380 Marto
1101 4311 1142 4378 de
1154 4308 1267 4394 Patha,
1278 4304 1298 4375 J
1302 4305 1434 4375 ohanne

302 4415 343 4485 de
361 4417 481 4503 anh,
497 4419 636 4487 Martino
653 4419 694 4485 de
718 4417 861 4487 Zaboleh
877 4417 1138 4507 Arohidiaoonis,
1159 4425 1191 4485 et
1206 4417 1283 4503 alijs
1310 4417 1434 4486 multis

302 4525 397 4593 Anno
426 4525 570 4592 Domini·
589 4525 760 4595 millesimo
794 4527 1016 4596 ducentesimo
1047 4527 1270 4613 octuagesimo
1304 4527 1434 4617 primo3

301 4637 460 4718 regnante
475 4631 631 4704 Ladizlao
646 4633 771 4702 illustri
787 4635 876 4719 Rege
892 4637 1069 4728 Mergane,
1086 4635 1279 4704 Lodomerio
1296 4635 1432 4705 Arohie·
