3170 5166
638 227 799 336 Q

152 421 305 501 exhibuit
319 428 413 498 nobis
430 426 594 514 quoddam
609 429 814 516 priuilegium
830 435 980 500 nostrum
994 451 1091 520 super
1106 429 1285 507 collacione

151 557 212 606 seu
243 538 426 606 donacione
441 535 658 622 possessionis
686 537 794 607 esoni
809 540 913 608 nostri
928 539 971 608 de
988 541 1117 629 Posoga
1131 545 1285 616 Dornoob

157 651 277 714 uocate
292 645 482 732 confectum,
513 644 548 712 in
563 645 675 714 eodem
706 645 867 715 comitutu
898 647 991 717 iuxta
1021 649 1155 738 fluuium
1186 651 1286 725 Orioa

155 752 341 840 existentis,
372 759 489 840 petens
523 753 668 821 anobis
697 753 860 822 humiliter
890 761 924 823 et
955 756 1083 844 deuote,
1113 767 1151 828 ut
1179 761 1286 830 eidem

152 860 316 946 Magistro
346 859 442 926 Petro
473 859 514 926 de
543 860 741 945 benignitate
770 861 876 948 Regia
903 870 936 930 ct
967 864 1124 952 inspectis
1154 885 1284 936 snorum

151 969 366 1036 seruiciorum
396 966 528 1054 meritis,
557 987 618 1036 nec
648 987 713 1035 non
743 969 794 1036 sui
819 971 942 1038 cruoris
959 971 1129 1062 allusione,
1144 993 1206 1058 que
1221 995 1281 1060 per

150 1075 285 1161 singula
299 1076 432 1158 longum
447 1081 534 1144 esset
549 1095 711 1164 enarrare,
726 1076 812 1145 bano
830 1076 976 1162 machus
991 1077 1071 1148 dura
1086 1099 1143 1149 ser
1172 1081 1283 1150 tacere

150 1182 217 1268 ipsi
233 1182 389 1267 Magistro
419 1183 515 1250 Petro
547 1181 755 1267 dignaremur
772 1207 781 1250 ε
797 1183 883 1269 quod
907 1183 1028 1254 dictam
1045 1187 1284 1272 possessionem

149 1291 304 1360 Dornocb
319 1295 542 1375 nuncupatam
558 1289 757 1372 conterendi,
789 1291 933 1360 donandi
963 1313 1021 1364 seu
1049 1293 1186 1380 legundi
1217 1298 1284 1364 aui·-

151 1419 291 1484 cnmque
305 1398 456 1486 uoluerit,
472 1399 543 1466 siue
559 1397 592 1465 in
608 1397 680 1466 vita
694 1403 751 1466 aul
765 1399 801 1466 in
816 1407 927 1487 morta,
954 1402 1024 1470 sinc
1038 1402 1216 1472 viatoribus
1230 1406 1284 1472 rel

150 1507 301 1576 Ecclesia
316 1527 375 1593 pro
400 1503 541 1574 remedio
571 1507 690 1593 anime,
723 1526 783 1574 seu
812 1509 966 1595 proximis
988 1511 1067 1598 suis,
1098 1512 1235 1580 liberum
1252 1521 1284 1580 ot

110 1679 114 1686 .
149 1635 276 1685 meram
301 1615 450 1683 daremus
466 1613 666 1682 facultatem.
684 1615 751 1681 Nos
771 1613 931 1700 siquidem
947 1614 1132 1686 deliberato
1147 1619 1283 1688 oonsilio

149 1725 367 1807 Prelutorum,
383 1723 549 1789 Beronum
565 1728 746 1789 nostrorum
762 1742 803 1788 ao
832 1723 1000 1793 Nobilium
1030 1725 1137 1814 Regni
1168 1727 1282 1814 nostri,

149 1833 345 1922 peticionem
376 1827 524 1913 Magistri
555 1827 644 1897 Petri
675 1827 809 1898 Oornitis
840 1829 1034 1919 Syculorurn
1048 1841 1230 1902 nostrornm
1245 1833 1282 1902 in

149 1941 215 2010 bac
231 1947 326 2028 parte
341 1935 531 2006 admisimus
554 1937 721 2020 Regaliter
736 1946 768 2006 et
795 1938 984 2028 liberaliter,
1015 1947 1083 2008 tam
1114 1963 1173 2030 pro
1204 1943 1283 2009 effu-

151 2049 248 2118 sione
279 2046 331 2116 sui
346 2043 528 2130 sanguinis,
561 2065 658 2130 qnam
691 2045 794 2114 eciam
811 2048 852 2115 ob
868 2048 1032 2120 meritoria
1047 2070 1109 2118 sua
1124 2049 1282 2136 seruicia,

151 2155 233 2244 quia
251 2156 354 2222 eciam
385 2150 531 2239 predicta
560 2151 679 2236 peticio
710 2152 814 2238 ipsius
845 2155 993 2239 Magistri
1023 2157 1113 2224 Petri
1144 2157 1232 2226 iusta
1247 2167 1280 2224 et

152 2261 318 2347 condigna
349 2278 421 2330 csse
454 2259 644 2345 uidebatur3
669 2279 729 2346 pro
760 2281 799 2330 eo
829 2261 989 2354 volentes,
1019 2265 1235 2334 consedentes
1249 2272 1284 2332 et

151 2369 339 2456 benigniter
349 2373 540 2454 annuentes,
550 2367 739 2452 cuicumque
749 2367 992 2456 uoluerit,idem
1002 2371 1158 2456 Magister
1168 2371 1283 2441 Petrus

151 2481 274 2548 dictam
292 2477 533 2565 possessionem
549 2475 699 2543 Dornccb
717 2475 850 2545 liberam
866 2477 987 2548 hebeat
1002 2477 1192 2548 facultatem
1209 2501 1283 2548 oon-

151 2587 278 2659 l'erendi
294 2587 347 2655 vel
361 2581 516 2652 donandi.
540 2583 583 2651 nt
598 2603 670 2651 oum
685 2603 745 2652 nos
761 2583 847 2651 bano
862 2585 1008 2670 graciam
1024 2587 1202 2674 specialem
1218 2587 1281 2674 ipsi

151 2695 314 2783 Magistro
328 2692 425 2762 Petro
441 2691 650 2777 lecissemus3
667 2691 837 2760 confestim
853 2693 886 2760 in
897 2693 1000 2761 nostri
1010 2693 1183 2782 presencia
1193 2697 1282 2764 idem

152 2803 312 2889 Magister
326 2797 441 2869 Petrus
457 2799 624 2868 confessus
642 2805 690 2868 est
705 2799 840 2870 dedisse
856 2820 915 2868 seu
932 2799 1110 2872 contulisse
1140 2804 1283 2872 consorti

151 2931 211 2983 sue
225 2907 399 2977 karissime
415 2927 473 2994 pro
489 2905 564 2974 dote
580 2913 612 2974 et
629 2907 793 2996 dotalicio,
810 2927 850 2976 ac
880 2908 977 2976 rebus
1007 2909 1283 3000 paraturnalibus,

151 3043 216 3092 nec
231 3041 297 3088 non
312 3037 421 3086 secum
454 3017 555 3086 eciam
584 3015 771 3104 asportatis.
810 3019 863 3084 Ita
893 3015 1060 3106 videlicet,
1091 3019 1177 3106 quod
1206 3019 1283 3106 ipsa

150 3131 286 3200 domina
302 3125 454 3197 similiter
469 3125 601 3212 plenam
612 3132 644 3192 et
653 3145 786 3214 meram,
802 3125 943 3212 cuipiam
976 3126 1123 3212 uoluerit,
1141 3129 1282 3198 donandi

149 3261 212 3312 seu
228 3233 415 3306 conferendi
430 3233 552 3304 babeat
567 3231 770 3323 facultatem,
798 3243 830 3302 et
846 3236 874 3300 si
891 3233 953 3302 sibi
970 3233 1139 3322 placuerit,
1170 3257 1229 3324 pro
1245 3258 1281 3310 se

149 3352 228 3438 ipsa
242 3364 413 3415 reseruare
429 3341 528 3409 simili
544 3341 638 3408 modo
655 3343 769 3428 possit,
787 3363 843 3410 seu
860 3343 970 3410 ualeat
986 3349 1142 3430 perpetuo
1159 3351 1190 3412 et
1205 3345 1282 3414 irre-

151 3453 349 3528 uocabiliter
365 3449 502 3536 pacifico
518 3455 550 3516 ot
567 3449 672 3534 quiete
689 3450 868 3534 possidere.
894 3451 937 3518 vt
962 3451 1061 3536 igitur
1084 3451 1146 3518 beo
1170 3460 1284 3543 nostre

152 3562 310 3654 specialis
325 3557 550 3648 gruciarobur
566 3557 711 3644 optineat
726 3567 884 3644 perpetue
913 3557 1086 3645 firmitatis,
1117 3579 1179 3628 nec
1209 3580 1281 3650 pro-

150 3691 249 3743 cessu
263 3677 444 3755 temporum
459 3665 562 3752 possit
577 3666 630 3733 uol
647 3667 758 3732 valeat
773 3667 806 3732 in
824 3666 952 3734 irritum
967 3667 1126 3750 reuocari,
1151 3687 1283 3754 presen-

150 3787 205 3848 tes
221 3775 438 3846 concessimus
456 3773 582 3840 litteras
599 3771 740 3860 duplicis
756 3773 859 3859 sigilli
874 3775 975 3841 nostri
996 3773 1178 3842 munimine
1192 3775 1284 3844 robo-

149 3891 253 3958 ratas.
292 3885 413 3952 Datum
436 3901 495 3967 per
522 3901 637 3949 manus
654 3881 852 3950 venerabilis
868 3880 972 3966 patris
987 3881 1100 3949 fratris
1113 3883 1281 3972 Anthonij,

149 3999 214 4068 Dei
230 3993 346 4082 gracia
359 3989 516 4078 Episcopi
531 3987 778 4073 Obanediensis,
810 3989 895 4056 Aule
910 3995 1020 4058 nostre
1035 3985 1283 4060 vicecancella-

148 4107 189 4194 rij
223 4103 332 4174 dilecti
358 4108 391 4170 et
420 4099 529 4167 fidelis
558 4099 657 4167 nostri
689 4119 776 4166 anno
807 4097 937 4165 Domini
968 4097 1019 4164 Μο
1049 4097 1283 4186 trecentesimo,

147 4215 266 4300 quinto
282 4207 442 4278 kalendas
458 4205 661 4294 Nouembris,
680 4207 786 4290 Regni
806 4213 913 4274 antem
929 4207 1031 4274 nostri
1045 4227 1133 4274 anno
1148 4203 1282 4274 decimo.

149 4335 491 4411 (nrodeneoorhoruyon,
511 4334 672 4388 veros-sold
694 4335 930 4398 sslyemzsindron
952 4336 1039 4402 ffiggd
1066 4333 1163 4400 pecsdt
1193 4334 1283 4398 alato,

224 4449 242 4486 a
259 4431 348 4486 budsi
360 4429 421 4484 dir.
439 4429 566 4481 kamarai
584 4425 763 4478 leveltdrnak
781 4427 949 4490 Zagrabben
973 4425 1037 4480 levo
1055 4425 1210 4490 renuebam)

256 4677 362 4724 uorsa.
376 4673 459 4718 auso.
474 4672 545 4712 urar.
562 4682 606 4698 ι-
622 4675 694 4716 ursa
707 4673 776 4720 narr.
1129 4643 1175 4718 42
