3068 5150
655 850 729 921 308.

114 1049 169 1113 Aa
198 1052 271 1136 epo-i
303 1050 529 1135 teptatannat
554 1049 700 1134 jolendem
732 1049 790 1118 IV.
822 1053 940 1118 Ldszld
968 1053 1144 1138 kirdlydoz,
1175 1057 1259 1140 impp

238 1155 413 1239 Ztarkflos‘
429 1151 565 1222 Chalcaea
580 1155 768 1222 tir-rotatae
785 1157 1014 1223 statudltattolr.
1038 1159 1135 1228 1282.

229 1349 514 1418 Excellentissimo
532 1351 672 1416 Domino
687 1369 746 1418 suo
762 1350 918 1418 Ladinlao
935 1351 996 1417 Dei
1008 1353 1120 1435 gracia
1129 1352 1254 1421 illustri

113 1455 200 1540 Regi
218 1457 388 1541 Huugaric
413 1455 599 1540 Capitulum
632 1455 783 1524 Ecclesia
813 1456 983 1542 Agriensis
1016 1459 1184 1527 oraciones
1216 1460 1252 1527 in

112 1563 260 1630 Domino
276 1582 348 1628 cnm
365 1571 524 1649 perpetua
539 1561 708 1630 fidelitate.
744 1563 885 1630 Litteras
910 1566 1026 1632 Vestro
1057 1566 1250 1633 Serenitatis

114 1671 301 1756 recepimus
319 1668 535 1750 continentes,
566 1669 655 1753 qnod
671 1669 825 1738 daremus
851 1671 1069 1739 testimonium
1096 1679 1250 1760 nostrum,

115 1797 229 1845 coram
247 1796 311 1860 quo
329 1777 420 1842 twau
436 1774 523 1844 filins
539 1777 700 1844 iohannis
717 1777 758 1844 de
774 1777 900 1844 Gumur
920 1779 1014 1845 homo
1031 1787 1254 1865 ucsterqnan-

115 1885 193 1952 dam
212 1891 333 1952 terram
351 1884 393 1950 de
411 1885 504 1950 iuxta
521 1884 645 1949 Gumur
661 1883 800 1952 Ghakau
816 1892 979 1970 uocatam,
1007 1907 1103 1969 quam
1119 1887 1250 1972 quidem

114 1999 241 2060 terram
258 1991 410 2060 dominns
428 1991 509 2058 Belo
524 1991 594 2058 Rex
610 1991 716 2058 felicis
730 1992 968 2059 recordacionis
987 1994 1171 2063 contulerat
1186 1995 1250 2063 Job

113 2098 280 2184 qnondam
296 2099 455 2186 Episcopo
473 2098 826 2184 Quinqueecclesieusi,
851 2102 1067 2170 reambnlaret
1092 2103 1252 2188 presenti·

113 2209 175 2276 bus
191 2207 346 2276 omnibus
362 2205 594 2276 commetaneis
611 2215 645 2273 ct
660 2208 778 2274 vicinis
794 2209 828 2272 iu
845 2209 939 2274 mstis
956 2215 988 2274 et
1003 2209 1150 2278 terminis
1165 2211 1250 2276 anti·

107 2313 197 2402 quis,
216 2321 250 2380 et
263 2313 451 2382 restitueret
467 2314 569 2400 Sank,
587 2315 734 2400 Nycolso
751 2323 782 2380 et
798 2314 893 2381 Petro
908 2315 990 2402 filijs
1006 2317 1120 2401 Ztark,
1137 2317 1247 2384 sinon

106 2422 205 2488 tieret
222 2423 471 2509 contradictum,
504 2422 757 2488 contradictores
776 2440 864 2506 uero,
900 2422 928 2487 si
961 2422 1015 2505 qui
1048 2425 1170 2510 fierent,
1203 2423 1248 2490 ad

110 2536 257 2597 uestram
275 2529 393 2597 citaret
408 2529 617 2596 Preseuoiam
634 2529 678 2594 ad
695 2528 865 2594 terminum
892 2537 1137 2614 competentem.
1178 2531 1247 2598 Nos

107 2639 212 2721 igitur
229 2637 391 2704 mandatis
408 2637 528 2704 uestris
544 2637 815 2722 obtemperantes,
846 2645 881 2704 nt
905 2645 1062 2720 tenemur,
1096 2639 1247 2706 misimus

112 2747 279 2814 hominem
295 2745 450 2830 ,nostrum
482 2765 541 2829 pro
572 2744 759 2812 testimonio
790 2743 998 2832 fidedignum,
1026 2745 1081 2826 qui
1112 2745 1154 2810 ad
1186 2765 1246 2813 nos

104 2873 263 2920 musteus
280 2852 372 2938 dixit,
391 2851 477 2935 quod
493 2853 639 2936 prefatus
656 2852 751 2920 homo
767 2861 874 2919 uester
889 2855 960 2936 ipso
976 2860 1126 2936 presente
1136 2871 1245 2920 acees-

105 2965 209 3030 sisset
234 2961 284 3028 ad·
302 2967 420 3028 terram
452 2969 675 3046 memoratam,
705 2967 739 3028 ct
768 2960 1007 3027 reambulasset
1037 2957 1245 3044 presentibus

108 3069 262 3136 omnibus
277 3069 508 3136 commetaueis
525 3073 557 3134 et
573 3069 691 3135 vicinis
707 3069 740 3134 in
757 3068 852 3135 metis
868 3067 1011 3152 antiquis
1027 3074 1059 3132 et
1084 3065 1242 3151 terminis,

109 3185 142 3244 et
157 3177 329 3244 statuisset
344 3175 499 3262 predictis
516 3173 619 3263 Sank,
652 3175 800 3262 Nyoolao
817 3181 850 3242 et
866 3176 959 3242 Petro
991 3174 1080 3240 nullo
1114 3181 1240 3242 contra-

101 3285 237 3354 dictore
253 3285 421 3352 existente.

102 3481 166 3544 <lu
184 3481 285 3544 Iaiuid
305 3483 458 3546 hirstynak
479 3483 589 3534 lasa-ki
608 3481 807 3546 okmttnyabdl,
830 3480 905 3532 mint
924 3479 1038 3531 ientebb
1059 3484 1118 3534 298.
1137 3497 1176 3532 ιι.
1200 3484 1237 3544 a.)

203 4635 318 4678 ἿΟΙΠ.
333 4635 417 4675 nuso.
436 4635 506 4678 mr.
522 4643 567 4660 “·
581 4635 654 4679 ὓῙΡῐι.
669 4633 735 4676 mi·
