3148 5146
129 1180 252 1243 Bruno
271 1177 406 1242 olmttczr'
423 1173 725 1258 drseicrreicjelcntdse
737 1173 776 1236 X.
792 1170 1267 1260 Gerpelppdpdhozumcpyur

212 1287 244 1350 e'o
261 1285 332 1348 cuch
346 1282 459 1366 kirdly
475 1283 546 1346 ledet
561 1279 696 1346 terendo
711 1279 853 1366 bdlresedy
869 1279 1063 1367 ta'rqycssarr.
1087 1283 1184 1350 1272.

245 1477 458 1545 sanctissimo
490 1477 581 1542 Patri
612 1474 742 1542 domino
773 1494 833 1540 suo
865 1473 1023 1556 Gregorio
1050 1475 1264 1544 Sacrosencte

136 1589 282 1654 Romane
297 1583 392 1654 Sedis
408 1585 539 1652 Summo
556 1582 706 1652 Pontifici
722 1585 758 1649 B.
776 1583 838 1648 Dei
854 1581 962 1666 gratia
977 1581 1158 1670 Episcopus
1193 1582 1267 1650 Olo-

138 1690 302 1759 muoensis
345 1691 487 1758 debitam
527 1690 744 1760 reuerentiam
786 1688 967 1774 deuotaque
998 1689 1118 1776 pedum
1154 1692 1270 1758 oscula

136 1801 319 1868 beatorum
351 1797 544 1866 Sanctitatis
575 1799 690 1866 Vestro
720 1798 857 1881 litteras,
899 1803 930 1862 et
960 1796 1149 1863 mandatnm
1180 1797 1269 1882 quod

139 1906 373 1988 continebatur,
406 1912 602 1990 reuerenter‚
633 1909 669 1970 vt
685 1903 803 1992 decuit,
826 1903 1028 1989 suscepimus
1045 1911 1077 1971 et
1093 1902 1220 1988 deuote,
1237 1909 1270 1970 et

140 2013 252 2080 sinon
269 2019 450 2096 exactam,
481 2020 591 2079 tamen
622 2011 709 2096 quod
738 2011 900 2096 potuimus
932 2009 1032 2080 iuxta·
1050 2010 1268 2080 conditionem

142 2119 300 2205 temporis
316 2140 427 2189 sumus
444 2120 528 2189 illud
545 2119 720 2206 diligenter
736 2119 872 2185 executi.
891 2116 984 2198 Quod
1000 2135 1075 2186 vero
1092 2117 1125 2184 in
1142 2117 1269 2186 missio·

138 2247 182 2293 ne
212 2227 403 2313 litterarum,
435 2247 517 2312 ques
541 2227 632 2295 vobis
664 2226 900 2314 inscripsimus,
933 2223 1082 2294 tardasse
1111 2223 1267 2313 ridemur,

138 2334 366 2422 supplicemus
398 2335 562 2403 humiliter
578 2341 611 2402 et
641 2335 769 2423 deuote,
801 2345 960 2419 quatenus
991 2334 1183 2402 sanctitatis
1209 2333 1272 2402 Ve-

126 2449 207 2508 stre
223 2442 466 2511 clementianus
485 2444 520 2509 in
536 2443 597 2510 hoc
612 2451 785 2512 excusatos
800 2443 922 2510 habere
939 2443 1098 2527 dignetur.
1114 2443 1268 2526 Receptis

141 2550 229 2616 enim
246 2549 365 2618 litteris
382 2551 507 2618 Vestris
533 2549 578 2617 ed
610 2549 832 2636 exequendum
863 2549 897 2616 id
930 2550 1016 2633 quod
1047 2551 1268 2636 continebant,

139 2657 236 2724 nulia
251 2657 341 2742 prius
356 2663 489 2744 propter
505 2655 609 2726 diram
625 2677 740 2743 guerre
756 2656 1001 2726 commotionem
1020 2657 1105 2724 inter
1121 2656 1267 2725 Serenis-

129 2763 259 2830 simum
276 2763 441 2830 domiuum
473 2771 619 2832 nostrum
651 2766 772 2850 Regem
801 2763 1016 2833 Bohcmorum
1047 2765 1224 2852 Illustrcm,
1241 2771 1274 2832 et
1360 2842 1364 2851 ⁸

142 2869 310 2936 dominum
340 2869 509 2954 Hungarie
540 2873 662 2956 Regem
694 2872 788 2940 nobis
816 2871 1272 2940 obtulitsefecultes.1nhis

144 2976 253 3058 etiam,
285 2996 347 3058 que
387 2977 561 3046 sanctitati
598 2979 711 3046 Vestre
742 2979 803 3046 sub
835 2997 893 3064 spe
922 2977 1040 3046 fiducie
1071 2977 1273 3066 scripsimus,

142 3082 281 3169 prouida
306 3090 339 3151 et
354 3085 587 3172 circumspectu
603 3085 759 3154 discretio
775 3085 891 3152 Vestra
912 3085 1017 3174 nobis,
1044 3083 1130 3171 quod
1161 3103 1275 3155 neces-

144 3194 268 3260 sarium
299 3192 495 3260 arbitramur
526 3193 630 3282 ualde,
646 3205 762 3264 cauere
778 3193 939 3280 dignetur.
956 3196 1077 3262 Datum
1095 3193 1196 3264 XVII.
1214 3195 1272 3262 ka·

135 3299 259 3368 ‚lendes
275 3299 438 3386 Junuarij.

137 3493 184 3554 ··(A
196 3495 344 3548 Rdmdbun
356 3498 421 3549 levo
433 3499 630 3552 Vulicelii-fele
639 3500 782 3566 kdnyvtdr
792 3500 978 3551 kezirateibdl
988 3500 1063 3550 kozli
1072 3499 1167 3550 Dudik
1177 3499 1276 3564 Beda.)
