3124 5152
629 261 790 366 gec-

143 479 178 527 ao
193 455 367 544 Georgium
400 460 501 527 filium
531 461 702 548 Stephani,
732 462 859 530 nobiles
875 461 915 532 de
941 463 1089 530 Losonoh
1109 467 1223 530 contra
1238 482 1274 530 se

144 575 289 654 pretextu
310 570 570 654 possessiouarie
588 568 760 638 diuisiouis
777 569 810 634 in
827 571 1030 657 presenciam
1057 569 1132 640 dom
1142 572 1185 636 ini
1218 571 1273 638 Ni·

144 675 221 744 colui
249 676 396 746 dedicta
422 676 513 743 Sara
529 677 632 762 patris
648 675 751 744 nostri
771 675 940 762 predilecti
957 678 992 746 in
1008 679 1095 746 bona
1111 678 1267 746 memoria

144 784 287 852 defuncti
313 787 347 851 iu
380 791 502 854 certum
533 785 705 852 terminum
736 788 893 855 traxisset
908 787 943 853 in
975 807 1118 874 oausam,
1134 794 1167 854 et
1197 788 1271 873 ipsa

143 911 241 960 cansa
272 893 359 961 inter
388 901 500 980 partes
532 893 658 962 diucius
675 893 846 961 ventillata
862 895 905 962 ad
930 903 1065 964 octauas
1081 893 1158 962 sesti
1175 895 1271 962 Beati

142 999 268 1085 Georgij
297 1000 438 1069 martiris
468 1003 502 1067 iu
533 1022 620 1069 auno
661 999 791 1068 Domini
830 1001 1006 1070 millesimo
1045 1001 1271 1092 trecentesimo

140 1107 356 1193 octuagesimo
388 1111 561 1194 preteritas
592 1118 770 1195 prorogata
801 1111 962 1178 extitisset
992 1113 1053 1179 stb.
1087 1109 1138 1192 (ds
1168 1111 1268 1196 ujabb

139 1215 345 1284 hulaszttsoh
362 1213 580 1303 kdzbejdven)
596 1217 724 1283 interim
740 1214 836 1285 dictis
855 1218 1003 1304 partibus
1035 1217 1268 1286 decedentibus

140 1323 177 1388 ad
207 1329 344 1391 octauas
376 1322 450 1391 sesti
482 1323 576 1392 Beati
607 1323 779 1392 Michaelis
809 1324 1006 1412 Archangeli
1025 1344 1112 1392 auno
1133 1325 1264 1392 Domini

139 1431 308 1500 millesimo
325 1429 552 1500 trecentesimo
569 1433 778 1517 nonagesimo
794 1454 880 1502 nono
897 1433 1026 1519 elapsas
1037 1431 1176 1500 deducta
1192 1431 1268 1502 fuis-

140 1547 202 1618 set;
227 1540 371 1624 denique
402 1539 482 1625 ipsis
500 1540 625 1607 cetenis
648 1541 846 1610 instantibus
879 1542 1040 1626 Georgius
1056 1538 1155 1628 (iilius
1171 1539 1267 1608 Seba-

141 1646 249 1732 stiaui)
266 1655 359 1714 actor
374 1647 590 1733 personaliter
604 1647 638 1713 iu
655 1647 779 1715 Detrici
795 1645 851 1735 (de
877 1647 1006 1736 Bubek)
1037 1648 1181 1718 Palatini
1213 1669 1266 1718 ve·

139 1755 255 1824 uiendo
271 1755 473 1824 oresenoiam
490 1755 552 1822 stb.
571 1755 633 1822 stb.
652 1755 770 1822 ibidem
788 1755 949 1840 quasdam
965 1755 1168 1824 troslitteras
1179 1755 1266 1822 dicto

141 1864 268 1932 Detrioo
284 1861 435 1932 Palatino
450 1871 705 1948 presentassent.
723 1862 867 1940 Quarum
886 1866 994 1950 prima
1019 1885 1104 1933 anuo
1136 1863 1267 1930 Domini

141 1969 311 2040 millesimo
353 1971 573 2040 ducentesimo
612 1973 850 2059 septuagesimo
891 1993 975 2042 nono
1021 1969 1265 2059 priuilegiaiiter

137 2088 249 2148 exorta
264 2080 471 2148 decantasset
488 2105 496 2144 :
512 2079 597 2164 quod
614 2079 808 2148 Sebastiano
823 2080 888 2148 tilio
904 2080 991 2148 Petri
1008 2079 1110 2149 trahe
1139 2081 1198 2146 Wu
1223 2079 1265 2146 de

138 2187 239 2269 Abad,
257 2193 291 2254 et
315 2189 412 2255 Petro
428 2187 493 2254 lilio
513 2186 659 2255 eiusdem
676 2187 733 2254 Wz
749 2209 790 2255 ex
806 2207 871 2255 vua
886 2198 988 2275 parte,
1007 2190 1050 2257 ab
1067 2191 1172 2256 altera
1188 2208 1264 2256 vero

138 2294 291 2363 Albrecht
311 2315 384 2362 cum
409 2294 573 2382 Stephano
604 2294 669 2364 filio
700 2317 760 2364 suo
778 2315 836 2381 pro
867 2315 913 2382 sc,
929 2303 961 2364 et
992 2317 1050 2383 pro
1081 2295 1216 2364 Alberto
1232 2303 1265 2364 et

139 2402 266 2472 Menon
281 2402 436 2470 fratribus
455 2405 524 2470 suis
543 2423 651 2472 coram
672 2405 745 2490 ipso
755 2404 906 2490 Capitale
915 2404 1109 2492 constitutis,
1134 2403 1265 2490 prelati,

135 2507 347 2580 Sebastianus
364 2517 394 2578 et
416 2512 528 2578 Petrus
544 2511 800 2600 proposuissent,
832 2512 919 2597 quod
950 2513 1114 2597 quandam
1144 2518 1262 2582 terram

135 2635 224 2684 suam
256 2619 444 2704 empticium
468 2617 641 2688 Sebastiam
656 2625 805 2688 vocatam
821 2619 856 2685 iu
872 2617 1033 2690 comitatu
1048 2618 1134 2689 Noui
1151 2616 1261 2685 castri

136 2726 335 2813 existentem,
351 2726 385 2792 in
400 2747 466 2812 qua
492 2726 632 2796 ecelesia
657 2727 771 2794 Sancti
802 2728 919 2797 Jacobi
950 2732 1035 2796 esset
1065 2732 1263 2812 constructa,

137 2837 228 2902 certis
261 2835 356 2902 metis
386 2833 529 2920 vndique
560 2835 744 2923 limitatam,
777 2855 848 2903 cum
878 2836 1042 2904 uniuersis
1067 2832 1261 2902 utilitatibus

136 2946 165 3006 ct
192 2943 407 3028 pertinenciJs
439 2940 544 3010 eidem
576 2941 755 3011 Albrechth
780 2951 813 3010 et
843 2943 920 3028 filijs
935 3021 939 3028 ,
952 2943 1020 3010 suis
1054 2939 1261 3027 supradictis,

134 3047 340 3134 eiusdemque
370 3049 544 3120 heredibus
576 3059 609 3120 et
625 3050 867 3125 successoribus
899 3050 1062 3118 uniuersis
1094 3069 1152 3136 pro
1168 3049 1263 3133 quiu-

135 3158 289 3242 quaginta
303 3161 424 3228 marois
440 3161 536 3244 plene
560 3159 699 3245 receptis
731 3161 773 3227 ab
806 3160 940 3246 eisdem,
972 3158 1034 3227 sub
1062 3157 1263 3245 expeditoria

135 3266 285 3333 concione
300 3266 335 3332 iu
350 3271 542 3352 perpetuum
551 3267 781 3354 possidendam
797 3265 1038 3346 vendidissent3
1063 3263 1114 3334 cui
1130 3263 1261 3350 quidem

136 3373 316 3441 scudicioui
333 3371 412 3440 Jure
428 3375 516 3444 filius
532 3375 616 3442 imre
634 3374 675 3442 de
689 3375 799 3462 Abad,
811 3373 967 3441 Nicolaus
985 3372 1070 3442 filius
1101 3371 1261 3440 lobannis

135 3478 173 3546 de
188 3481 314 3570 eedem,
330 3479 491 3567 Georgius
508 3483 549 3549 de
564 3483 661 3571 Bate,
679 3489 711 3549 et
725 3482 864 3551 Michaal
891 3481 977 3550 iilius
993 3481 1109 3563 Sama,
1125 3501 1260 3550 comme·

134 3589 219 3656 tanei
235 3589 379 3658 eiusdem
396 3599 491 3678 terre,
508 3610 700 3659 consensum
716 3591 924 3680 prebuissent
939 3597 972 3657 et
996 3609 1164 3658 assensum
1196 3587 1258 3656 stb.

134 3695 250 3763 Datum
265 3697 360 3765 Bude
375 3697 625 3784 quadragesimo
641 3683 783 3769 secundo
799 3701 853 3767 die
869 3705 1059 3768 octauarum
1078 3697 1152 3765 sesti
1166 3695 1264 3763 Beati

135 3801 262 3892 Georgij
284 3805 428 3874 martiris
459 3828 544 3876 auno
575 3799 705 3877 Domini
737 3807 908 3876 millesimo
939 3803 1259 3893 quadringentesimo

133 3931 223 3980 nouo.

238 4113 425 4178 (Hitelesitett
437 4113 574 4172 mdsoleta
588 4135 605 4170 a
617 4115 704 4172 budei
727 4117 780 4172 hir.
802 4117 930 4172 hamarai
954 4111 1151 4182 levdltarbau.)

561 4407 828 4421 ψαι-
