3068 5150
592 863 668 930 292.

75 1063 262 1144 Dnccdcata,
294 1062 521 1130 musitanae
536 1065 665 1149 lodoyci,
696 1061 812 1127 Leaiua
842 1059 1019 1124 dalmatici
1049 1060 1196 1144 uzipetes,

73 1176 171 1257 uoth
187 1173 219 1238 ds
236 1171 378 1238 Manuos
386 1167 572 1258 felujdnljo
587 1195 608 1236 c
626 1169 724 1236 Lisso
739 1171 882 1256 uzipetes
890 1167 992 1254 fulevii
1007 1189 1049 1232 az.
1075 1166 1196 1232 Miklds

440 1279 695 1345 monostordoalc.
719 1278 816 1340 1281.

168 1476 208 1540 ln
240 1473 360 1543 Christi
388 1475 519 1542 nomine
558 1492 663 1543 amen.
697 1475 792 1541 Anno
825 1472 1015 1542 Natiuitatis
1046 1471 1192 1540 ciusdem

73 1581 233 1651 millesimo
270 1583 489 1652 ducentesimo
532 1582 752 1668 octuagesimo
783 1581 899 1670 primo,
931 1581 985 1648 die
1015 1580 1092 1648 lune
1122 1580 1191 1647 XV.

74 1690 204 1757 intrante
243 1695 365 1761 mensis
406 1692 597 1759 Decembris
628 1712 713 1759 none
745 1689 948 1757 indictionis.
979 1689 1194 1776 Temporibus

74 1798 194 1886 llgregij
210 1800 272 1867 viri
289 1799 411 1867 domini
426 1798 587 1868 Jobannis
602 1799 746 1866 Dandoli
768 1797 829 1864 Dei
840 1797 956 1882 gracia
972 1795 1076 1864 inoliti
1095 1798 1193 1864 Ducis

75 1907 285 1994 Vanesianum,
316 1907 513 1976 venerabilis
545 1907 649 1992 patris
681 1905 805 1974 domini
831 1904 973 1973 Simonis
997 1906 1060 1971 Dei
1076 1908 1190 1992 gracia

75 2015 218 2082 lanensis
245 2016 416 2103 Episcopi3
440 2023 472 2084 ct
501 2015 656 2084 nobilium
688 2015 829 2082 virorum
861 2013 1063 2082 dominorum
1092 2013 1192 2080 Marci

73 2122 188 2190 Dnlfnni
212 2123 320 2194 Farae
336 2131 367 2193 ct
384 2124 545 2192 Brachiae
560 2123 745 2209 Potestatis,
762 2143 801 2190 ac
816 2123 949 2192 chrici
965 2121 1105 2189 Zantani
1123 2121 1192 2190 eius

74 2229 267 2318 consiliarij;
282 2253 342 2301 nco
358 2254 422 2300 non
439 2233 598 2300 Jobannis
614 2238 647 2299 at
658 2231 806 2318 Gnidosij
824 2231 1015 2300 Fanensium
1032 2229 1193 2298 Judicum.

73 2333 199 2405 iusticie
229 2341 318 2407 racio
351 2342 494 2428 postulat
527 2349 559 2409 et
574 2339 718 2428 requirit,
751 2347 785 2408 ut
812 2339 981 2408 laudabile
997 2337 1192 2408 desiderium

74 2445 191 2514 rotinus
209 2453 425 2535 prosequatur
441 2451 583 2535 effeetus,
594 2455 625 2516 ct
635 2448 722 2532 quod
731 2448 817 2515 bona
827 2448 995 2516 voluntate
1011 2446 1193 2534 suscipitur,

73 2552 171 2637 dignis
202 2555 467 2626 ordinacionibus
498 2558 705 2641 compleatur.
737 2556 878 2640 Ideoque
894 2556 937 2622 ad
952 2576 1112 2624 summam
1129 2575 1192 2622 me·

74 2661 199 2729 moriam
217 2664 313 2731 atrei
328 2671 421 2750 geste
436 2663 632 2750 firmitatem,
650 2664 711 2731 boc
728 2684 860 2751 presens
880 2665 1048 2733 conficitur
1078 2666 1194 2732 instru-

75 2779 208 2838 mentum
226 2794 235 2852 ;
250 2769 389 2853 qualiter
420 2788 579 2839 consensu
595 2776 627 2837 ct
643 2772 809 2840 uoluntate
824 2771 930 2839 tocius
946 2771 1193 2840 communitatis

73 2876 215 2948 Fanensis
233 2877 416 2946 Dracdosta
431 2879 501 2946 filia
517 2877 678 2966 quondam
694 2880 847 2948 Draiecte
862 2880 1047 2948 voluntarie
1077 2879 1193 2946 obtulit

74 3003 106 3048 sc
120 2987 238 3054 seruire
254 3007 327 3055 cum
357 2987 507 3054 omnibus
539 2988 607 3056 suis
639 2987 811 3056 mobilibus
842 2995 875 3056 et
891 2987 1108 3056 immobilibus
1126 2996 1193 3056 toto

74 3097 208 3178 tempore
226 3094 291 3162 rite
308 3115 376 3183 sue,
392 3093 546 3162 videlicet
561 3117 635 3164 cnm
651 3096 791 3182 quadam
809 3098 922 3184 pecoia
937 3103 1031 3180 terre,
1056 3115 1121 3180 que
1145 3102 1194 3164 est

74 3197 104 3264 in
120 3203 196 3288 loco,
229 3204 286 3288 qni
316 3203 435 3271 dioitur
465 3204 648 3290 Piscopatc‚
664 3205 862 3272 Monastcrio
877 3204 988 3271 Sancti
1003 3201 1135 3270 Nicolai
1152 3205 1193 3272 de

73 3306 170 3375 Lissa.
185 3310 292 3390 Quam
308 3311 454 3396 pecciam
470 3317 556 3378 terre
571 3311 658 3378 idern
674 3313 907 3380 Monasterium
924 3333 945 3378 a
960 3314 1104 3396 presenti
1137 3313 1192 3380 die

73 3413 106 3480 in
121 3423 210 3484 antea
225 3417 361 3506 habeat,
386 3425 506 3505 teneat,
525 3420 694 3507 possideat
709 3422 742 3488 in
759 3427 970 3510 perpetuum
994 3417 1028 3485 in
1046 3439 1087 3488 ea
1103 3426 1136 3488 ct
1151 3440 1192 3486 ex

74 3539 112 3588 ea
127 3523 325 3612 quidcunque
340 3526 403 3596 sibi
419 3527 579 3614 placuerit
593 3527 693 3601 faciat
708 3536 769 3598 etc.

280 3727 401 3790 (Parieti
420 3727 569 3794 Illyricum
586 3729 703 3782 Sacrum
721 3729 769 3782 IV.
789 3730 849 3782 kitt.
870 3733 930 3780 248.
945 3729 975 3792 l.)

492 4019 760 4034 Ἣ
