3068 5150
591 889 667 958 290.

75 1088 243 1156 duumuiri
257 1089 488 1176 ketptulannak
504 1090 780 1176 bizonyadqleneto
806 1091 888 1178 kopp
904 1091 1141 1181 Herciuipfiui
1157 1099 1190 1164 6⁸

74 1196 183 1308 Rutpid
197 1199 356 1284 Hermae,
373 1199 493 1288 Heron,
523 1199 682 1285 Besaauyd
697 1200 730 1266 6⁸
746 1197 871 1264 Koitai
887 1187 1096 1288 miyiequuen
1111 1223 1190 1288 mep-

449 1309 680 1376 oaztoaieodtuie.
701 1307 797 1373 1281.

121 1501 217 1562 (Ηωί
234 1503 411 1570 Okmsnyesr
428 1506 450 1556 1.
470 1506 530 1558 ket.
551 1509 592 1558 75.
612 1506 654 1572 1.;
686 1506 790 1560 Bdmer
808 1506 901 1558 Florio
920 1506 1123 1572 kdzlsmonye.)

497 1792 752 1804 ——unm———n

588 2329 664 2399 291.

73 2525 98 2591 Α
119 2533 192 2616 adqi
215 2529 408 2596 kouuentneie
437 2530 715 2616 bianuyrdyleuete,
747 2532 830 2618 hepy
846 2533 933 2597 chie
948 2474 1187 2620 uemzetadpbeii

73 2635 220 2704 Mureholi
239 2637 335 2705 iiber
349 2639 529 2704 Zdehteieiee
543 2639 730 2724 delyatpbon
746 2639 874 2726 uejemk
891 2640 1050 2708 Haraaeti
1063 2635 1187 2708 Simou-

235 2747 303 2811 uak
320 2745 473 2832 diaonyos
488 2745 675 2812 birtokrtszt
690 2747 881 2834 dteupedeit.
906 2749 1005 2816 1281.

166 2942 234 3009 Nos
249 2939 425 3010 Ladizians
440 2941 629 3027 Propositus
639 2951 672 3010 et
688 2943 873 3014 conuentus
888 2945 1037 3012 Fratrum
1053 2940 1186 3011 Ordinis

73 3047 410 3117 Premunstratensium
426 3051 466 3118 de
481 3049 805 3136 Saag-signifieamus
830 3051 992 3122 vniuorsis
1016 3060 1083 3119 tam
1114 3073 1186 3137 pro·

72 3155 204 3226 sentibus
234 3179 331 3242 quam
362 3159 479 3227 futuris
505 3166 673 3247 presentes
693 3161 817 3228 litteras
836 3161 1029 3245 inspecturis
1046 3161 1185 3227 salutem

72 3261 100 3328 in
115 3265 255 3332 Domino.
277 3267 506 3336 Vniuersorum
531 3268 651 3336 notioio
678 3269 792 3337 herum
818 3269 901 3336 serie
933 3267 1187 3355 declaraturum,

73 3373 149 3452 quud
176 3375 358 3460 'Pybureius
390 3376 432 3444 do
462 3376 607 3444 Morohol
638 3377 680 3444 do
706 3397 823 3462 genere
848 3377 928 3463 Zah,
955 3382 988 3444 et
1003 3375 1188 3462 Stephanus

72 3478 147 3547 filius
165 3483 307 3552 eiusdem
340 3485 556 3570 personaliter
587 3504 694 3553 ueram
726 3485 820 3552 nobis
852 3481 1019 3552 constituti
1050 3484 1189 3571 professi

72 3595 139 3653 sunt
166 3591 241 3660 uiua
272 3611 362 3680 noue,
394 3593 480 3678 quod
495 3593 658 3678 quandam
677 3594 871 3681 partientem
893 3600 976 3662 torre
992 3591 1188 3678 Zahteioqui

71 3705 173 3766 rueato
186 3699 230 3767 ad
256 3721 354 3768 vnum
385 3708 531 3768 aratrum
563 3721 635 3769 unm
667 3701 897 3790 superfluitate,
928 3723 990 3785 quo
1022 3707 1071 3770 est
1102 3701 1188 3768 intra

71 3811 164 3873 motas
191 3809 320 3879 inclusa
350 3831 454 3878 nouas
484 3817 517 3879 et
541 3811 702 3896 antiquas,
735 3810 896 3896 dederint,
928 3809 1121 3878 donauoriut
1153 3818 1186 3877 ot

71 3913 252 3986 tradiderint
267 3917 402 4006 Symuni
419 3918 460 3985 do
475 3919 621 4006 Harasty
635 3939 756 4006 genero
771 3920 927 4004 ipsorum,
943 3939 982 3986 ae
999 3917 1098 4004 Gnng
1128 3937 1187 3986 suo

72 4015 140 4104 filio,
157 4031 185 4091 ot
200 4027 271 4094 suis
302 4027 476 4096 heredibus
491 4026 713 4113 heredumque
728 4026 968 4095 suecessoribus
984 4033 1139 4112 perpetuo
1155 4035 1187 4094 ot

70 4127 319 4202 inremeabiliter
334 4135 574 4222 possidendam.
591 4133 698 4213 Quam
713 4135 844 4220 quidem
856 4133 975 4201 dietam
991 4134 1186 4220 particulam

72 4243 228 4309 terrosum
245 4264 306 4311 sua
322 4243 548 4329 superfluitate
564 4243 733 4312 Haliomas
748 4242 789 4310 do
805 4241 935 4327 Surauy
952 4242 1047 4309 humo
1064 4241 1188 4310 domini

71 4347 160 4432 Regis
173 4354 231 4419 sub
246 4349 429 4420 testimonio
444 4360 553 4420 nostro
568 4373 627 4439 per
637 4351 805 4419 eireuitum
822 4350 968 4434 undique
984 4352 1190 4438 presentibus

72 4460 289 4528 commotuueis
321 4467 353 4527 ot
383 4459 499 4528 uieinis
541 4461 638 4529 nortis
679 4459 774 4526 motis
806 4457 901 4527 nouis
929 4459 1020 4526 iuxta
1061 4465 1190 4526 ueteres

70 4565 220 4658 erigendo,
236 4575 334 4656 prout
348 4569 448 4656 ijdem
464 4569 559 4637 homo
575 4567 697 4637 domini
716 4566 815 4652 Regis
832 4573 865 4635 et
881 4575 990 4638 nostor
1010 4567 1190 4636 retulerunt
