3148 5164
123 1383 155 1447 A
193 1381 297 1446 bredal
336 1377 565 1465 sopratoonak
604 1372 879 1456 br'aooyso'plooelo,
919 1373 1002 1458 hopy
1033 1371 1127 1436 Pc‘tcr
1159 1393 1257 1437 comes

128 1486 360 1572 ll‘bornolcflu,
377 1487 546 1550 abcessu
562 1483 642 1565 pira
650 1475 787 1565 fcjcbco,
817 1477 981 1564 melyelclccl
998 1480 1129 1544 Mdrtoo
1154 1501 1256 1542 comeo

91 1592 97 1602 ’
125 1592 417 1680 olorsuipbc'ro'nolc
450 1588 662 1674 birodplce'peo
691 1595 850 1667 tuctozott,
881 1588 979 1650 eooclc
1002 1585 1255 1672 Udolbelpee'pet

503 1695 766 1780 clzdloposc'totto.
792 1693 888 1758 1296.

232 1929 299 1993 Nos
331 1925 514 2009 Capitulum
546 1923 708 1989 Budensis
739 1921 884 1987 Ecclesie
915 1922 1067 1991 memorie
1093 1943 1252 1991 commen·

127 2035 243 2100 dantes
260 2032 482 2114 significamus
496 2029 659 2097 rniuersis
676 2028 879 2113 presencium
897 2047 954 2113 per
981 2036 1134 2116 tenorem,
1167 2031 1256 2115 quod

127 2140 245 2208 Comes
261 2139 374 2204 Petrus
389 2139 475 2204 lilius
495 2135 671 2224 Tyburchij
690 2137 722 2200 in
739 2134 843 2202 nostri
859 2137 1029 2218 presencia
1044 2139 1257 2224 personaliter

128 2249 320 2314 constitutus
336 2245 475 2312 asseruit
505 2242 714 2328 proponendo
745 2250 927 2327 spontanee
958 2244 1135 2330 uoluntate,
1169 2245 1258 2328 quod

129 2375 200 2420 cum
234 2355 305 2437 ipse
338 2357 370 2417 et
401 2350 544 2417 Thomas
575 2349 676 2414 frater
709 2368 786 2416 suus
816 2349 903 2416 lilius
930 2352 1063 2419 Comitis
1078 2351 1255 2438 Tyburohij

128 2459 238 2528 fratris
256 2458 306 2524 sui
323 2464 477 2540 tanquam
494 2465 619 2522 actores
639 2475 736 2539 super
769 2454 1047 2526 destruccionibus
1078 2459 1259 2544 possessio-

128 2554 206 2634 num
223 2584 334 2631 eorum
350 2571 382 2632 et
398 2563 476 2646 alijs
491 2563 639 2629 articulis
664 2563 745 2628 satis
762 2563 873 2630 arduis
889 2563 922 2628 in
939 2567 1108 2648 presencia
1124 2565 1258 2634 Comitis

130 2672 262 2739 Martini
280 2669 476 2737 Viceiudicis
494 2666 589 2736 Curia
607 2670 727 2736 domini
743 2671 842 2754 Regis
860 2680 971 2738 contra
1006 2672 1163 2741 Comitem
1195 2675 1259 2740 Do-

130 2781 283 2846 minicum
315 2777 356 2842 de
387 2777 499 2861 Tomy
525 2774 647 2844 dictum
664 2775 705 2842 de
722 2777 891 2860 Vysegrad
908 2796 1039 2842 causam
1058 2778 1261 2863 habuissent,

132 2893 165 2952 et
181 2887 287 2971 ipsam
304 2902 437 2950 oausam
454 2901 492 2949 eo
510 2881 595 2964 quod
627 2881 730 2948 ardua
761 2880 863 2965 suerit,
897 2881 940 2948 ad
970 2881 1154 2967 specialem
1185 2887 1262 2952 Pre-

129 2991 276 3060 senciam
309 2989 432 3056 domini
449 2986 578 3054 Andrec
595 2985 732 3054 illustris
747 2988 845 3070 Regis
862 2985 1006 3071 Vngarie
1022 2988 1143 3056 domini
1160 2991 1261 3058 nostri

130 3097 353 3178 deduxissent,
371 3101 526 3162 etcontra
542 3095 681 3161 eundem
699 3095 853 3162 Comitem
869 3095 1073 3164 Dominicum
1090 3097 1153 3184 ipsi
1171 3099 1262 3167 facta

131 3207 268 3274 accione
298 3199 475 3270 secundum
507 3200 644 3267 formam
666 3201 783 3287 judioij
802 3201 1019 3271 mediantibus
1036 3203 1258 3274 instrumentis

130 3321 164 3380 et
179 3311 298 3378 litteris
314 3328 410 3393 quam
428 3301 585 3396 pluribus,
602 3307 753 3378 videlicet
769 3310 889 3376 domini
919 3311 1067 3378 Ladizlai
1099 3315 1262 3398 quondam

130 3417 232 3504 Regis
264 3413 407 3500 Vngarie
439 3415 491 3500 pie
521 3413 770 3502 recordacionis,
801 3423 833 3484 et
865 3417 1086 3487 Viceiudicum
1119 3419 1262 3490 eiusdem

132 3528 335 3594 diuersorum
368 3522 401 3588 in
433 3521 610 3589 Preseocia
650 3521 794 3592 eiusdem
835 3523 959 3591 domini
990 3525 1118 3595 Andree
1150 3529 1261 3614 Regis,

131 3631 337 3721 presentibus
369 3630 471 3696 eciam
506 3629 743 3697 venerabilibus
775 3631 922 3716 patribus
953 3631 1081 3702 domiuo
1112 3636 1263 3706 Johsnne

131 3737 388 3824 Archiepiscopo
405 3735 583 3821 colocensi,
599 3736 729 3803 domino
746 3737 923 3806 Benedicto
954 3739 1112 3827 Episcopo
1145 3743 1261 3813 Wars-

132 3846 252 3930 diensi,
285 3843 454 3910 Dominico
485 3842 644 3926 Magistro
676 3843 932 3913 Tauarnioorum
965 3847 1110 3915 eiusdem
1142 3851 1264 3920 domini

130 3953 244 4040 Regis,
261 3949 419 4032 Magistro
435 3947 604 4016 Demetrio
637 3949 761 4017 Comite
794 3952 835 4017 de
867 3951 989 4038 Zolum,
1021 3953 1179 4040 Magistro
1211 3959 1266 4028 Jo-

131 4063 244 4129 basnc
274 4057 340 4124 filio
357 4056 483 4143 Chaalr,
502 4055 657 4140 Magistro
677 4059 772 4144 Moys
787 4058 855 4126 lilio
872 4060 1009 4149 Alberty
1024 4064 1216 4154 Beronibus,
1235 4075 1268 4134 et

131 4169 212 4254 alijs
226 4163 400 4232 Nobilibus
416 4163 521 4248 Regni
554 4183 652 4247 quern
684 4165 842 4251 pluribus,
875 4168 930 4251 qui
961 4168 1104 4252 predicto
1135 4173 1264 4243 Judicio

132 4273 237 4360 Regio
268 4271 491 4354 interfuerunt,
518 4271 697 4358 peripsum
715 4271 870 4340 Comitem
888 4273 1092 4342 Dominicum
1110 4277 1145 4345 in
1161 4281 1266 4350 forme

132 4379 257 4467 Judioij
276 4377 441 4463 exhibitis,
458 4383 571 4446 contro
604 4379 693 4464 ipsos
724 4381 758 4446 in
789 4385 868 4448 nota
891 4382 1078 4469 calumpnia
1108 4387 1266 4472 legittime

130 4485 275 4557 conuicti
305 4483 453 4570 luissent,
470 4504 529 4570 pro
547 4503 585 4551 eo
602 4485 679 4570 quia
704 4485 810 4572 ipsam
826 4505 958 4554 causam
973 4489 1007 4555 in
1022 4485 1109 4559 teoto
1126 4492 1268 4563 destruc·

130 4595 237 4665 cionis
269 4591 512 4677 possessionum
556 4609 665 4660 eorum
698 4601 843 4678 tempore
878 4593 982 4680 ipsius
1014 4595 1136 4666 domini
1167 4603 1276 4688 Regis-
