3148 5146
766 309 927 411 „nop—

283 504 467 587 osuebatur,
482 503 544 573 hoo
559 503 672 571 ordine
687 501 907 588 distinguntur
922 527 929 569 :
946 499 1055 569 Prima
1085 509 1173 570 meta
1203 501 1416 589 progreditur

282 609 326 677 ab
342 610 502 696 aquilone,
522 609 578 676 ubi
594 615 644 678 est
659 615 748 677 meta
763 614 872 678 terrea
887 610 982 676 iuxta
997 628 1117 693 aquam
1134 607 1220 678 Ikua
1243 619 1391 680 renatam
1404 635 1415 698 ς

282 736 423 802 vergens
439 715 558 785 abhinc
574 716 618 784 ed
635 715 804 784 meridiem
820 715 974 800 peruenit
988 713 1033 782 ad
1049 715 1265 804 duasmetus3
1279 737 1414 786 ourreus

286 824 395 893 adhue
411 824 532 892 direete
547 823 694 912 peruenit
708 822 752 891 ad
768 821 852 890 (luas
867 831 973 891 metas
989 829 1123 911 terrem,
1156 843 1294 908 quarum
1309 824 1415 894 altera

283 932 431 1000 srutioem
446 930 558 1000 salinis
574 929 799 1017 amplexatum
814 927 953 998 tendens
969 929 1076 998 adhue
1093 931 1137 999 ad
1153 930 1323 1000 meridiem
1339 939 1418 1000 sunt

286 1041 351 1108 dne
366 1043 470 1122 mete;
494 1037 613 1105 deinde
630 1037 800 1104 declinans
818 1055 930 1103 versus
956 1035 1157 1105 occidentem
1188 1039 1340 1124 peruenit
1373 1039 1416 1105 ad

286 1145 369 1212 duas
384 1150 500 1230 metus,
531 1163 595 1228 que
610 1149 685 1210 sunt
699 1142 793 1210 iuxta
807 1141 896 1211 uiam
925 1141 1091 1226 publioam
1121 1144 1210 1211 eires
1240 1143 1415 1212 ecelesiam

287 1251 402 1320 Sancti
417 1249 564 1333 Nieolni3
587 1252 620 1318 iu
636 1269 701 1335 qun
717 1248 849 1332 quidem
865 1248 920 1316 ria
945 1249 1140 1318 declinando
1170 1250 1215 1318 ad
1244 1251 1413 1320 meridiem
1439 1323 1441 1326 ,

285 1359 386 1428 eurrit
401 1358 446 1426 ud
462 1364 600 1443 quatuor
614 1365 719 1426 metes
736 1357 924 1442 angulares,
959 1374 1022 1439 que
1038 1357 1166 1425 suntin
1197 1357 1342 1442 virgulto
1374 1380 1415 1428 ex

286 1475 423 1554 vtraque
438 1471 533 1554 parte
550 1464 612 1552 uie,
644 1484 780 1548 quarum
796 1483 863 1532 una
878 1473 1012 1550 separat
1027 1483 1139 1532 uersus
1156 1465 1311 1534 orientem
1335 1467 1414 1552 lilijs

284 1573 402 1641 llonhu
416 1571 644 1657 iobugionibus
661 1569 777 1656 casui,
793 1571 900 1638 altera
916 1590 993 1640 nero
1009 1571 1160 1657 disbngit
1173 1591 1196 1639 a
1210 1572 1305 1640 terris
1315 1593 1414 1660 popu·

282 1681 389 1748 lorum
403 1681 483 1748 ville
498 1677 644 1764 Bodogd,
660 1677 761 1747 tercia
776 1683 885 1746 antem
901 1679 1092 1764 separated
1117 1679 1288 1748 meridiem
1313 1703 1416 1768 popu·

282 1787 325 1856 its
341 1788 419 1856 ville
435 1785 579 1872 Ohalad3
596 1784 714 1854 deinde
729 1785 897 1853 declinans
912 1804 1027 1853 uersus
1045 1785 1243 1855 oeuidentem
1254 1789 1415 1858 enrrendo

283 1895 319 1963 in
335 1895 450 1966 eodem
465 1895 605 1982 virgulto
619 1893 768 1980 peruenit
783 1891 826 1961 ad
837 1893 924 1962 uiam
934 1897 1092 1962 barnotwt
1103 1901 1277 1982 uooatnm;
1294 1896 1416 1964 abhine

283 2003 421 2070 tendens
437 2002 481 2070 ud
496 1999 761 2087 septemtrionem
777 1997 927 2068 similiter
941 1999 976 2066 in
992 1999 1107 2068 eodem
1123 1998 1267 2086 uirgulto
1297 2022 1419 2087 perus-1

285 2111 335 2178 nit
351 2109 395 2177 nd
409 2129 507 2180 uuam
523 2127 676 2194 magnam
693 2111 824 2194 metum,
857 2126 920 2190 que
936 2115 1068 2193 separat
1083 2129 1105 2177 a
1120 2114 1208 2176 terra
1239 2109 1415 2178 ouiusdam

285 2216 408 2286 Maroel
423 2223 551 2297 noenta,
566 2233 704 2301 vergens
722 2213 829 2283 adhue
844 2213 968 2283 direote
993 2215 1037 2285 ad
1062 2217 1330 2301 septemtrionem
1365 2223 1416 2286 est

284 2342 407 2408 magna
422 2330 518 2407 meta,
548 2341 612 2408 que
626 2328 693 2392 tres
710 2321 804 2390 iliees
818 2321 852 2387 in
868 2341 904 2392 se
919 2319 1137 2408 amplexatur,
1166 2323 1278 2408 ibique
1310 2326 1417 2394 intret

283 2429 463 2518 prediotam
479 2449 600 2514 aquam
615 2426 700 2496 litua
715 2435 878 2514 uocatam,
895 2428 989 2498 euius
1004 2427 1135 2513 quidem
1151 2445 1235 2516 aque
1250 2431 1417 2501 medietas

285 2541 418 2626 separat
432 2558 453 2605 1
468 2537 562 2605 terris
578 2535 793 2605 oastreusium
809 2534 1036 2606 (1111111111
1047 2534 1145 2624 (tgy),
1161 2544 1195 2604 et
1204 2557 1262 2624 per
1272 2538 1419 2608 medium

287 2645 433 2714 eiusdem
447 2663 531 2730 aque
544 2641 700 2712 ourrendo
715 2661 829 2710 uersus
844 2641 1032 2726 aquilonem
1049 2663 1108 2730 per
1117 2644 1253 2730 longum
1262 2647 1415 2730 spanium

287 2752 356 2822 exit
371 2752 412 2820 de
427 2752 540 2820 eadem
555 2770 670 2820 uersus
685 2749 896 2833 obsidentem,
928 2757 960 2817 et
976 2751 1125 2836 peruenit
1145 2752 1189 2819 ad
1219 2771 1319 2832 ruam
1351 2775 1418 2823 me-

286 2870 362 2946 tam,
378 2881 440 2946 que
454 2859 597 2928 eontinet
611 2857 645 2925 in
660 2877 697 2926 se
722 2859 848 2943 pirum;
872 2875 1012 2942 vergens
1043 2858 1151 2927 adhue
1182 2859 1308 2930 direote
1339 2870 1421 2932 sunt

286 2969 351 3039 due
366 2977 471 3054 mete3
495 2967 615 3059 abhino
631 2965 800 3034 deelinans
824 2984 939 3034 uersus
970 2965 1157 3049 aquilonem
1188 2969 1340 3053 peruenit
1371 2972 1419 3040 sd

287 3075 454 3161 quandem
470 3075 569 3159 uiam,
600 3075 635 3140 in
650 3093 716 3158 qua
731 3073 890 3143 ourreudo
906 3091 965 3158 per
981 3073 1142 3142 modinum
1164 3076 1314 3160 spaniam
1339 3088 1419 3147 sunt

285 3182 350 3253 due
364 3189 461 3268 mete,
477 3178 532 3247 ubi
548 3179 723 3248 refleetitur
737 3180 781 3247 ad
797 3181 973 3265 orientem
989 3181 1148 3248 ourrendo
1164 3181 1199 3248 in
1215 3201 1333 3269 eampo
1343 3204 1419 3272 per·

285 3291 377 3360 uenit
393 3288 437 3356 ad
453 3287 537 3355 duas
552 3292 677 3372 metas;
701 3286 818 3356 deinde
833 3286 1003 3355 declinans
1020 3287 1064 3354 ad
1079 3287 1248 3356 meridiem
1264 3293 1420 3374 peruenit

288 3399 332 3466 ud
347 3395 526 3483 prediotum
542 3413 661 3479 aquam
672 3393 765 3480 Iliun,
775 3393 885 3477 ibique
894 3395 1095 3462 terminatur.
1110 3393 1149 3460 In
1160 3393 1251 3464 ouius
1261 3397 1310 3463 rei
1320 3398 1423 3465 nerti-
1563 3409 1564 3424 ¹

289 3505 432 3572 tudinem
448 3509 617 3585 presentes
634 3501 853 3569 oonoessimus
869 3499 995 3569 litteras
1011 3501 1176 3588 dupplieis
1193 3501 1296 3586 sigilli
1311 3506 1422 3574 nostri
1563 3557 1564 3586 r

288 3607 466 3680 munimine
482 3611 662 3676 roboratas.
687 3609 807 3675 Datum
832 3627 890 3694 per
920 3627 1035 3676 manns
1066 3608 1226 3694 Magistri·
1245 3609 1422 3681 Benedicti

286 3719 408 3788 Sanete
422 3713 656 3801 Strigoniensis
672 3715 819 3782 Eoolesie
835 3716 951 3803 diecti,
982 3717 1144 3801 Ptepositi
1161 3715 1326 3786 Budensis
1341 3721 1429 3788 aule·
1563 3783 1564 3792 ,

287 3832 397 3894 nostre
414 3820 689 3906 Vionaneellarij
708 3821 820 3888 dileeti
836 3830 868 3889 et
892 3821 997 3891 fidelis
1023 3822 1134 3905 nostri,
1164 3842 1251 3890 enno
1282 3824 1425 3895 Domini

285 3927 515 4002 M⁰OO⁰LXX⁰
531 3935 654 4013 quarto,
669 3929 773 4013 Regni
789 3934 896 3998 autem
912 3929 1017 3998 nostri
1032 3949 1119 3998 anno
1135 3930 1289 3998 seeundo.
1314 3931 1427 4002 Vene-
1563 3919 1564 3962 Τ

286 4039 444 4110 rabilibus
460 4035 606 4120 patribus
621 4029 786 4122 Stephano
803 4036 971 4106 (tolonensi
988 4045 1020 4106 et
1044 4037 1195 4106 iohanne
1226 4038 1427 4124 spalatensi

285 4143 566 4232 Arubiepisuopis;
588 4144 761 4230 Lamperto
776 4145 941 4235 Agriensi,
957 4145 1085 4214 Brieoio
1102 4145 1336 4232 (ibanadiensi,
1353 4148 1424 4218 Job

286 4248 640 4338 Quinqueeoolesiensi,
655 4251 761 4317 Paulo
777 4251 1013 4337 vesprimiensi
1029 4251 1107 4320 aule
1122 4259 1233 4322 nostre
1249 4253 1426 4326 (lanosita-

285 4359 346 4443 rio,
362 4357 517 4444 Philippo
534 4358 609 4425 aule
626 4356 755 4426 domine
772 4356 926 4448 (Regius)
942 4359 1116 4428 karissime
1133 4361 1427 4433 oonsortisnostre

288 4463 504 4552 Ounoollario,
537 4461 728 4534 Lodomerio
744 4464 951 4549 Varadiensi,
982 4467 1165 4555 'tymotheo
1191 4466 1429 4560 Zagrabiensi,

244 4609 257 4630 ι
284 4570 436 4641 Diouisio
451 4570 615 4641 lauriensi
631 4577 663 4639 et
678 4574 774 4641 Petro
789 4573 1028 4644 'itanssiluauo
1044 4572 1217 4660 Episcopis
1249 4573 1431 4648 Eeolesius
