3148 5146
624 273 783 370 Q

134 475 247 540 essent
263 475 350 536 mete
367 474 482 554 terrae,
497 469 644 554 superior
660 487 740 556 pars
756 467 863 554 stagni
880 473 965 536 esset
990 466 1161 554 Johannis,
1185 468 1238 536 int
1268 507 1281 516 -

140 579 208 646 rior
222 595 300 644 vero
317 595 395 663 pars
411 581 498 643 esset
513 576 658 643 Marcelli
689 575 747 660 filij
779 574 973 644 Salomonis.
1012 576 1095 642 Item
1125 595 1147 642 a
1177 581 1282 644 terra¹

134 685 301 753 Johannis
316 683 373 770 filij
391 683 520 753 Jeztreb
536 683 583 750 sio
600 690 810 772 separaretur
826 708 834 749 :
850 683 1007 771 insiperet
1023 683 1116 750 iuxta
1140 682 1285 771 Zamos,.

135 793 199 860 iret
214 811 320 877 usque
335 791 379 860 ad
395 790 594 877 Megkerelr3
618 797 767 878 preterea
782 792 844 859 iret
870 791 913 858 ad
944 779 1172 878 Almaslrerelr,
1204 811 1268 874 que

139 908 231 969 esset
247 900 350 988 ipsius
366 897 536 986 iohannis,
553 899 609 966 ubi
625 905 734 968 essent
765 899 828 967 dne
858 905 960 982 mete;
984 897 1104 966 abhino
1135 899 1197 966 iret
1228 897 1271 966 ad

138 1006 252 1076 Kerek
268 1014 435 1094 stagnum,
452 1012 484 1074 et
500 1008 549 1075 sie
564 1014 649 1076 mete
665 1005 750 1076 dioto
776 1015 860 1076 terre
885 1008 1142 1075 terminarentur.
1183 1006 1270 1074 Obli-

139 1119 256 1198 gasset
271 1113 375 1182 eeiam
403 1115 571 1200 sepefatus
596 1112 755 1201 Andreas,
788 1114 873 1201 quod
904 1113 1085 1199 quieunque
1115 1132 1271 1199 processu

137 1222 298 1305 temporis
313 1221 496 1288 Johannem
511 1221 693 1306 prediorum
718 1219 850 1289 raoione
881 1219 1027 1308 predicte
1058 1225 1141 1286 terre
1171 1221 1272 1288 vellet

140 1329 332 1416 molestare,
348 1337 426 1396 tuno
441 1329 597 1415 expedire
612 1336 777 1398 teneretur
792 1330 854 1396 stb.
890 1327 1010 1396 Datum
1027 1325 1118 1395 Bude
1142 1333 1271 1414 septua·
1338 1333 1342 1343 '

139 1436 269 1522 gesimo
287 1435 339 1505 die
357 1442 546 1504 oetauarum
563 1435 640 1504 festi
664 1436 922 1524 Epiphaniarum
947 1434 1080 1503 Domini
1111 1435 1271 1520 prediatu-

145 1566 217 1613 mm
234 1565 321 1612 anno
338 1543 471 1614 Domini
488 1545 659 1616 millesimo
676 1545 974 1632 quadrigentesimo
990 1542 1152 1612 trioesimo
1163 1542 1288 1612 toreio.

351 1743 489 1804 (Eredetie
509 1757 526 1793 a
543 1744 627 1794 budsi
645 1744 699 1794 kir.
718 1744 844 1794 kamarai
865 1743 1058 1805 leveltttrban.)

579 2028 846 2040 -—n—--—-

679 2560 754 2628 lll.
866 2629 868 2636 ,

145 2769 177 2826 Α
195 2765 328 2849 opitu-ol
343 2760 572 2848 triptolomeus
580 2761 728 2846 jeleate'ee
743 2754 804 2827 Ν.
822 2761 940 2826 Ldezlo
955 2761 1126 2846 kiroilphoz
1150 2761 1286 2826 Kratas·-

420 2871 470 2934 len
485 2869 612 2955 helystp
628 2869 900 2954 haturjriro'adrol.
916 2869 1010 2934 1274.

237 3063 521 3132 Excellentissimo
531 3063 661 3131 domino
672 3083 781 3131 eorum
792 3061 947 3131 Ladizlao
957 3064 1018 3132 Dei
1029 3065 1141 3148 graula
1150 3064 1275 3132 illustri

145 3171 230 3259 Regi
245 3171 413 3256 Hungarie
430 3171 611 3258 Capitulum
627 3171 775 3239 Eeolesia
791 3170 963 3240 Nitriensis
973 3171 1142 3240 oraeiones
1158 3173 1194 3238 in
1215 3171 1280 3237 Do·

145 3280 235 3346 mino
244 3279 398 3348 assiduas
409 3285 442 3346 et
457 3278 600 3348 denotas.
609 3279 745 3347 Nouerit
757 3279 874 3347 Vestra
883 3280 1100 3358 Excelleneia
1112 3277 1197 3363 quod
1207 3298 1279 3344 oum

145 3407 207 3454 nos
238 3385 378 3472 reoeptis
410 3385 443 3452 in
473 3385 591 3452 litteris
617 3385 782 3454 mandatis
799 3388 915 3454 vestris
932 3391 1006 3452 eum
1024 3385 1154 3452 homine
1169 3393 1277 3453 vostro

145 3495 291 3579 Symone
306 3491 374 3562 tilio
400 3493 496 3580 vyua
513 3493 553 3561 de
570 3491 689 3561 Saneto
700 3495 850 3562 iohanne
866 3493 908 3561 ad
924 3493 1190 3562 reambulandum
1208 3515 1280 3580 pos-

145 3602 329 3670 sessionem
345 3601 524 3668 Alexandri
541 3601 600 3688 filij
618 3601 701 3668 Zoth
718 3601 758 3668 de
789 3601 878 3687 Agar
908 3601 1089 3670 Kezthelen
1125 3611 1279 3690 uocatam,

144 3709 324 3776 distratum
353 3707 457 3776 virum
486 3709 675 3795 Magistrum
700 3708 898 3778 Clementem
914 3707 1059 3778 Eoolesie
1074 3717 1182 3776 nostre
1198 3711 1277 3778 Leo-

143 3825 253 3883 torem
277 3817 599 3900 transmisissemusp
612 3817 711 3904 ijdem
727 3819 770 3886 ad
786 3839 845 3886 nos
860 3819 983 3886 reuersi
999 3817 1093 3885 nobis
1118 3819 1292 3884 concordi--

45 3911 62 3935 '
143 3936 201 3988 ter
215 3922 406 4009 retulerunt,
437 3925 525 4009 quod
555 3924 620 4012 ipsi
650 3924 734 3992 feria
764 3925 864 3994 tereia
895 3927 1043 4012 proxima
1075 3932 1148 4011 post
1163 3927 1281 3994 festum

143 4033 326 4098 Beatorum
357 4030 503 4120 Philippi
533 4040 566 4100 et
596 4033 712 4102 laeobi
753 4034 981 4120 Apostolorum
1021 4035 1167 4119 proxime
1198 4054 1283 4102 nune

143 4137 354 4226 preteritum,
386 4139 431 4204 ad
460 4139 577 4207 faeiem
609 4141 826 4225 possessionis
867 4141 1040 4207 Kozthelen
1083 4138 1282 4227 aecedentes,

142 4244 339 4314 conuocatis
356 4244 476 4314 vieinis
494 4252 526 4314 et
541 4247 771 4316 nommetauels
786 4245 947 4333 omuibus,
963 4247 1068 4334 ipsam
1079 4247 1280 4316 reambulas·

142 4360 224 4423 sent
257 4358 290 4420 et
305 4355 499 4422 statuissent
530 4360 566 4424 nt
581 4374 673 4422 suam
704 4355 937 4425 hereditariam
967 4355 1031 4442 ipsi
1047 4355 1232 4424 Alexandro
1249 4365 1283 4424 et

142 4461 223 4530 suis
239 4459 413 4528 heredibus
428 4461 517 4529 nullo
534 4461 769 4532 eontradietore
800 4463 962 4531 existente
993 4470 1151 4550 perpetuo
1183 4464 1291 4550 possi·-

144 4567 298 4635 rlendam
331 4569 393 4636 sub
410 4568 503 4637 metis
520 4577 552 4636 et
569 4569 714 4639 terminis
728 4570 814 4639 infra
834 4569 1295 4658 sriptis.1noipiendoridell·-
