3124 5152
626 317 691 391 273

573 410 733 422 ——m--a

95 544 128 590 ue
143 517 401 606 eoudioionihus,
419 524 528 604 preter
547 519 736 587 muneribus
753 516 838 586 iutra
853 519 985 607 notetis,
1011 526 1104 587 eruut
1120 517 1224 586 modis

92 630 232 696 omnihus
247 627 405 714 expediti,
423 647 483 694 nee
499 625 620 694 debent
636 625 775 713 emplius
787 647 844 712 per
855 627 1038 713 quempiam
1053 625 1097 694 ed
1113 627 1213 694 alium

93 737 295 822 uehereteri;
327 737 426 804 immo
457 735 485 802 si
501 735 634 820 Regalis
664 736 803 804 oolleete
831 734 920 822 ipsos
950 736 1079 803 soluere
1094 735 1217 803 eontin-
1316 754 1320 762 ·

95 851 217 932 gentem
233 845 388 912 dominus
403 845 475 912 Rex
490 843 717 928 prenominato
736 841 855 910 Comiti
871 843 1052 912 Boleherdo
1071 849 1128 910 eut
1158 862 1216 910 suo

95 953 271 1022 sueeessori
312 951 491 1035 relaxaret,
524 951 662 1036 prefatis
702 952 832 1038 populis
864 959 972 1042 essent
1002 952 1169 1035 relaxatu3
1192 951 1221 1020 si

94 1069 194 1127 autem
211 1059 351 1128 eandem
368 1059 542 1126 collectam
558 1061 628 1139 Rex
644 1061 812 1145 exhigeret
828 1061 868 1128 ah
887 1059 979 1147 ipsis,
996 1061 1111 1128 Comes
1142 1060 1216 1126 Bol-

93 1167 227 1236 rhardus
243 1168 419 1238 refundere
434 1173 492 1236 eut
507 1167 540 1233 in
558 1175 742 1253 compotum
761 1167 981 1254 predictarum
996 1168 1216 1253 quadraginta

95 1295 268 1344 mereurum
284 1276 430 1361 reeipere
446 1282 621 1342 teneretur.
639 1276 722 1343 Item
738 1296 870 1344 munere
894 1276 1018 1345 debunt
1047 1281 1163 1361 quater
1178 1275 1212 1341 in

94 1403 193 1464 ruu03
217 1385 323 1468 primo
354 1385 389 1448 in
404 1384 487 1450 festo
503 1383 598 1450 Beati
617 1383 747 1450 Martini
764 1383 805 1450 de
821 1385 969 1466 quelibet
987 1385 1079 1452 ouria
1094 1382 1219 1454 dabunt

95 1511 184 1558 mum
200 1491 336 1576 pullum,
353 1494 386 1559 et
402 1510 500 1558 vnum
516 1510 645 1576 panem,
662 1496 695 1559 et
711 1512 778 1558 vrrs
798 1492 925 1560 mansio
951 1491 1119 1560 dimidiam
1149 1511 1218 1559 sor·

94 1598 191 1665 letum
224 1598 266 1666 de
295 1619 420 1684 auenu5
445 1599 521 1666 item
553 1598 588 1663 in
606 1599 788 1665 Natiuitete
817 1593 948 1667 Domini
967 1597 1110 1683 quelibet
1125 1601 1216 1668 eurio.

94 1725 190 1774 unum
206 1705 345 1796 pullum,
364 1713 396 1774 et
411 1727 508 1774 vnum
529 1727 658 1795 ponem,
675 1714 869 1790 aequatum
899 1706 1001 1776 idries
1032 1707 1171 1776 eeruisie
1187 1705 1220 1772 in

100 1813 269 1902 communi,
286 1818 342 1880 out
357 1812 577 1898 quadraginta
595 1811 746 1882 denarios
763 1831 819 1900 pro
835 1813 959 1902 eadem,
975 1834 1072 1882 vnum
1088 1833 1221 1900 pereum

97 1925 151 1989 eut
167 1919 326 1989 fertonem
342 1940 401 2007 pro
418 1920 541 2008 eodem,
572 1921 649 1988 item
666 1922 780 2005 queuis
797 1922 890 1989 euriu
904 1941 1001 1990 vnum
1030 1941 1157 1990 eurtum
1173 1921 1216 1988 de

97 2026 191 2112 liguis
223 2025 468 2112 comburendis3
493 2027 571 2097 item
601 2029 636 2094 in
652 2029 782 2097 Pasoha
801 2028 915 2114 queuis
931 2029 1022 2097 ouria
1037 2049 1135 2098 unum
1150 2027 1220 2116 pul-

95 2137 172 2224 lum,
187 2155 285 2203 vuum
303 2155 430 2222 penem,
446 2155 589 2224 caseum,
606 2145 638 2204 et
658 2143 794 2223 quotuor
824 2159 897 2224 oua,
931 2145 963 2204 et
994 2137 1029 2206 in
1059 2137 1220 2208 communi

96 2243 175 2311 duos
200 2261 314 2328 ugnos,
332 2249 365 2308 et
383 2247 520 2328 quatuor
536 2243 640 2311 idries
660 2245 798 2314 eeruisie
814 2251 872 2312 aut
886 2243 1106 2330 quadraginta
1122 2244 1220 2315 dena·

96 2351 160 2420 rios
191 2371 249 2436 pro
282 2349 415 2431 eedem3
439 2351 517 2418 item
533 2349 567 2418 in
599 2350 681 2418 festo
711 2353 921 2420 Pentecostes
953 2351 1097 2436 quelibet
1127 2352 1219 2420 ouria

97 2457 200 2526 soluet
231 2477 329 2524 vnum
355 2458 485 2543 pullum
510 2479 607 2526 vnum
633 2479 762 2547 ponem,
788 2467 928 2545 quatuor
947 2479 1019 2547 oue,
1036 2464 1068 2528 et
1082 2467 1222 2546 quotuor

96 2561 194 2634 idries
210 2565 348 2634 eemisie
363 2571 420 2632 aut
436 2565 655 2650 quodraginta
675 2565 826 2635 denarios
849 2586 908 2652 pro
938 2567 1062 2636 eedem.
1095 2567 1222 2646 Quibus

96 2673 243 2742 omnibus
263 2671 349 2741 detis
366 2679 399 2740 et
414 2673 597 2758 persolutis.
614 2673 763 2745 domiuus
780 2673 865 2742 terre
880 2675 1005 2745 nudam
1021 2673 1223 2742 iurisdiooio·

97 2801 168 2849 nem
182 2779 217 2847 in
235 2780 351 2846 eadem
367 2779 446 2848 villu
461 2799 520 2849 seu
533 2787 618 2849 terra
634 2782 784 2868 hebebit3
802 2783 948 2869 exeeptis
963 2779 1218 2866 trihusiudioijs,

98 2887 180 2956 furto
211 2885 347 2974 reilieet,
377 2885 552 2956 homioidio
577 2893 610 2954 et
624 2888 786 2970 incendio,
819 2909 882 2974 que
897 2888 1048 2958 dominus
1065 2895 1149 2956 terre
1164 2893 1221 2954 aut

96 3013 171 3064 suus
186 2993 338 3064 oldoiolis
353 3015 419 3064 vua
435 3015 507 3064 eum
524 2996 633 3064 villico
648 3004 680 3064 et
695 2998 829 3065 villenis
860 2997 1018 3066 iudieahit
1037 2997 1071 3066 iu
1104 2994 1220 3064 eedem
1289 3048 1294 3056 .

94 3103 183 3190 rille,
197 3103 280 3172 dous
290 3103 624 3190 purtesperoipieudo
640 3106 681 3174 de
698 3105 830 3190 eisdem,
850 3107 985 3174 tereiem
1001 3124 1079 3174 uero
1095 3109 1221 3189 partem

95 3211 219 3280 rillieus
249 3230 308 3297 pro
324 3216 470 3299 tempore
500 3211 704 3281 constitutus.
725 3215 805 3282 Item
820 3213 848 3281 si
874 3220 1053 3281 memorate
1070 3213 1149 3280 ville
1165 3210 1222 3280 de·

97 3317 209 3408 solete,
239 3321 387 3407 incensu,
419 3325 536 3388 exusto
552 3317 648 3389 luerit
663 3325 695 3390 et
710 3321 886 3408 destrueter,
903 3327 962 3389 out
977 3320 1007 3390 si
1022 3327 1110 3390 terro
1124 3319 1221 3388 fuerit

95 3428 228 3518 minuto,
245 3449 343 3515 quem
361 3426 527 3516 possident
543 3429 688 3516 hospites
703 3431 919 3517 prenominati
933 3453 941 3516 ;
965 3429 1112 3499 dominus
1137 3436 1221 3496 terre

96 3541 155 3603 eut
166 3539 215 3604 rui
231 3557 448 3627 suoeessores,
464 3545 559 3625 prout
573 3538 645 3607 lesu
661 3539 743 3607 uilla
757 3538 855 3608 suerit
871 3541 971 3607 autin
983 3545 1069 3608 terre
1084 3537 1219 3624 minute,

98 3643 131 3710 iu
147 3645 365 3730 quodraginta
381 3646 499 3715 mareis
518 3646 674 3733 premetis
706 3648 747 3715 de
779 3653 871 3716 tanto
903 3647 1044 3731 dampno
1074 3643 1220 3733 graelum

95 3749 204 3839 foetet,
234 3753 410 3822 seeundum
428 3753 515 3840 quod
530 3754 675 3840 hospites
697 3762 773 3822 sunt
790 3755 955 3841 perpessi;
979 3756 1061 3823 sieut
1075 3773 1110 3822 se
1125 3771 1218 3839 sepe-

94 3858 200 3931 dictus
214 3860 331 3930 Com'es
348 3861 549 3931 Bolehardus
565 3882 623 3948 pro
647 3881 691 3948 se,
723 3862 895 3931 heredibus
925 3861 994 3930 suis
1024 3859 1221 3928 heredumue

94 3968 337 4038 suooessorihus
368 3988 477 4038 eoram
508 3970 602 4038 nobis
634 3969 803 4054 obligauit.
835 3971 926 4058 Item,
958 3969 1042 4037 siout
1058 3967 1114 4051 qui
1129 3966 1222 4034 eluro

95 4077 171 4144 luee
184 4083 351 4162 uenerunt,
376 4077 423 4145 sie
440 4078 530 4145 olere
554 4076 637 4158 luoe,
670 4077 811 4144 uenditis
827 4077 922 4148 honis
943 4077 1011 4147 suis
1044 4081 1077 4145 et
1105 4071 1221 4142 solutis

95 4185 252 4253 omuibus·
274 4183 393 4254 debitis
425 4184 504 4272 suis,
536 4189 672 4270 eeeepte
710 4183 848 4252 lieenoio
877 4206 899 4253 u
946 4183 1057 4253 uillieo
1087 4189 1121 4253 et
1149 4178 1219 4248 suis

95 4291 292 4378 eoneiuihus,
307 4291 443 4362 liberem
462 4291 637 4360 reeedendi
656 4290 1154 4362 habeutfeoultetem.1uouius
1170 4287 1218 4356 rei

93 4399 312 4470 testimouium
341 4397 386 4468 ed
400 4399 595 4468 instantium
620 4398 764 4467 eiusdem
790 4399 925 4468 Comitis
941 4397 1127 4484 Boleherdi,
1143 4415 1216 4485 pre·

92 4514 186 4578 seule
199 4509 301 4577 eriam
317 4505 442 4576 (lomite
457 4505 622 4592 Stephano
642 4505 683 4576 de
702 4505 896 4575 Seeredahel
926 4505 1078 4576 ordinare
1107 4503 1216 4573 huius·

93 4615 185 4688 modi
223 4615 505 4703 oomposieiouem,
545 4619 714 4700 presentes
756 4613 947 4682 contulimus
986 4612 1088 4699 sigilli
1117 4613 1217 4683 nothi

201 4752 302 4804 uem.
317 4751 398 4834 mmo.
413 4752 483 4797 mer.
501 4763 545 4776 —
560 4751 632 4796 orsu.
645 4749 713 4798 mr,
1065 4721 1112 4832 Γ18
