3170 5166
838 915 914 988 cal.

310 1121 372 1190 ΙΙΙ.
395 1119 504 1188 Eadre
527 1119 705 1208 leirdlyrmlc
728 1119 952 1206 cicspdltutelai
977 1139 1147 1208 pamma
1169 1141 1191 1184 a
1214 1119 1309 1186 ericaa‘
1324 1117 1443 1204 idptm-
1583 1157 1584 1212 ἒ

311 1231 431 1314 welloe,
461 1251 483 1294 a
510 1227 616 1294 Bardi
640 1230 672 1294 de
702 1226 896 1314 Kerckpcdci
910 1227 1052 1294 acmcselc
1066 1225 1144 1292 ettae
1158 1225 1318 1292 elkdcetatt
1332 1227 1442 1292 taeal-
1583 1221 1584 1258 ³

534 1334 746 1403 mcakoddeclc
762 1333 958 1422 tdrpya'bac.
983 1333 1214 1402 1290-1301.
1301 1359 1311 1368 =

415 1531 564 1600 Andreas
580 1531 642 1601 Dei
657 1530 768 1618 gracia
781 1531 850 1598 Rex
876 1528 1018 1616 Vagarie
1032 1527 1182 1596 fidelibus
1197 1527 1265 1596 suis
1281 1527 1437 1614 Capitale

310 1640 460 1711 Vaciensi
489 1641 628 1709 salutem
659 1647 691 1708 et
716 1637 870 1724 graciam.
901 1635 1018 1720 Erdev,
1036 1636 1162 1724 Petrus,
1193 1635 1252 1722 St,
1274 1637 1440 1724 Detriccs,

309 1748 454 1818 Briecius
484 1747 542 1834 filij
569 1747 715 1832 Itcmeri;
739 1747 907 1814 Bemabas
937 1744 1024 1812 filius
1054 1743 1223 1829 Jcheunis,
1253 1744 1442 1826 Paananus,

309 1855 433 1925 nobiles
459 1855 500 1922 de
531 1853 620 1924 Basti
651 1861 683 1921 et
714 1852 910 1936 Kerekgodc
940 1851 1033 1920 nobis
1063 1858 1139 1920 sunt
1169 1851 1310 1918 confessi
1326 1875 1335 1920 ι
1351 1851 1442 1937 qued
1583 1851 1584 1878 ³

309 1965 435 2046 Mache,
467 1961 589 2030 Paulus
619 1961 678 2047 iilij
711 1959 847 2047 Thebis
877 1959 1070 2028 Valentinus
1101 1959 1342 2028 cumfratribus
1357 1957 1441 2048 suis,

308 2070 425 2156 olata,
457 2070 618 2138 Henricus
648 2068 735 2136 lilius
769 2067 916 2156 Georgii,
948 2065 1148 2152 Pangraclns
1178 2085 1250 2134 cum
1280 2063 1442 2137 iratribus

308 2177 385 2262 suis,
402 2179 526 2262 Petrus,
543 2175 699 2244 Nicolaus
714 2173 773 2260 filij
791 2174 953 2261 Symcnis,
970 2175 1169 2243 Laurencius
1185 2173 1268 2242 lilius
1284 2172 1390 2262 Lack,
1404 2181 1441 2242 et

308 2283 480 2354 ladislaus
498 2283 583 2352 lilius
601 2281 697 2371 Petri,
713 2301 809 2370 super
825 2281 939 2350 domos
956 2301 1066 2350 eorum
1081 2280 1259 2350 existentes
1275 2281 1311 2350 in
1335 2278 1439 2349 iirek-

307 2390 392 2475 gode
423 2411 520 2458 mauu
551 2388 717 2457 uenissent
747 2393 883 2476 armeta,
915 2395 948 2455 el
963 2387 1111 2457 homines
1127 2387 1375 2478 destruxissent,
1390 2389 1438 2458 ad

307 2497 452 2566 valorem
466 2503 594 2564 centum
611 2517 794 2565 marcarum
811 2497 987 2584 dampnum
997 2495 1044 2564 eis
1054 2495 1249 2584 intulissent,
1261 2497 1437 2566 etiratrem

306 2605 449 2692 ipsorum
480 2603 662 2674 iohannem
694 2604 824 2672 nomine
844 2603 1101 2691 interfecissent3
1127 2605 1205 2674 item
1221 2604 1438 2690 quod'Petms

306 2730 442 2798 magnus
472 2711 660 2780 Paenanum
691 2711 871 2798 predictum
902 2710 1089 2782 insidiando
1105 2713 1141 2778 in
1171 2711 1226 2780 via
1257 2711 1438 2780 mortaliter

305 2819 510 2888 uulnerasset
525 2819 616 2886 clem
642 2819 714 2888 luce
730 2817 763 2885 ln
779 2819 848 2886 loro
863 2819 1001 2907 Partus,
1019 2840 1091 2888 cum
1107 2838 1144 2888 se
1160 2819 1247 2887 idem
1262 2821 1438 2891 Panaenus

304 2927 381 3012 luge
399 2925 542 3014 presidio
558 2945 594 2993 se
610 2925 645 2992 in
659 2927 772 2995 villam
799 2925 924 3016 Paetuk
955 2925 1184 2996 transtulisset
1215 2929 1298 2996 Item
1328 2929 1439 2998 Erdcu

305 3042 338 3102 et
353 3036 468 3102 Petrus
485 3054 525 3102 ac
536 3033 591 3120 alij
605 3033 730 3103 nobiles
742 3035 846 3102 eciam
858 3033 1019 3120 dixerunt,
1036 3033 1123 3120 quod
1138 3035 1248 3103 Mathe
1265 3042 1299 3104 ct
1315 3038 1440 3108 Paulus

304 3162 345 3208 ac
361 3133 427 3227 elij‘
452 3143 628 3228 complices
660 3142 711 3210 sui
743 3141 833 3228 ipsos
863 3141 898 3210 in
929 3143 1045 3226 vigilia
1075 3144 1297 3212 Exultacicnis
1317 3145 1440 3214 Sancte

306 3247 420 3316 (lrucis
453 3249 515 3316 hcc
531 3269 617 3317 anno
632 3255 784 3336 presente
814 3251 901 3317 circa
930 3249 1043 3319 villam
1070 3251 1252 3338 Hetuwegh
1265 3251 1440 3340 Wayucde

304 3355 519 3426 insidiassent
536 3357 569 3423 in
587 3357 643 3425 via
657 3359 715 3426 litc
733 3358 902 3444 pendente,
922 3365 954 3426 et
970 3360 1100 3426 eosdem
1117 3360 1297 3427 interlicere
1316 3359 1440 3428 volnis-

303 3469 384 3532 sent
416 3465 511 3532 Vndc
543 3463 692 3534 fidelitati
708 3472 813 3534 vestre
829 3465 1024 3534 mandamur
1039 3465 1259 3554 precipiendo,
1275 3475 1440 3552 quatenus

302 3575 443 3638 vestrum
476 3571 612 3640 mittatis
653 3573 877 3642 testimonium
918 3573 1092 3660 ydoneum,
1127 3573 1219 3644 cuius
1250 3574 1439 3644 testimonio

193 3755 199 3760 ³
301 3675 460 3748 Nicolaus
492 3675 533 3748 de
566 3679 715 3748 Buehina
731 3681 826 3749 homo
858 3689 968 3749 noster
984 3682 1120 3750 accedat
1136 3703 1208 3752 eum
1224 3681 1305 3769 ipsis
1321 3673 1441 3752 nobili·

303 3785 365 3851 bus
380 3789 413 3850 et
427 3805 527 3871 super
544 3787 711 3872 premissis
726 3790 819 3876 sciat,
853 3790 965 3858 uideat
982 3781 1018 3858 et'
1043 3790 1187 3876 inquiret
1217 3790 1439 3860 omnimodum

303 3890 487 3980 ueritatem,
518 3900 551 3960 et
568 3895 709 3980 posthec,
740 3895 825 3964 sieut
850 3897 943 3965 uobis
972 3896 1093 3965 ueritas
1126 3897 1316 3986 constiterit,
1341 3900 1439 3969 nobis

303 3997 442 4089 fideliter
456 4000 653 4070 rescribatis.
685 4003 805 4073 Datum
838 4005 930 4074 Bude
961 4005 993 4072 iu
1024 4003 1107 4075 feste
1136 4005 1248 4074 Sancti
1279 4005 1439 4095 Demetrij

305 4106 457 4177 martiris.

306 4306 450 4370 (Eredctie
463 4308 648 4374 bdrhrirtyrtm
662 4324 679 4360 a
691 4310 834 4376 zdrpecset
846 4307 998 4379 elvennelt3
1017 4330 1035 4366 a
1046 4315 1125 4371 melt.
1138 4316 1208 4370 btnc
1223 4317 1443 4394 Mcdnydnsaky
1583 4323 1584 4396 l

636 4399 728 4451 csaltd
746 4401 861 4452 beczlrdi
883 4401 1097 4470 levelttrdban.)
