3112 5154
583 313 743 412 —1-r5-

98 529 157 594 pus
173 507 337 592 quondam
355 509 516 593 Tragurij,
532 510 632 592 longa
648 508 891 594 supportatione
916 507 1109 593 pontificalis
1126 513 1226 578 sarci·

98 637 134 682 nc
150 616 308 699 fatigatus
343 615 386 681 ad
402 635 473 682 eanr
490 617 624 682 ulterius
641 615 857 712 sufferendam
883 614 1053 682 debilitate
1070 619 1171 684 multa
1186 637 1227 684 ex

98 724 269 790 incurabili
299 722 485 793 infirmitate
517 724 639 809 proprij
673 725 827 810 corporis,
853 743 950 807 quam
969 723 1113 808 incurrit,
1130 745 1170 790 ac
1187 745 1227 790 ex

96 832 195 918 senio,
226 831 270 896 ad
294 829 380 914 qnod
399 830 462 895 iam
480 827 618 911 deuenit,
634 829 821 914 specialiter
846 830 1041 916 procedente
1061 837 1226 913 grandus,

97 941 138 1005 ad
166 939 311 1022 regimen
337 937 524 1006 Presulatus
541 936 639 1022 officij
657 957 774 1004 senon
795 958 890 1023 posse
916 937 1067 1006 sufficere
1099 957 1227 1005 assene-

97 1068 183 1132 rans,
216 1066 257 1112 ex
280 1045 348 1112 zelo
365 1063 429 1127 quo
445 1065 525 1130 erga
549 1045 730 1115 Ecclesiam
746 1045 994 1131 Traguricnsem
1011 1045 1226 1113 commissum-

98 1153 238 1238 quesibi
268 1151 463 1219 dominicum
496 1173 625 1237 gregem
658 1152 816 1238 feruebat,
850 1153 1012 1220 dimittere
1044 1152 1227 1220 huiusmodi

99 1261 237 1329 officium
279 1260 491 1328 Pontificatus
524 1263 632 1345 clegit,
664 1281 706 1327 ne
740 1281 800 1345 per
825 1253 1144 1346 eius'impotentiam
1174 1261 1228 1328 vel

100 1369 260 1436 defectum
277 1367 381 1452 ipsius
397 1369 506 1452 gregis
524 1377 581 1436 ant
598 1369 745 1436 Ecclesia
761 1375 872 1454 posset
887 1369 1081 1454 profectibus
1098 1387 1225 1451 quomo-

101 1478 223 1544 dolibet
253 1474 417 1560 deperire;
440 1481 563 1542 attente
588 1475 757 1559 postulans
787 1475 968 1542 cessionem
992 1475 1062 1541 eius
1088 1496 1109 1541 a
1134 1475 1228 1542 nobis

100 1585 212 1670 recipi,
229 1581 355 1666 sibique
371 1581 418 1648 sic
433 1583 526 1667 lapso
543 1583 662 1666 quietis
687 1586 800 1666 locum,
827 1601 925 1667 quem
955 1602 1015 1649 sua
1044 1581 1230 1666 requirebat

102 1690 256 1777 conditio,
297 1689 468 1772 benignius
507 1688 671 1774 indulgeri
710 1691 831 1758 volenti
870 1690 1026 1776 premissa
1058 1691 1099 1756 de
1130 1709 1230 1756 causa

103 1799 255 1884 regimini
273 1798 416 1866 Ecclesia
432 1796 546 1866 cedere
577 1799 744 1883 prelibate.
779 1799 877 1865 Cuius
908 1797 1086 1865 cessionem
1116 1805 1230 1882 sponte

103 1908 259 1992 oblatam,
292 1914 364 1990 post
394 1905 583 1992 multiplicis
614 1914 722 1972 tamen
739 1905 986 1992 supplicationis
1004 1905 1230 1972 instantiama

103 2017 226 2084 dilecto
259 2013 324 2079 filio
351 2013 508 2080 Gcrnasio
524 2013 761 2081 Archidiacono
780 2013 1001 2100 'traguriensi
1028 2020 1059 2078 et
1084 2012 1230 2080 Olinerio

102 2121 263 2189 bfonacbo
295 2119 424 2188 Ordinis
455 2120 568 2187 Sancti
591 2120 756 2187 Benedicti
789 2119 967 2207 Capellano
983 2120 1086 2204 ipsius
1103 2119 1230 2188 Oolunr-

103 2231 184 2298 bani
222 2228 393 2314 Episcopi,
441 2227 635 2294 habentibus
673 2227 715 2293 ab
755 2249 792 2296 co
825 2227 869 2293 ad
907 2226 1083 2295 cedendum
1122 2227 1231 2294 buius·

103 2337 193 2404 modi
225 2335 375 2418 regimini
407 2331 571 2401 sufficiens
602 2345 635 2403 et
666 2337 810 2420 speciale
850 2335 1048 2420 mandatum,
1081 2335 1232 2402 duximus

103 2443 364 2527 admittendam
390 2443 500 2526 sicque
517 2443 702 2528 prouisione
721 2444 868 2512 Ecclesie
884 2443 1039 2531 predicte,
1062 2463 1125 2528 que
1140 2443 1182 2508 ob
1200 2441 1232 2505 id

102 2551 251 2641 pastoris
282 2551 415 2617 carebat
445 2553 570 2634 solatio,
587 2551 622 2615 in
638 2549 862 2636 dispositionis
888 2558 995 2618 nostre
1011 2549 1143 2618 arbitrio
1160 2569 1234 2615 con·

102 2665 252 2746 sistente,
262 2679 322 2726 nos
331 2657 420 2725 felici
430 2657 632 2724 ordinacioni
649 2659 792 2725 eiusdem
809 2659 963 2746 Ecclesia,
980 2680 1077 2744 quam
1095 2663 1231 2744 paterno

102 2771 284 2856 aspicimus
316 2765 408 2833 oculo
441 2766 579 2850 pietatis,
612 2775 644 2834 et
675 2770 816 2850 gerimus
857 2768 954 2834 etiam
987 2767 1020 2830 in
1053 2763 1231 2833 visceribus

102 2877 268 2961 caritatis,
285 2873 473 2957 diligentius
490 2874 687 2958 insistentes,
705 2893 836 2960 operam
862 2873 1011 2941 dedimus
1035 2871 1231 2954 festinatam,

104 2989 140 3049 ut
157 2983 223 3068 ipsi
239 2983 383 3049 Ecclesia
399 3000 536 3067 persona
552 2982 644 3048 iuxta
658 3002 712 3048 cor
732 2989 876 3050 nostrum
895 2979 1025 3065 ydonea
1042 2978 1233 3063 proficiatur,

103 3112 147 3157 nc
164 3091 260 3157 illam
276 3089 445 3164 viduitatis
459 3090 697 3156 incommodum
730 3089 850 3156 diutius
883 3088 953 3173 pati
983 3087 1185 3171 contingeret
1201 3085 1236 3151 in

102 3219 203 3266 suum
236 3195 452 3282 spiritualiter,
479 3196 529 3264 vel
545 3197 765 3282 temporaliter
796 3195 973 3283 periculum
1001 3203 1034 3262 et
1049 3193 1234 3261 discrimen.

102 3305 206 3372 Vnde
221 3304 265 3369 ad
281 3324 454 3389 personam
470 3302 581 3371 dilecti
598 3304 655 3389 filij
676 3303 835 3372 lobannis
865 3303 966 3369 Electi
998 3301 1234 3387 Traguriensis,

102 3422 188 3479 tunc
203 3411 367 3494 Propositi
383 3411 525 3478 Ecclesia
541 3412 581 3478 de
598 3409 783 3496 Grigorissa
793 3410 1026 3497 Zagrabiensis
1041 3407 1187 3476 Diocesis
1204 3414 1236 3474 et

103 3517 269 3586 Canonici
280 3517 543 3605 ierosolimitani,
558 3519 622 3585 fide
632 3540 672 3588 ac
683 3519 853 3587 deuotione
863 3520 1040 3604 probatam,
1057 3515 1238 3600 quamcha·

101 3626 279 3693 ritatinum
291 3625 443 3693 affectum
454 3625 577 3694 habere
587 3649 650 3694 non
663 3627 859 3712 ambigimus
869 3646 947 3712 erga
956 3624 1085 3712 plebem
1092 3644 1150 3690 suo
1156 3624 1238 3707 regi·

104 3733 192 3800 mini
208 3733 477 3820 commendatam,
494 3735 682 3820 Apostolicc
698 3734 968 3802 considerationis
992 3730 1145 3800 intuitum
1162 3728 1238 3795 diri·

103 3847 238 3927 gentes,
270 3842 377 3926 ipsum
396 3842 497 3908 virum
519 3843 746 3928 multiplicium
767 3843 952 3910 decoratum
966 3840 1124 3907 varietate
1139 3837 1239 3904 virtu·

100 3959 191 4028 tum,
204 3947 396 4016 enitentium
406 3948 590 4017 redimitum
603 3950 751 4035 insigniis
762 3951 957 4034 meritorum,
975 3949 1008 4014 in
1018 3943 1240 4032 spiritualibus

99 4075 243 4142 quoque
275 4064 306 4123 et
322 4059 554 4144 temporalibus
580 4059 856 4144 circumspectum,
884 4062 979 4142 prout
1004 4054 1238 4138 fidedignornm

96 4165 250 4234 assertio
267 4183 327 4231 nos
343 4163 505 4251 instruxit,
521 4166 561 4232 de
577 4166 712 4232 fratrum
728 4171 909 4233 nostrorum
926 4162 1072 4249 consilio,
1105 4167 1138 4229 et
1153 4163 1238 4246 Apo-

96 4273 227 4342 stolice
259 4271 458 4357 plenitudine
484 4274 666 4359 potcstatis,
694 4273 801 4339 eidem
817 4271 964 4338 Ecclesia
979 4270 1190 4350 Traguricnsi
1207 4269 1240 4333 in

96 4380 170 4448 Dei
206 4379 338 4448 nomine
368 4379 400 4446 in
431 4381 626 4466 Episcopum
661 4380 853 4468 prefecimus
885 4385 916 4446 et
947 4380 1120 4462 pastorem,
1152 4372 1240 4440 illius

96 4508 222 4558 curam
239 4488 273 4553 in
290 4488 516 4573 spiritualibus
527 4494 559 4556 et
569 4488 799 4574 temporalibus
816 4485 919 4556 cidem
935 4482 1078 4553 iohanni
1094 4481 1241 4568 plenarie

94 4594 366 4676 committentes;
391 4615 449 4682 spe
465 4597 558 4663 firma
575 4602 742 4684 concepta,
756 4595 841 4678 qnod
853 4593 1011 4662 ‘Ecclesia
1026 4592 1101 4678 ipsa
1115 4589 1240 4662 Dinina
