3068 5150
82 490 270 557 certaminis
288 499 402 575 captos
417 491 535 556 Nostra
551 489 714 558 Maiestati
732 495 951 574 presentanit3
975 509 1055 572 quos
1081 490 1211 558 domino

83 597 224 666 Rudoifo
239 598 324 682 Regi
337 601 552 666 Romanorum
570 597 771 666 donauimns.
820 599 862 663 itt
878 599 911 664 in
928 619 1046 683 magno
1062 599 1213 666 eoniiietu

83 727 154 772 oum
172 706 284 774 eodem
301 709 392 793 Rege
408 707 563 774 Bobemio
590 705 675 772 idem
703 706 857 790 Magister
889 705 1048 790 Georgius
1079 712 1212 793 repente

83 815 176 881 irruit
201 813 234 880 in
252 815 446 884 horrendam
463 816 664 884 inimieorum
682 815 785 882 aciem
802 820 960 881 armatam
976 815 1122 902 pluribus
1154 815 1210 882 ad·

83 927 242 1009 ornatam,
260 923 315 989 vbi
333 923 460 990 fortiter
475 921 658 990 dimicando
676 923 781 989 extitit
813 922 997 1006 wineratus,
1029 928 1060 990 et
1091 943 1209 992 nouem

84 1028 244 1097 Bobemos
260 1031 448 1116 eaptinauit.
474 1033 610 1097 Domum
628 1031 731 1099 seiam
747 1049 819 1096 eum
836 1051 895 1096 nos
913 1031 945 1096 in
978 1036 1065 1098 etate
1096 1030 1214 1115 puerili

84 1145 156 1223 post
173 1137 295 1205 obitum
306 1138 471 1206 karissimi
483 1141 586 1225 patris
597 1139 698 1208 nostri
711 1159 847 1220 regnare
858 1139 1066 1226 cepissemus,
1083 1138 1211 1224 bython

84 1245 258 1334 Woyuoda
274 1266 340 1314 vna
356 1268 428 1315 oum
445 1248 600 1315 iratribus
615 1248 683 1315 suis
695 1269 755 1334 per
771 1267 863 1314 suam
896 1246 1120 1314 infidelitatem
1153 1249 1212 1314 aii·

84 1375 180 1438 qnam
199 1363 326 1441 partem
343 1357 384 1423 de
399 1357 512 1441 Regno
528 1363 639 1424 nostro
655 1357 743 1424 vltra
760 1357 853 1440 alpes
870 1357 1060 1422 existentem
1085 1375 1143 1440 pro
1176 1373 1229 1424 se‘

85 1470 272 1548 occuparat,
289 1469 321 1530 et
337 1471 510 1550 prouentus
526 1464 616 1532 iilius
633 1464 735 1550 pariis
760 1465 854 1530 nobis
882 1465 1079 1550 pertinentes
1111 1463 1212 1532 nuliis

84 1570 363 1638 ariruonicionibus
379 1571 514 1639 reddere
530 1572 677 1654 curabat,
694 1571 894 1658 sepedictum
912 1573 1102 1655 Magistrum
1114 1571 1212 1640 Geor·

85 1680 170 1764 gum
188 1685 306 1747 eontra
323 1681 430 1763 ipsum
447 1679 604 1766 misimus,
622 1679 677 1763 qui
696 1699 766 1745 eum
784 1697 909 1745 summo
926 1677 1094 1744 fidelitatis
1116 1699 1214 1765 opero

85 1787 262 1872 pugnaudo
279 1807 352 1854 oum
370 1787 483 1854 eodem
501 1787 607 1874 ipsum
624 1786 795 1874 interiecit,
821 1793 853 1852 ct
869 1785 1000 1852 fratrem
1032 1807 1124 1854 suum
1156 1809 1212 1854 no·

85 1895 171 1961 mine
188 1895 334 1962 Barbath
351 1895 532 1982 eaptiaauit
565 1903 597 1964 et
622 1897 715 1962 nobis
747 1893 904 1980 adduxit,
928 1913 1026 1981 super
1058 1915 1121 1979 quo
1153 1917 1212 1964 nos

86 2023 148 2068 non
165 2001 328 2070 modicam
347 2005 562 2086 quantitatum
580 2003 720 2090 pecunie
735 2001 870 2071 fecimus
888 2011 1094 2088 extorquero;
1117 2011 1149 2071 et
1164 2005 1212 2071 sin

86 2131 139 2194 per
156 2111 301 2178 eiusdem
319 2111 466 2196 Magistri
483 2112 615 2198 Georgij
632 2111 804 2179 seruieinm
821 2111 974 2179 tributum
1000 2119 1145 2179 nostrum
1177 2112 1210 2178 in

87 2217 204 2284 eisdem
222 2219 371 2303 partibus
388 2219 483 2286 nobis
500 2219 561 2287 fuit
577 2225 800 2286 restauratum.
835 2219 914 2285 Item
932 2220 965 2284 in
992 2220 1208 2304 expedicione

86 2333 203 2412 nostra,
230 2345 326 2410 quam
358 2333 471 2394 contra
502 2325 648 2394 infideles
680 2325 839 2394 Gomanos
871 2333 998 2393 nostros
1029 2326 1211 2411 habuimus,

85 2434 166 2502 idem
184 2435 341 2518 Magister
357 2434 515 2520 Georqus
532 2426 607 2502 anto
624 2434 734 2501 oculos
753 2437 869 2501 Nostro
885 2435 1066 2502 Maiestatis
1076 2435 1109 2500 in
1122 2435 1209 2521 ipsos

86 2549 237 2626 tunquam
254 2540 306 2608 leo
324 2541 414 2608 fortis
430 2541 533 2626 irruit,
566 2541 620 2609 vbi
639 2542 713 2627 equi
730 2542 875 2608 srrbsidio
892 2541 1065 2610 destitutus
1082 2543 1115 2608 in
1133 2543 1207 2629 ipsa

88 2670 161 2717 area
180 2650 367 2716 certaminis
384 2649 592 2717 acerbissime
608 2649 767 2735 prelianit,
785 2657 817 2717 et
834 2649 964 2717 diuersa
995 2651 1118 2720 wisera
1150 2650 1211 2716 ibi-

86 2757 155 2822 dem
171 2757 295 2842 reecpit
311 2757 505 2839 sagittarum
523 2762 620 2842 atque
636 2756 834 2827 lancearum.
877 2757 1028 2826 (letarum
1061 2779 1132 2826 oum
1166 2757 1208 2824 ad

87 2866 281 2932 Dormanum
298 2864 341 2930 ad
357 2863 550 2949 colloquium
567 2867 626 2932 sub
643 2865 751 2952 speeie
769 2866 857 2950 pacis
872 2866 1136 2949 acoissessemus,
1153 2865 1208 2931 vbi

87 2975 240 3058 quosdam
258 2975 402 3041 Baiones
419 2979 543 3042 nostros
559 2975 750 3062 eaptiuauit,
776 2974 861 3042 idem
876 2974 1032 3058 Magister
1049 2974 1211 3059 Georgius

87 3081 175 3148 nobis
191 3081 382 3148 fidelissima
399 3081 555 3166 obsequia
570 3080 617 3148 ibi
634 3082 779 3148 exercuit
795 3088 827 3148 et
852 3081 1019 3170 impendit,
1050 3087 1081 3146 et
1112 3101 1209 3148 vnum

87 3188 237 3276 desoeijs
254 3189 411 3255 Dormani
443 3189 588 3256 eiusdem
620 3197 752 3274 captum
783 3188 928 3256 adduxit.
969 3189 1105 3275 insuper
1136 3209 1209 3270 eum

85 3303 207 3365 nostros
224 3296 371 3364 homines
387 3296 500 3367 fideles
515 3297 744 3366 Trassiiuanos
761 3319 825 3365 vna
840 3319 911 3366 eum
927 3299 1080 3365 Comanis
1092 3299 1211 3367 nostris

87 3413 193 3473 contra
212 3407 410 3474 Dormanum
427 3412 459 3473 et
474 3409 633 3493 Buigaros
650 3407 861 3492 misissemus,
886 3394 1078 3491 Magistrum
1112 3407 1207 3476 Geor·

85 3515 167 3597 gium
184 3511 331 3581 eiusdem
349 3516 511 3582 exereitus
527 3513 741 3600 Gapitaneum
758 3515 979 3600 preficientes3
1001 3514 1088 3582 idem
1105 3515 1208 3599 Magi·

86 3627 146 3688 sier
162 3623 323 3707 Georgius
341 3624 410 3690 iooo
428 3623 461 3688 in
478 3623 590 3690 eodem
607 3629 704 3708 grata
719 3623 877 3708 obsequia
893 3624 1039 3692 exercuit
1071 3631 1103 3690 et
1135 3643 1208 3689 con·

87 3729 181 3814 digna
196 3730 314 3798 honori
329 3731 431 3814 Regis
447 3731 637 3799 Maiestatis.
661 3731 753 3799 Lieet
768 3733 893 3800 maiora
911 3737 943 3798 et
960 3732 1090 3819 pociora
1108 3751 1207 3798 merr-

91 3845 188 3924 retur3
208 3838 248 3907 de
264 3839 468 3926 plenitudine
483 3845 594 3906 nostre
611 3840 731 3926 gracie
748 3861 788 3907 ex
804 3846 895 3907 certa
911 3839 1054 3906 seieneia
1070 3845 1103 3906 et
1119 3861 1210 3908 ruera

88 3944 285 4030 iiberalitate,
301 3946 342 4015 de
358 3947 562 4015 Preiatorum
590 3955 622 4014 et
653 3948 814 4015 Baronum
846 3954 1029 4015 nostrorum
1062 3947 1229 4036 consilia,

85 4055 145 4138 ipsi
167 4055 324 4140 Magistro
341 4055 489 4138 Georgio,
506 4061 537 4122 et
554 4075 612 4140 per
627 4073 699 4123 eum
715 4054 788 4124 suis·
800 4053 972 4122 heredibus
983 4055 1207 4139 heredumque

86 4181 208 4228 snorum
225 4163 465 4230 succcessoribus
481 4162 641 4246 quasdam
658 4163 755 4230 villas
772 4167 902 4232 nostras
918 4163 1057 4248 Regales
1083 4164 1208 4251 Sowar,

86 4271 278 4356 Sowpothoir
295 4279 328 4336 et
343 4273 448 4338 Deine
465 4278 609 4359 vocatas,
627 4273 658 4337 in
677 4271 838 4339 Comitatus
856 4272 897 4338 de
908 4271 1008 4338 Surus
1020 4270 1208 4359 existentes,

87 4377 176 4443 simui
191 4399 261 4444 cunr
280 4379 392 4444 iodiua
418 4399 474 4446 seu
492 4387 588 4464 puteo
604 4380 685 4446 salis
702 4381 820 4446 ibidem
837 4379 999 4464 existenti,
1032 4378 1209 4463 quamlibet

88 4503 192 4553 earum
208 4509 278 4554 erim
295 4487 362 4554 suis
379 4487 566 4573 attincueijs
584 4495 614 4552 ot
634 4488 842 4571 prr·tiucucijs
854 4487 1023 4570 uniuersis,
1040 4486 1101 4552 sub
1113 4487 1206 4553 metis

86 4595 221 4682 antiquis
246 4603 279 4664 et
305 4595 465 4681 prioribus
497 4595 764 4662 distineoionibus
796 4597 1011 4687 terminorum,
1043 4593 1200 4682 dedimus,
