<?xml version="1.0" encoding="UTF-8"?>
<!DOCTYPE html PUBLIC "-//W3C//DTD XHTML 1.0 Transitional//EN"
    "http://www.w3.org/TR/xhtml1/DTD/xhtml1-transitional.dtd">
<html xmlns="http://www.w3.org/1999/xhtml" xml:lang="en" lang="en">
 <head>
  <title>
</title>
<meta http-equiv="Content-Type" content="text/html;charset=utf-8" />
  <meta name='ocr-system' content='tesseract 3.04.00' />
  <meta name='ocr-capabilities' content='ocr_page ocr_carea ocr_par ocr_line ocrx_word'/>
</head>
<body>
  <div class='ocr_page' id='page_1' title='image "./codexdiplomatic06wenzgoog_0433.png"; bbox 0 0 3068 5150; ppageno 0'>
   <div class='ocr_carea' id='block_1_1' title="bbox 901 975 977 1044">
    <p class='ocr_par' dir='ltr' id='par_1_1' title="bbox 901 975 977 1044">
     <span class='ocr_line' id='line_1_1' title="bbox 901 975 977 1044; baseline 0.013 -1"><span class='ocrx_word' id='word_1_1' title='bbox 901 975 977 1044; x_wconf 82' lang='lat' dir='ltr'>alt.</span> 
     </span>
    </p>
   </div>
   <div class='ocr_carea' id='block_1_2' title="bbox 373 1171 1477 1366">
    <p class='ocr_par' dir='ltr' id='par_1_2' title="bbox 373 1171 1477 1366">
     <span class='ocr_line' id='line_1_2' title="bbox 373 1171 1477 1262; baseline 0.002 -26"><span class='ocrx_word' id='word_1_2' title='bbox 373 1171 436 1237; x_wconf 90' lang='lat' dir='ltr'>IV.</span> <span class='ocrx_word' id='word_1_3' title='bbox 453 1171 569 1238; x_wconf 79' lang='lat' dir='ltr'>Ldazlri</span> <span class='ocrx_word' id='word_1_4' title='bbox 584 1173 694 1258; x_wconf 78' lang='lat' dir='ltr'>ttruty</span> <span class='ocrx_word' id='word_1_5' title='bbox 710 1197 731 1238; x_wconf 87' lang='lat' dir='ltr'>u</span> <span class='ocrx_word' id='word_1_6' title='bbox 749 1173 873 1240; x_wconf 78' lang='lat' dir='ltr'>Rarotd</span> <span class='ocrx_word' id='word_1_7' title='bbox 887 1177 1055 1262; x_wconf 78' lang='lat' dir='ltr'>uemzetsep</span> <span class='ocrx_word' id='word_1_8' title='bbox 1072 1177 1177 1260; x_wconf 79' lang='lat' dir='ltr'>tupjui</span> <span class='ocrx_word' id='word_1_9' title='bbox 1191 1175 1260 1240; x_wconf 72' lang='lat' dir='ltr'>ten</span> <span class='ocrx_word' id='word_1_10' title='bbox 1291 1179 1401 1242; x_wconf 72' lang='lat' dir='ltr'>tbrteut</span> <span class='ocrx_word' id='word_1_11' title='bbox 1426 1197 1477 1242; x_wconf 82' lang='lat' dir='ltr'>osr-</span> 
     </span>
     <span class='ocr_line' id='line_1_3' title="bbox 526 1276 1356 1366; baseline 0.007 -25"><span class='ocrx_word' id='word_1_12' title='bbox 526 1278 608 1364; x_wconf 81' lang='lat' dir='ltr'>tu&#39;lyt</span> <span class='ocrx_word' id='word_1_13' title='bbox 625 1276 656 1344; x_wconf 69' lang='lat' dir='ltr'>eo</span> <span class='ocrx_word' id='word_1_14' title='bbox 672 1277 934 1345; x_wconf 62' lang='lat' dir='ltr'>uirtute-endere</span> <span class='ocrx_word' id='word_1_15' title='bbox 949 1283 1075 1366; x_wconf 78' lang='lat' dir='ltr'>bupyju</span> <span class='ocrx_word' id='word_1_16' title='bbox 1093 1277 1229 1366; x_wconf 76' lang='lat' dir='ltr'>belybeu.</span> <span class='ocrx_word' id='word_1_17' title='bbox 1256 1281 1356 1348; x_wconf 78' lang='lat'><em>1283.</em></span> 
     </span>
    </p>
   </div>
   <div class='ocr_carea' id='block_1_3' title="bbox 369 1473 1526 4453">
    <p class='ocr_par' dir='ltr' id='par_1_3' title="bbox 369 1473 1526 4460">
     <span class='ocr_line' id='line_1_4' title="bbox 481 1473 1478 1562; baseline 0.006 -26"><span class='ocrx_word' id='word_1_18' title='bbox 481 1473 656 1540; x_wconf 84' lang='lat' dir='ltr'>Ladiulaus</span> <span class='ocrx_word' id='word_1_19' title='bbox 687 1474 748 1540; x_wconf 91' lang='lat' dir='ltr'>Dei</span> <span class='ocrx_word' id='word_1_20' title='bbox 780 1477 893 1558; x_wconf 80' lang='lat' dir='ltr'><strong>gracia</strong></span> <span class='ocrx_word' id='word_1_21' title='bbox 923 1474 1102 1560; x_wconf 87' lang='lat' dir='ltr'>Hungarie,</span> <span class='ocrx_word' id='word_1_22' title='bbox 1137 1476 1318 1562; x_wconf 89' lang='lat' dir='ltr'>Dalmaoie,</span> <span class='ocrx_word' id='word_1_23' title='bbox 1355 1475 1478 1561; x_wconf 67' lang='lat' dir='ltr'>moute,</span> 
     </span>
     <span class='ocr_line' id='line_1_5' title="bbox 373 1577 1479 1671; baseline 0.001 -23"><span class='ocrx_word' id='word_1_24' title='bbox 373 1582 484 1666; x_wconf 85' lang='lat' dir='ltr'>Bame,</span> <span class='ocrx_word' id='word_1_25' title='bbox 500 1579 622 1664; x_wconf 87' lang='lat' dir='ltr'>Seruis,</span> <span class='ocrx_word' id='word_1_26' title='bbox 655 1577 807 1666; x_wconf 82' lang='lat' dir='ltr'>Gallicis,</span> <span class='ocrx_word' id='word_1_27' title='bbox 848 1581 1050 1667; x_wconf 80' lang='lat' dir='ltr'>bodomeric,</span> <span class='ocrx_word' id='word_1_28' title='bbox 1085 1581 1253 1671; x_wconf 79' lang='lat' dir='ltr'>Cumanis,</span> <span class='ocrx_word' id='word_1_29' title='bbox 1285 1585 1479 1667; x_wconf 80' lang='lat' dir='ltr'>Bulgarieque</span> 
     </span>
     <span class='ocr_line' id='line_1_6' title="bbox 374 1685 1480 1776; baseline -0.003 -22"><span class='ocrx_word' id='word_1_30' title='bbox 374 1687 445 1754; x_wconf 88' lang='lat' dir='ltr'>Rex</span> <span class='ocrx_word' id='word_1_31' title='bbox 476 1685 622 1753; x_wconf 91' lang='lat' dir='ltr'>omuibus</span> <span class='ocrx_word' id='word_1_32' title='bbox 639 1685 761 1752; x_wconf 83' lang='lat' dir='ltr'>Christi</span> <span class='ocrx_word' id='word_1_33' title='bbox 777 1687 927 1754; x_wconf 91' lang='lat' dir='ltr'>fidelibus</span> <span class='ocrx_word' id='word_1_34' title='bbox 953 1696 1019 1754; x_wconf 88' lang='lat' dir='ltr'>tam</span> <span class='ocrx_word' id='word_1_35' title='bbox 1037 1689 1254 1776; x_wconf 78' lang='lat' dir='ltr'>presentibus,</span> <span class='ocrx_word' id='word_1_36' title='bbox 1273 1709 1371 1774; x_wconf 89' lang='lat' dir='ltr'>quam</span> <span class='ocrx_word' id='word_1_37' title='bbox 1385 1689 1480 1756; x_wconf 85' lang='lat' dir='ltr'>suturis</span> 
     </span>
     <span class='ocr_line' id='line_1_7' title="bbox 374 1793 1480 1880; baseline 0.003 -23"><span class='ocrx_word' id='word_1_38' title='bbox 374 1813 508 1879; x_wconf 75' lang='lat' dir='ltr'>presens</span> <span class='ocrx_word' id='word_1_39' title='bbox 525 1793 680 1877; x_wconf 89' lang='lat' dir='ltr'>seriptum</span> <span class='ocrx_word' id='word_1_40' title='bbox 697 1793 891 1880; x_wconf 90' lang='lat' dir='ltr'>inspecturis</span> <span class='ocrx_word' id='word_1_41' title='bbox 923 1795 1062 1861; x_wconf 87' lang='lat' dir='ltr'>salutem</span> <span class='ocrx_word' id='word_1_42' title='bbox 1088 1795 1120 1862; x_wconf 91' lang='lat' dir='ltr'>iu</span> <span class='ocrx_word' id='word_1_43' title='bbox 1152 1797 1293 1864; x_wconf 90' lang='lat' dir='ltr'>omnium</span> <span class='ocrx_word' id='word_1_44' title='bbox 1326 1798 1480 1864; x_wconf 84' lang='lat' dir='ltr'>saluators.</span> 
     </span>
     <span class='ocr_line' id='line_1_8' title="bbox 374 1899 1481 1989; baseline 0.002 -23"><span class='ocrx_word' id='word_1_45' title='bbox 374 1901 426 1967; x_wconf 87' lang='lat' dir='ltr'>Ad</span> <span class='ocrx_word' id='word_1_46' title='bbox 451 1903 673 1966; x_wconf 85' lang='lat' dir='ltr'>uniuersorum</span> <span class='ocrx_word' id='word_1_47' title='bbox 689 1899 789 1984; x_wconf 89' lang='lat' dir='ltr'>igitur</span> <span class='ocrx_word' id='word_1_48' title='bbox 805 1901 957 1968; x_wconf 80' lang='lat' dir='ltr'>noticiam</span> <span class='ocrx_word' id='word_1_49' title='bbox 975 1904 1091 1968; x_wconf 87' lang='lat' dir='ltr'>harum</span> <span class='ocrx_word' id='word_1_50' title='bbox 1108 1905 1192 1970; x_wconf 91' lang='lat' dir='ltr'>serie</span> <span class='ocrx_word' id='word_1_51' title='bbox 1217 1905 1365 1971; x_wconf 90' lang='lat' dir='ltr'>volumus</span> <span class='ocrx_word' id='word_1_52' title='bbox 1387 1921 1481 1989; x_wconf 89' lang='lat' dir='ltr'>perue-</span> 
     </span>
     <span class='ocr_line' id='line_1_9' title="bbox 374 2008 1481 2095; baseline -0.002 -22"><span class='ocrx_word' id='word_1_53' title='bbox 374 2008 456 2095; x_wconf 85' lang='lat' dir='ltr'>nire,</span> <span class='ocrx_word' id='word_1_54' title='bbox 486 2009 570 2090; x_wconf 85' lang='lat' dir='ltr'>qnod</span> <span class='ocrx_word' id='word_1_55' title='bbox 603 2027 674 2073; x_wconf 85' lang='lat' dir='ltr'>eum</span> <span class='ocrx_word' id='word_1_56' title='bbox 692 2008 819 2075; x_wconf 91' lang='lat' dir='ltr'>nobiles</span> <span class='ocrx_word' id='word_1_57' title='bbox 835 2009 898 2074; x_wconf 86' lang='lat' dir='ltr'>viri</span> <span class='ocrx_word' id='word_1_58' title='bbox 913 2009 1060 2094; x_wconf 80' lang='lat' dir='ltr'>Magistri</span> <span class='ocrx_word' id='word_1_59' title='bbox 1077 2010 1251 2077; x_wconf 77' lang='lat' dir='ltr'>Rotundus</span> <span class='ocrx_word' id='word_1_60' title='bbox 1266 2019 1300 2078; x_wconf 88' lang='lat' dir='ltr'>et</span> <span class='ocrx_word' id='word_1_61' title='bbox 1315 2011 1420 2079; x_wconf 86' lang='lat' dir='ltr'>Dasea</span> <span class='ocrx_word' id='word_1_62' title='bbox 1434 2008 1481 2073; x_wconf 87' lang='lat' dir='ltr'>filil</span> 
     </span>
     <span class='ocr_line' id='line_1_10' title="bbox 373 2113 1481 2205; baseline 0 -25"><span class='ocrx_word' id='word_1_63' title='bbox 373 2115 571 2196; x_wconf 87' lang='lat' dir='ltr'>Leustaohii,</span> <span class='ocrx_word' id='word_1_64' title='bbox 587 2113 774 2182; x_wconf 91' lang='lat' dir='ltr'>Dominious</span> <span class='ocrx_word' id='word_1_65' title='bbox 792 2121 824 2180; x_wconf 91' lang='lat' dir='ltr'>et</span> <span class='ocrx_word' id='word_1_66' title='bbox 840 2117 1017 2183; x_wconf 86' lang='lat' dir='ltr'>Ladizlaus</span> <span class='ocrx_word' id='word_1_67' title='bbox 1033 2117 1092 2183; x_wconf 89' lang='lat' dir='ltr'>filii</span> <span class='ocrx_word' id='word_1_68' title='bbox 1122 2115 1327 2205; x_wconf 87' lang='lat' dir='ltr'>St(ephani),</span> <span class='ocrx_word' id='word_1_69' title='bbox 1360 2116 1481 2203; x_wconf 81' lang='lat' dir='ltr'>Reyuol·</span> 
     </span>
     <span class='ocr_line' id='line_1_11' title="bbox 374 2221 1481 2311; baseline 0.001 -23"><span class='ocrx_word' id='word_1_70' title='bbox 374 2223 437 2288; x_wconf 91' lang='lat' dir='ltr'>dus</span> <span class='ocrx_word' id='word_1_71' title='bbox 453 2229 485 2287; x_wconf 93' lang='lat' dir='ltr'>et</span> <span class='ocrx_word' id='word_1_72' title='bbox 501 2221 655 2287; x_wconf 86' lang='lat' dir='ltr'>Nicolsus</span> <span class='ocrx_word' id='word_1_73' title='bbox 673 2221 730 2287; x_wconf 87' lang='lat' dir='ltr'>lilii</span> <span class='ocrx_word' id='word_1_74' title='bbox 756 2221 903 2308; x_wconf 87' lang='lat' dir='ltr'>Olyuerii</span> <span class='ocrx_word' id='word_1_75' title='bbox 919 2224 959 2290; x_wconf 92' lang='lat' dir='ltr'>de</span> <span class='ocrx_word' id='word_1_76' title='bbox 975 2243 1095 2307; x_wconf 82' lang='lat' dir='ltr'>genere</span> <span class='ocrx_word' id='word_1_77' title='bbox 1124 2222 1276 2311; x_wconf 87' lang='lat' dir='ltr'>Ratoldy,</span> <span class='ocrx_word' id='word_1_78' title='bbox 1308 2226 1481 2309; x_wconf 77' lang='lat' dir='ltr'>Magistrum</span> 
     </span>
     <span class='ocr_line' id='line_1_12' title="bbox 375 2325 1483 2414; baseline -0.002 -20"><span class='ocrx_word' id='word_1_79' title='bbox 375 2326 533 2394; x_wconf 90' lang='lat' dir='ltr'>Muthiam</span> <span class='ocrx_word' id='word_1_80' title='bbox 549 2328 648 2392; x_wconf 89' lang='lat' dir='ltr'>lilium</span> <span class='ocrx_word' id='word_1_81' title='bbox 666 2327 808 2393; x_wconf 88' lang='lat' dir='ltr'>Rorandi</span> <span class='ocrx_word' id='word_1_82' title='bbox 823 2329 907 2394; x_wconf 91' lang='lat' dir='ltr'>Bani</span> <span class='ocrx_word' id='word_1_83' title='bbox 923 2329 964 2396; x_wconf 92' lang='lat' dir='ltr'>de</span> <span class='ocrx_word' id='word_1_84' title='bbox 996 2330 1110 2396; x_wconf 88' lang='lat' dir='ltr'>eadem</span> <span class='ocrx_word' id='word_1_85' title='bbox 1141 2332 1357 2414; x_wconf 85' lang='lat' dir='ltr'>generacione</span> <span class='ocrx_word' id='word_1_86' title='bbox 1381 2325 1483 2398; x_wconf 85' lang='lat' dir='ltr'>Ratold</span> 
     </span>
     <span class='ocr_line' id='line_1_13' title="bbox 374 2433 1483 2522; baseline -0.003 -21"><span class='ocrx_word' id='word_1_87' title='bbox 374 2453 472 2520; x_wconf 89' lang='lat' dir='ltr'>snper</span> <span class='ocrx_word' id='word_1_88' title='bbox 487 2433 574 2500; x_wconf 85' lang='lat' dir='ltr'>iacto</span> <span class='ocrx_word' id='word_1_89' title='bbox 591 2433 819 2518; x_wconf 86' lang='lat' dir='ltr'>dissipacionis</span> <span class='ocrx_word' id='word_1_90' title='bbox 837 2443 869 2500; x_wconf 90' lang='lat' dir='ltr'>et</span> <span class='ocrx_word' id='word_1_91' title='bbox 885 2435 1098 2502; x_wconf 88' lang='lat' dir='ltr'>alienaeionis</span> <span class='ocrx_word' id='word_1_92' title='bbox 1115 2436 1358 2522; x_wconf 87' lang='lat' dir='ltr'>possessionum</span> <span class='ocrx_word' id='word_1_93' title='bbox 1369 2453 1483 2504; x_wconf 86' lang='lat' dir='ltr'>suarum</span> 
     </span>
     <span class='ocr_line' id='line_1_14' title="bbox 378 2541 1483 2626; baseline -0.001 -17"><span class='ocrx_word' id='word_1_94' title='bbox 378 2542 581 2616; x_wconf 88' lang='lat' dir='ltr'>ad.uostram</span> <span class='ocrx_word' id='word_1_95' title='bbox 597 2541 734 2624; x_wconf 83' lang='lat' dir='ltr'>Regiam</span> <span class='ocrx_word' id='word_1_96' title='bbox 750 2541 924 2626; x_wconf 79' lang='lat' dir='ltr'>specialem</span> <span class='ocrx_word' id='word_1_97' title='bbox 943 2543 1144 2626; x_wconf 75' lang='lat' dir='ltr'>presenciam</span> <span class='ocrx_word' id='word_1_98' title='bbox 1159 2543 1193 2609; x_wconf 92' lang='lat' dir='ltr'>in</span> <span class='ocrx_word' id='word_1_99' title='bbox 1204 2562 1338 2610; x_wconf 87' lang='lat' dir='ltr'>causam</span> <span class='ocrx_word' id='word_1_100' title='bbox 1349 2544 1483 2611; x_wconf 77' lang='lat' dir='ltr'>abrens-</span> 
     </span>
     <span class='ocr_line' id='line_1_15' title="bbox 374 2649 1483 2734; baseline 0 -18"><span class='ocrx_word' id='word_1_101' title='bbox 374 2657 455 2734; x_wconf 87' lang='lat' dir='ltr'>sent,</span> <span class='ocrx_word' id='word_1_102' title='bbox 472 2657 505 2717; x_wconf 87' lang='lat' dir='ltr'>et</span> <span class='ocrx_word' id='word_1_103' title='bbox 520 2649 593 2734; x_wconf 87' lang='lat' dir='ltr'>ipsa</span> <span class='ocrx_word' id='word_1_104' title='bbox 609 2669 711 2716; x_wconf 87' lang='lat' dir='ltr'>causa</span> <span class='ocrx_word' id='word_1_105' title='bbox 727 2649 854 2716; x_wconf 81' lang='lat' dir='ltr'>diucius</span> <span class='ocrx_word' id='word_1_106' title='bbox 870 2669 976 2716; x_wconf 91' lang='lat' dir='ltr'>coram</span> <span class='ocrx_word' id='word_1_107' title='bbox 1006 2649 1100 2718; x_wconf 90' lang='lat' dir='ltr'>nobis</span> <span class='ocrx_word' id='word_1_108' title='bbox 1125 2649 1287 2718; x_wconf 81' lang='lat' dir='ltr'>extitisset</span> <span class='ocrx_word' id='word_1_109' title='bbox 1317 2651 1483 2732; x_wconf 73' lang='lat' dir='ltr'>ventilata,</span> 
     </span>
     <span class='ocr_line' id='line_1_16' title="bbox 377 2755 1485 2826; baseline -0.002 -2"><span class='ocrx_word' id='word_1_110' title='bbox 377 2757 508 2824; x_wconf 88' lang='lat' dir='ltr'>tandem</span> <span class='ocrx_word' id='word_1_111' title='bbox 549 2765 584 2821; x_wconf 84' lang='lat' dir='ltr'>vt</span> <span class='ocrx_word' id='word_1_112' title='bbox 622 2755 726 2822; x_wconf 90' lang='lat' dir='ltr'>omnis</span> <span class='ocrx_word' id='word_1_113' title='bbox 765 2757 848 2822; x_wconf 91' lang='lat' dir='ltr'>liuor</span> <span class='ocrx_word' id='word_1_114' title='bbox 888 2755 1047 2824; x_wconf 86' lang='lat' dir='ltr'>discordia</span> <span class='ocrx_word' id='word_1_115' title='bbox 1086 2765 1118 2822; x_wconf 88' lang='lat' dir='ltr'>et</span> <span class='ocrx_word' id='word_1_116' title='bbox 1155 2775 1273 2824; x_wconf 86' lang='lat' dir='ltr'>rancor</span> <span class='ocrx_word' id='word_1_117' title='bbox 1303 2759 1423 2826; x_wconf 88' lang='lat' dir='ltr'>inuidis</span> <span class='ocrx_word' id='word_1_118' title='bbox 1450 2757 1485 2822; x_wconf 89' lang='lat' dir='ltr'>ds</span> 
     </span>
     <span class='ocr_line' id='line_1_17' title="bbox 372 2863 1485 2952; baseline 0.001 -22"><span class='ocrx_word' id='word_1_119' title='bbox 372 2866 479 2932; x_wconf 87' lang='lat' dir='ltr'>medio</span> <span class='ocrx_word' id='word_1_120' title='bbox 494 2865 636 2950; x_wconf 92' lang='lat' dir='ltr'>ipsorum</span> <span class='ocrx_word' id='word_1_121' title='bbox 654 2865 843 2951; x_wconf 85' lang='lat' dir='ltr'>extirpetur,</span> <span class='ocrx_word' id='word_1_122' title='bbox 860 2871 892 2928; x_wconf 90' lang='lat' dir='ltr'>et</span> <span class='ocrx_word' id='word_1_123' title='bbox 908 2863 1090 2948; x_wconf 88' lang='lat' dir='ltr'>pulcritudo</span> <span class='ocrx_word' id='word_1_124' title='bbox 1106 2866 1198 2952; x_wconf 86' lang='lat' dir='ltr'>pacis</span> <span class='ocrx_word' id='word_1_125' title='bbox 1223 2867 1381 2949; x_wconf 80' lang='lat' dir='ltr'>glorietur</span> <span class='ocrx_word' id='word_1_126' title='bbox 1401 2873 1431 2933; x_wconf 92' lang='lat' dir='ltr'>et</span> <span class='ocrx_word' id='word_1_127' title='bbox 1455 2885 1485 2932; x_wconf 91' lang='lat' dir='ltr'>se</span> 
     </span>
     <span class='ocr_line' id='line_1_18' title="bbox 371 2969 1487 3060; baseline 0 -20"><span class='ocrx_word' id='word_1_128' title='bbox 371 2973 516 3040; x_wconf 81' lang='lat' dir='ltr'>fraterne</span> <span class='ocrx_word' id='word_1_129' title='bbox 532 2969 718 3040; x_wconf 87' lang='lat' dir='ltr'>dileccionis</span> <span class='ocrx_word' id='word_1_130' title='bbox 733 2972 850 3038; x_wconf 84' lang='lat' dir='ltr'>affectu</span> <span class='ocrx_word' id='word_1_131' title='bbox 867 2970 1018 3056; x_wconf 88' lang='lat' dir='ltr'>amplecti</span> <span class='ocrx_word' id='word_1_132' title='bbox 1029 2971 1156 3056; x_wconf 88' lang='lat' dir='ltr'>possint</span> <span class='ocrx_word' id='word_1_133' title='bbox 1165 2979 1199 3040; x_wconf 89' lang='lat' dir='ltr'>et</span> <span class='ocrx_word' id='word_1_134' title='bbox 1208 2973 1352 3060; x_wconf 80' lang='lat' dir='ltr'>ualeant,</span> <span class='ocrx_word' id='word_1_135' title='bbox 1368 2981 1487 3059; x_wconf 81' lang='lat' dir='ltr'>optenta</span> 
     </span>
     <span class='ocr_line' id='line_1_19' title="bbox 372 3079 1487 3170; baseline 0.002 -24"><span class='ocrx_word' id='word_1_136' title='bbox 372 3103 393 3146; x_wconf 88' lang='lat' dir='ltr'>a</span> <span class='ocrx_word' id='word_1_137' title='bbox 408 3088 522 3148; x_wconf 85' lang='lat' dir='ltr'>nostra</span> <span class='ocrx_word' id='word_1_138' title='bbox 534 3081 637 3164; x_wconf 84' lang='lat' dir='ltr'>Regia</span> <span class='ocrx_word' id='word_1_139' title='bbox 652 3079 822 3147; x_wconf 85' lang='lat' dir='ltr'>Maiestate</span> <span class='ocrx_word' id='word_1_140' title='bbox 838 3080 978 3147; x_wconf 90' lang='lat' dir='ltr'>licencia</span> <span class='ocrx_word' id='word_1_141' title='bbox 993 3087 1102 3165; x_wconf 88' lang='lat' dir='ltr'>partes</span> <span class='ocrx_word' id='word_1_142' title='bbox 1127 3081 1161 3146; x_wconf 91' lang='lat' dir='ltr'>in</span> <span class='ocrx_word' id='word_1_143' title='bbox 1193 3083 1296 3149; x_wconf 90' lang='lat' dir='ltr'>nostri</span> <span class='ocrx_word' id='word_1_144' title='bbox 1329 3083 1487 3170; x_wconf 87' lang='lat' dir='ltr'>presencia</span> 
     </span>
     <span class='ocr_line' id='line_1_20' title="bbox 373 3186 1486 3274; baseline -0.002 -18"><span class='ocrx_word' id='word_1_145' title='bbox 373 3186 585 3274; x_wconf 86' lang='lat' dir='ltr'>personaliter</span> <span class='ocrx_word' id='word_1_146' title='bbox 611 3193 836 3272; x_wconf 86' lang='lat' dir='ltr'>comparentes</span> <span class='ocrx_word' id='word_1_147' title='bbox 867 3187 976 3254; x_wconf 90' lang='lat' dir='ltr'>taliter</span> <span class='ocrx_word' id='word_1_148' title='bbox 1006 3205 1043 3255; x_wconf 86' lang='lat' dir='ltr'>se</span> <span class='ocrx_word' id='word_1_149' title='bbox 1074 3186 1225 3254; x_wconf 91' lang='lat' dir='ltr'>dixerunt</span> <span class='ocrx_word' id='word_1_150' title='bbox 1256 3191 1486 3258; x_wconf 85' lang='lat' dir='ltr'>concordasse:</span> 
     </span>
     <span class='ocr_line' id='line_1_21' title="bbox 371 3295 1487 3384; baseline 0.004 -23"><span class='ocrx_word' id='word_1_151' title='bbox 371 3296 457 3381; x_wconf 84' lang='lat' dir='ltr'>quod</span> <span class='ocrx_word' id='word_1_152' title='bbox 472 3297 642 3362; x_wconf 83' lang='lat' dir='ltr'>uniuersas</span> <span class='ocrx_word' id='word_1_153' title='bbox 659 3295 881 3378; x_wconf 87' lang='lat' dir='ltr'>possessiones</span> <span class='ocrx_word' id='word_1_154' title='bbox 896 3295 1040 3380; x_wconf 90' lang='lat' dir='ltr'>ipsorum</span> <span class='ocrx_word' id='word_1_155' title='bbox 1067 3295 1290 3382; x_wconf 89' lang='lat' dir='ltr'>hereditarias,</span> <span class='ocrx_word' id='word_1_156' title='bbox 1316 3297 1487 3384; x_wconf 82' lang='lat' dir='ltr'>empticius,</span> 
     </span>
     <span class='ocr_line' id='line_1_22' title="bbox 371 3401 1489 3489; baseline 0.002 -21"><span class='ocrx_word' id='word_1_157' title='bbox 371 3403 549 3488; x_wconf 87' lang='lat' dir='ltr'>acquisitas</span> <span class='ocrx_word' id='word_1_158' title='bbox 567 3407 598 3470; x_wconf 90' lang='lat' dir='ltr'>et</span> <span class='ocrx_word' id='word_1_159' title='bbox 613 3401 727 3486; x_wconf 92' lang='lat' dir='ltr'>quouis</span> <span class='ocrx_word' id='word_1_160' title='bbox 743 3402 837 3468; x_wconf 89' lang='lat' dir='ltr'>titulo</span> <span class='ocrx_word' id='word_1_161' title='bbox 854 3401 898 3469; x_wconf 88' lang='lat' dir='ltr'>ad</span> <span class='ocrx_word' id='word_1_162' title='bbox 914 3403 1003 3487; x_wconf 91' lang='lat' dir='ltr'>ipsos</span> <span class='ocrx_word' id='word_1_163' title='bbox 1030 3401 1198 3469; x_wconf 86' lang='lat' dir='ltr'>deuolutus</span> <span class='ocrx_word' id='word_1_164' title='bbox 1226 3409 1385 3489; x_wconf 88' lang='lat' dir='ltr'>perpetuo</span> <span class='ocrx_word' id='word_1_165' title='bbox 1414 3407 1489 3473; x_wconf 89' lang='lat' dir='ltr'>inter</span> 
     </span>
     <span class='ocr_line' id='line_1_23' title="bbox 370 3507 1490 3597; baseline 0.001 -21"><span class='ocrx_word' id='word_1_166' title='bbox 370 3511 460 3597; x_wconf 90' lang='lat' dir='ltr'>ipsos</span> <span class='ocrx_word' id='word_1_167' title='bbox 477 3509 664 3576; x_wconf 91' lang='lat' dir='ltr'>diuisissent</span> <span class='ocrx_word' id='word_1_168' title='bbox 680 3529 718 3575; x_wconf 92' lang='lat' dir='ltr'>eo</span> <span class='ocrx_word' id='word_1_169' title='bbox 734 3509 829 3576; x_wconf 92' lang='lat' dir='ltr'>modo</span> <span class='ocrx_word' id='word_1_170' title='bbox 846 3533 854 3574; x_wconf 77' lang='grc' dir='ltr'><strong><em>ε</em></strong></span> <span class='ocrx_word' id='word_1_171' title='bbox 872 3507 965 3587; x_wconf 83' lang='lat' dir='ltr'>Quod</span> <span class='ocrx_word' id='word_1_172' title='bbox 997 3509 1161 3595; x_wconf 84' lang='lat' dir='ltr'>possessio</span> <span class='ocrx_word' id='word_1_173' title='bbox 1192 3511 1284 3579; x_wconf 83' lang='lat' dir='ltr'>Kana</span> <span class='ocrx_word' id='word_1_174' title='bbox 1316 3518 1433 3580; x_wconf 84' lang='lat' dir='ltr'>uocata</span> <span class='ocrx_word' id='word_1_175' title='bbox 1460 3515 1490 3578; x_wconf 94' lang='lat' dir='ltr'>in</span> 
     </span>
     <span class='ocr_line' id='line_1_24' title="bbox 372 3615 1491 3706; baseline -0.001 -21"><span class='ocrx_word' id='word_1_176' title='bbox 372 3618 535 3685; x_wconf 79' lang='lat' dir='ltr'>Comitatu</span> <span class='ocrx_word' id='word_1_177' title='bbox 552 3615 593 3682; x_wconf 93' lang='lat' dir='ltr'>de</span> <span class='ocrx_word' id='word_1_178' title='bbox 609 3615 732 3684; x_wconf 90' lang='lat' dir='ltr'>Borsod</span> <span class='ocrx_word' id='word_1_179' title='bbox 747 3637 820 3685; x_wconf 87' lang='lat' dir='ltr'>cum</span> <span class='ocrx_word' id='word_1_180' title='bbox 836 3617 986 3684; x_wconf 91' lang='lat' dir='ltr'>omnibns</span> <span class='ocrx_word' id='word_1_181' title='bbox 1002 3617 1263 3702; x_wconf 90' lang='lat' dir='ltr'>possessionibus</span> <span class='ocrx_word' id='word_1_182' title='bbox 1280 3617 1323 3684; x_wconf 88' lang='lat' dir='ltr'>ad</span> <span class='ocrx_word' id='word_1_183' title='bbox 1339 3639 1410 3687; x_wconf 90' lang='lat' dir='ltr'>eam</span> <span class='ocrx_word' id='word_1_184' title='bbox 1426 3638 1491 3706; x_wconf 86' lang='lat' dir='ltr'>per·</span> 
     </span>
     <span class='ocr_line' id='line_1_25' title="bbox 370 3723 1490 3810; baseline 0.002 -18"><span class='ocrx_word' id='word_1_185' title='bbox 370 3725 570 3808; x_wconf 78' lang='lat' dir='ltr'>tinentibus3</span> <span class='ocrx_word' id='word_1_186' title='bbox 594 3724 671 3790; x_wconf 87' lang='lat' dir='ltr'>item</span> <span class='ocrx_word' id='word_1_187' title='bbox 688 3723 912 3810; x_wconf 86' lang='lat' dir='ltr'>possessiones</span> <span class='ocrx_word' id='word_1_188' title='bbox 936 3724 1091 3793; x_wconf 86' lang='lat' dir='ltr'>Puthnuk</span> <span class='ocrx_word' id='word_1_189' title='bbox 1122 3730 1154 3791; x_wconf 89' lang='lat' dir='ltr'>et</span> <span class='ocrx_word' id='word_1_190' title='bbox 1184 3723 1286 3793; x_wconf 84' lang='lat' dir='ltr'>Felcd</span> <span class='ocrx_word' id='word_1_191' title='bbox 1316 3734 1432 3794; x_wconf 85' lang='lat' dir='ltr'>vocate</span> <span class='ocrx_word' id='word_1_192' title='bbox 1461 3729 1490 3793; x_wconf 95' lang='lat' dir='ltr'>in</span> 
     </span>
     <span class='ocr_line' id='line_1_26' title="bbox 371 3829 1494 3919; baseline 0.003 -21"><span class='ocrx_word' id='word_1_193' title='bbox 371 3831 533 3899; x_wconf 77' lang='lat' dir='ltr'>comitatu</span> <span class='ocrx_word' id='word_1_194' title='bbox 550 3829 758 3897; x_wconf 80' lang='lat' dir='ltr'>Gnmuriensi</span> <span class='ocrx_word' id='word_1_195' title='bbox 775 3830 950 3898; x_wconf 62' lang='lat' dir='ltr'>exuentes</span> <span class='ocrx_word' id='word_1_196' title='bbox 966 3830 1115 3897; x_wconf 88' lang='lat' dir='ltr'>similiter</span> <span class='ocrx_word' id='word_1_197' title='bbox 1141 3849 1213 3897; x_wconf 91' lang='lat' dir='ltr'>oum</span> <span class='ocrx_word' id='word_1_198' title='bbox 1244 3832 1396 3902; x_wconf 91' lang='lat' dir='ltr'>omnibus</span> <span class='ocrx_word' id='word_1_199' title='bbox 1426 3855 1494 3919; x_wconf 90' lang='lat' dir='ltr'>pos-</span> 
     </span>
     <span class='ocr_line' id='line_1_27' title="bbox 370 3937 1493 4024; baseline 0.003 -18"><span class='ocrx_word' id='word_1_200' title='bbox 370 3937 570 4006; x_wconf 90' lang='lat' dir='ltr'>sessionibus</span> <span class='ocrx_word' id='word_1_201' title='bbox 587 3937 630 4004; x_wconf 87' lang='lat' dir='ltr'>ad</span> <span class='ocrx_word' id='word_1_202' title='bbox 656 3937 787 4004; x_wconf 89' lang='lat' dir='ltr'>easdem</span> <span class='ocrx_word' id='word_1_203' title='bbox 818 3937 1073 4024; x_wconf 83' lang='lat' dir='ltr'>pertinentibus3</span> <span class='ocrx_word' id='word_1_204' title='bbox 1099 3947 1243 4006; x_wconf 85' lang='lat' dir='ltr'>ceterum</span> <span class='ocrx_word' id='word_1_205' title='bbox 1274 3943 1493 4024; x_wconf 88' lang='lat' dir='ltr'>possessiones</span> 
     </span>
     <span class='ocr_line' id='line_1_28' title="bbox 369 4045 1492 4134; baseline 0.003 -20"><span class='ocrx_word' id='word_1_206' title='bbox 369 4045 507 4132; x_wconf 87' lang='lat' dir='ltr'>Patbaa,</span> <span class='ocrx_word' id='word_1_207' title='bbox 525 4045 693 4130; x_wconf 83' lang='lat' dir='ltr'>Scengurg</span> <span class='ocrx_word' id='word_1_208' title='bbox 717 4051 832 4112; x_wconf 83' lang='lat' dir='ltr'>vocate</span> <span class='ocrx_word' id='word_1_209' title='bbox 857 4047 890 4112; x_wconf 90' lang='lat' dir='ltr'>in</span> <span class='ocrx_word' id='word_1_210' title='bbox 923 4047 1086 4115; x_wconf 79' lang='lat' dir='ltr'>Comitatu</span> <span class='ocrx_word' id='word_1_211' title='bbox 1116 4045 1315 4132; x_wconf 76' lang='lat' dir='ltr'>symigiensi</span> <span class='ocrx_word' id='word_1_212' title='bbox 1342 4049 1492 4134; x_wconf 84' lang='lat' dir='ltr'>iacentes,</span> 
     </span>
     <span class='ocr_line' id='line_1_29' title="bbox 369 4153 1526 4246; baseline 0.001 -25"><span class='ocrx_word' id='word_1_213' title='bbox 369 4153 513 4221; x_wconf 86' lang='lat' dir='ltr'>similiter</span> <span class='ocrx_word' id='word_1_214' title='bbox 532 4173 603 4220; x_wconf 91' lang='lat' dir='ltr'>oum</span> <span class='ocrx_word' id='word_1_215' title='bbox 620 4153 768 4220; x_wconf 90' lang='lat' dir='ltr'>omnibus</span> <span class='ocrx_word' id='word_1_216' title='bbox 784 4154 1047 4238; x_wconf 90' lang='lat' dir='ltr'>possessionibus</span> <span class='ocrx_word' id='word_1_217' title='bbox 1072 4153 1116 4221; x_wconf 90' lang='lat' dir='ltr'>ad</span> <span class='ocrx_word' id='word_1_218' title='bbox 1148 4155 1279 4223; x_wconf 86' lang='lat' dir='ltr'>easdem</span> <span class='ocrx_word' id='word_1_219' title='bbox 1310 4158 1495 4241; x_wconf 88' lang='lat' dir='ltr'>pertinenti·</span> <span class='ocrx_word' id='word_1_220' title='bbox 1525 4157 1526 4246; x_wconf 75' lang='lat' dir='ltr'>l</span> 
     </span>
     <span class='ocr_line' id='line_1_30' title="bbox 369 4261 1496 4350; baseline 0.006 -24"><span class='ocrx_word' id='word_1_221' title='bbox 369 4263 441 4350; x_wconf 91' lang='lat' dir='ltr'>bus,</span> <span class='ocrx_word' id='word_1_222' title='bbox 458 4270 492 4330; x_wconf 92' lang='lat' dir='ltr'>et</span> <span class='ocrx_word' id='word_1_223' title='bbox 508 4281 616 4328; x_wconf 89' lang='lat' dir='ltr'>earum</span> <span class='ocrx_word' id='word_1_224' title='bbox 634 4261 845 4342; x_wconf 79' lang='lat' dir='ltr'>utilitatibus3</span> <span class='ocrx_word' id='word_1_225' title='bbox 868 4263 945 4328; x_wconf 89' lang='lat' dir='ltr'>item</span> <span class='ocrx_word' id='word_1_226' title='bbox 977 4263 1200 4348; x_wconf 86' lang='lat' dir='ltr'>possessiones</span> <span class='ocrx_word' id='word_1_227' title='bbox 1224 4261 1361 4348; x_wconf 85' lang='lat' dir='ltr'>Wylalr,</span> <span class='ocrx_word' id='word_1_228' title='bbox 1388 4263 1496 4333; x_wconf 85' lang='lat' dir='ltr'>Kuesd</span> 
     </span>
     <span class='ocr_line' id='line_1_31' title="bbox 371 4367 1495 4453; baseline 0.003 -19"><span class='ocrx_word' id='word_1_229' title='bbox 371 4376 404 4434; x_wconf 92' lang='lat' dir='ltr'>et</span> <span class='ocrx_word' id='word_1_230' title='bbox 418 4367 596 4436; x_wconf 79' lang='lat' dir='ltr'>Olahtelulr</span> <span class='ocrx_word' id='word_1_231' title='bbox 613 4375 729 4436; x_wconf 86' lang='lat' dir='ltr'>vocata</span> <span class='ocrx_word' id='word_1_232' title='bbox 744 4369 778 4435; x_wconf 94' lang='lat' dir='ltr'>in</span> <span class='ocrx_word' id='word_1_233' title='bbox 796 4368 958 4436; x_wconf 81' lang='lat' dir='ltr'>Comitatu</span> <span class='ocrx_word' id='word_1_234' title='bbox 984 4370 1188 4453; x_wconf 88' lang='lat' dir='ltr'>Byhoriense</span> <span class='ocrx_word' id='word_1_235' title='bbox 1213 4369 1393 4440; x_wconf 88' lang='lat' dir='ltr'>existentes</span> <span class='ocrx_word' id='word_1_236' title='bbox 1424 4393 1495 4439; x_wconf 89' lang='lat' dir='ltr'>cum</span> 
     </span>
    </p>
   </div>
   <div class='ocr_carea' id='block_1_4' title="bbox 368 4469 1526 4673">
    <p class='ocr_par' dir='ltr' id='par_1_4' title="bbox 368 4469 1526 4700">
     <span class='ocr_line' id='line_1_32' title="bbox 369 4469 1526 4566; baseline -0.001 -24"><span class='ocrx_word' id='word_1_237' title='bbox 369 4477 518 4544; x_wconf 89' lang='lat' dir='ltr'>omnibus</span> <span class='ocrx_word' id='word_1_238' title='bbox 534 4473 577 4542; x_wconf 85' lang='lat' dir='ltr'>ad</span> <span class='ocrx_word' id='word_1_239' title='bbox 594 4475 724 4543; x_wconf 87' lang='lat' dir='ltr'>easdem</span> <span class='ocrx_word' id='word_1_240' title='bbox 742 4476 977 4562; x_wconf 88' lang='lat' dir='ltr'>pertinentibus</span> <span class='ocrx_word' id='word_1_241' title='bbox 1009 4477 1290 4565; x_wconf 83' lang='lat' dir='ltr'>possessionibus3</span> <span class='ocrx_word' id='word_1_242' title='bbox 1314 4477 1394 4546; x_wconf 89' lang='lat' dir='ltr'>item</span> <span class='ocrx_word' id='word_1_243' title='bbox 1425 4499 1497 4566; x_wconf 82' lang='lat' dir='ltr'>pus·</span> <span class='ocrx_word' id='word_1_244' title='bbox 1525 4469 1526 4556; x_wconf 77' lang='lat' dir='ltr'>l</span> 
     </span>
     <span class='ocr_line' id='line_1_33' title="bbox 368 4581 1497 4673; baseline 0.002 -23"><span class='ocrx_word' id='word_1_245' title='bbox 368 4585 531 4652; x_wconf 88' lang='lat' dir='ltr'>sessiones</span> <span class='ocrx_word' id='word_1_246' title='bbox 547 4581 679 4670; x_wconf 78' lang='lat' dir='ltr'>(ibycho</span> <span class='ocrx_word' id='word_1_247' title='bbox 696 4590 728 4652; x_wconf 90' lang='lat' dir='ltr'>et</span> <span class='ocrx_word' id='word_1_248' title='bbox 744 4585 889 4670; x_wconf 82' lang='lat' dir='ltr'>Retheeg</span> <span class='ocrx_word' id='word_1_249' title='bbox 905 4591 1020 4654; x_wconf 82' lang='lat' dir='ltr'>uocate</span> <span class='ocrx_word' id='word_1_250' title='bbox 1037 4585 1070 4653; x_wconf 95' lang='lat' dir='ltr'>in</span> <span class='ocrx_word' id='word_1_251' title='bbox 1087 4584 1237 4673; x_wconf 89' lang='lat' dir='ltr'>partibus</span> <span class='ocrx_word' id='word_1_252' title='bbox 1247 4587 1497 4656; x_wconf 80' lang='lat' dir='ltr'>Transsiluanie</span> 
     </span>
    </p>
   </div>
   <div class='ocr_carea' id='block_1_5' title="bbox 0 0 1539 5140">
    <p class='ocr_par' dir='ltr' id='par_1_5' title="bbox 0 0 1539 5140">
     <span class='ocr_line' id='line_1_34' title="bbox 0 0 1539 5140; baseline 0 0"><span class='ocrx_word' id='word_1_253' title='bbox 0 0 1539 5140; x_wconf 95' lang='lat' dir='ltr'> </span> 
     </span>
    </p>
   </div>
  </div>
 </body>
</html>
