3112 5154
256 1085 257 1088 ,
311 1023 457 1091 Erasedat
496 1021 710 1109 kirdlyndaalc
735 1020 897 1105 condolete,
926 996 1008 1108 bopy
1039 1019 1156 1087 Babae
1187 1020 1326 1106 tincta,
1358 1021 1440 1105 nuely

310 1133 427 1218 oppieor
443 1131 562 1198 Mario
577 1132 732 1217 kirrilyad
739 1135 953 1218 paroocoora
960 1129 1152 1215 jopialaadl
1169 1129 1301 1196 Sdador
1315 1138 1439 1194 mactar-

450 1239 495 1305 tot
510 1241 669 1324 civitaten,
685 1240 758 1306 aciei
772 1239 866 1306 mmet
882 1236 1186 1304 otaazaadaoaaet.
1212 1234 1309 1303 1277.

414 1431 589 1521 (I)sabella
613 1434 674 1500 Dei
691 1433 803 1518 gracia
817 1431 946 1520 Regina
962 1431 1129 1517 Hungarie
1144 1431 1294 1500 omnibus
1310 1430 1436 1498 Christi

308 1538 459 1607 fidelibus
476 1546 658 1626 presentem
683 1541 838 1626 paginam
870 1539 1067 1624 inspecturis
1098 1539 1236 1609 salntem
1252 1539 1285 1606 in
1317 1538 1437 1607 salutis

309 1653 449 1714 auctore.
480 1647 531 1713 Ad
549 1647 770 1714 uniuersorum
801 1646 955 1714 noticiam
986 1653 1096 1714 tenore
1121 1647 1326 1732 presencium
1344 1645 1436 1714 voln-

309 1773 380 1822 mus
411 1757 597 1840 peruenire;
630 1754 718 1839 quod
749 1754 906 1839 Magister
936 1755 1126 1822 Alexander
1155 1753 1241 1821 iilius
1272 1752 1439 1821 Theodori

309 1861 349 1928 de
365 1861 480 1929 Babun
511 1859 554 1928 ad
573 1870 715 1928 nostram
746 1861 905 1930 accedens
937 1859 1140 1944 preceneiam
1172 1859 1265 1927 nobis
1282 1860 1437 1944 exposuit

307 1970 470 2038 humiliter
485 1968 718 2056 supplicando,
751 1976 787 2036 ut
797 1967 928 2036 domina
943 1969 1049 2036 Maria
1064 1969 1160 2036 beate
1187 1967 1339 2036 memorie
1356 1963 1437 2033 Illu-

306 2077 385 2142 stris
402 2077 529 2160 Regina
546 2077 722 2161 Hnngarie,
741 2095 851 2144 soorns
866 2083 979 2144 nostra
994 2075 1180 2163 karissima,
1198 2081 1319 2142 terram
1330 2073 1435 2160 ipsius

307 2183 455 2266 Magistri
481 2181 659 2251 Alexandri
676 2184 790 2251 Babun
805 2190 965 2270 vocatam,
996 2183 1188 2251 existentem
1205 2181 1239 2247 in
1272 2181 1435 2248 Gomitatn

308 2289 514 2378 Symigiensi,
546 2291 623 2356 olim
656 2289 882 2376 potencialiter
913 2296 1023 2356 contra
1059 2289 1220 2358 iusticiam
1246 2287 1438 2376 auterendo,

309 2418 406 2483 super
423 2397 538 2466 eadem
554 2394 754 2465 vinidatores
787 2417 862 2468 suos
883 2399 1039 2482 locasset;
1063 2417 1185 2484 rogans
1216 2392 1301 2462 idem
1330 2394 1435 2479 blagi-

309 2515 375 2573 ster
405 2503 592 2573 Alexander
621 2504 855 2574 instantissime
885 2502 1091 2590 postulando,
1122 2501 1206 2587 quod
1232 2521 1329 2588 super
1348 2501 1437 2569 laeto

309 2613 452 2680 eiusdem
483 2621 568 2680 terre
599 2613 684 2680 scita
721 2611 868 2698 ueritate,
901 2613 965 2680 sibi
997 2612 1134 2678 eandem
1167 2609 1292 2678 restitui
1323 2609 1437 2676 lacere

307 2721 522 2804 dignaremur.
552 2719 621 2789 Nos
652 2720 753 2804 igitur
783 2720 934 2804 peticioni
950 2726 983 2786 et
997 2717 1230 2806 supplicationi
1247 2716 1350 2802 ipsine
1365 2715 1437 2785 lta-

308 2828 401 2913 gistri
417 2826 596 2894 Alexandri
623 2827 664 2894 de
694 2826 897 2910 benignitate
928 2827 1033 2912 Regia
1064 2824 1371 2906 condescendentes,
1387 2825 1434 2891 ei·

307 2933 445 3020 demque
473 2935 620 3002 nolentes
651 2935 686 3000 in
703 2953 762 3002 suo
778 2934 847 3001 inre
872 2935 1024 3002 iniuriam
1041 2941 1073 3002 et
1089 2952 1267 3018 grauamen
1284 2951 1325 2999 ex
1341 2937 1438 3016 parte

200 3105 202 3108 .
306 3051 419 3110 nostra
438 3041 572 3110 alterins
589 3042 745 3128 irrogare,
777 3039 930 3110 fidelibus
960 3043 1080 3109 nostris
1113 3041 1264 3125 Oapitnlo
1295 3033 1437 3107 Albensi

307 3149 455 3216 dedimus
489 3150 523 3215 in
554 3147 727 3236 mandatis,
759 3157 793 3216 vt
808 3149 901 3216 faeta
913 3146 1127 3234 inquisicione
1147 3165 1244 3233 snper
1259 3145 1345 3214 iacto
1361 3165 1439 3232 pre·

307 3256 392 3322 dicte
407 3263 492 3322 terre
510 3255 603 3322 nobis
634 3252 734 3344 ijdem
767 3255 979 3323 rescriberent
1005 3253 1222 3322 omnimodam
1253 3252 1437 3322 uenatum.

307 3361 426 3429 Verum
458 3379 529 3429 cnm
560 3382 619 3430 nos
656 3361 861 3451 postmodum
893 3385 934 3431 ex
965 3370 1075 3431 tenore
1115 3361 1296 3430 litterarum
1329 3361 1438 3446 ipsius

305 3469 459 3535 Albensis
475 3468 616 3552 Capituli
636 3468 857 3537 intelleximus
881 3467 1059 3556 euidenter,
1078 3469 1183 3554 ipsam
1215 3473 1336 3535 terram
1367 3467 1436 3535 Ba-

306 3577 371 3642 bun
402 3597 423 3640 a
438 3581 531 3661 patre
561 3575 706 3643 eiusdem
736 3575 886 3660 Magistri
917 3574 1106 3662 Alexandri,
1133 3575 1278 3661 predicta
1302 3571 1440 3642 domina

306 3679 410 3748 Maria
425 3681 552 3767 Regina
568 3681 745 3770 auferente,
762 3683 925 3767 quondam
946 3687 1051 3750 minus
1082 3684 1166 3751 iuste
1197 3682 1381 3768 alienatam,
1399 3691 1440 3750 et

308 3787 451 3856 eiusdem
464 3787 696 3856 hereditariam
707 3790 873 3876 extitisse;
890 3791 1051 3875 prefatam
1067 3796 1186 3858 terram
1203 3790 1327 3876 Babnn,
1343 3791 1435 3856 inter

305 3901 408 3964 terras
424 3893 560 3962 aliorum
575 3896 700 3963 mixtim
715 3896 811 3966 sitam
828 3903 860 3964 et
876 3899 945 3966 veui
971 3898 1068 3966 trium
1097 3889 1278 3966 aratrorum
1311 3895 1440 3964 suffiei-

305 4008 419 4087 entem,
450 4002 574 4087 pariter
599 4021 670 4070 cum
687 4005 755 4072 suis
770 4003 967 4084 utilitatibus
983 4011 1015 4074 et
1032 4005 1254 4093 pertinenoijs,
1273 4003 1437 4073 videlicet

305 4107 407 4191 siluis,
423 4108 540 4198 uineis,
558 4109 659 4196 pratis
675 4117 706 4178 et
723 4111 849 4197 tenetis,
866 4118 960 4198 prout
975 4114 1079 4185 series
1104 4114 1286 4182 litterarum
1311 4111 1441 4180 Alban-

305 4213 350 4280 sis
366 4211 507 4300 Capituli
539 4215 739 4306 declarabat,
771 4217 874 4286 eidem
905 4219 1062 4307 Magistro
1093 4219 1284 4286 Alexandro
1313 4223 1345 4285 et
1364 4217 1440 4288 anis

305 4320 547 4406 posteritatibus
562 4323 655 4391 reddi
672 4332 703 4391 et
713 4325 837 4394 restitui
854 4327 989 4394 fecimus
1004 4325 1073 4393 iure
1089 4331 1245 4412 perpetuo
1262 4333 1294 4394 et
1310 4325 1438 4391 irreno·

304 4427 452 4496 rabiliter
484 4430 722 4516 possidendam.
754 4431 796 4501 In
813 4434 905 4503 cuius
921 4434 969 4502 rei
985 4437 1172 4503 memoriam
1188 4439 1221 4504 et
1236 4437 1438 4520 perpetuam
