3068 5150
826 731 903 800 302.

296 935 326 1002 A
342 936 490 1003 celcrtozei
503 933 783 1021 kdztdrsaadpoclc
799 935 1052 1018 haldrozmdaya
1069 956 1090 998 c
1105 931 1190 999 azerb
1206 932 1320 1020 kiroly
1350 935 1424 1020 pla·

305 1038 307 1046 '
725 1040 774 1104 zei
792 1039 884 1106 ellan.
909 1041 1009 1107 1282.

403 1235 497 1318 Quod
538 1235 694 1308 officiales
726 1241 898 1305 teneantur
930 1235 1074 1304 incidere
1107 1236 1260 1306 denarios
1291 1257 1425 1322 grossos

296 1349 394 1432 Regis
409 1345 511 1414 Raxie
528 1353 560 1414 et
582 1347 785 1414 snaoionare
810 1343 969 1412 Rivoalto.
1003 1343 1177 1413 Millesimo
1209 1346 1427 1412 ducentesimo

298 1455 520 1541 octuagesimo
531 1453 686 1542 seeundo,
701 1451 878 1520 indictione
903 1453 957 1539 X,
973 1452 1026 1519 die
1041 1453 1141 1520 tercio
1157 1453 1236 1521 llaii
1253 1461 1353 1539 capta
1369 1453 1427 1520 luit

298 1585 374 1650 pars
389 1590 397 1632 ε
412 1563 499 1650 quod
515 1561 656 1630 addatur
671 1561 706 1628 in
722 1559 892 1648 capitulari
918 1561 1176 1630 camerariorum
1194 1559 1383 1629 murmanis
1398 1567 1427 1628 et

298 1673 436 1740 aliorum
466 1669 666 1757 officialium,
698 1671 753 1754 qui
779 1668 938 1754 recipiunt
964 1669 1154 1754 peccuniam
1169 1690 1229 1757 pro
1244 1671 1427 1751 communi,

298 1779 384 1865 quod
406 1785 577 1849 teneantur
602 1777 777 1862 diligenter
808 1777 970 1862 inquirere
999 1777 1149 1847 denarios
1181 1779 1281 1864 Regis
1314 1775 1428 1847 Raesie

294 1887 510 1957 contraiaotoe
540 1887 659 1954 nostris
690 1885 822 1954 Venetis
853 1905 1048 1972 grossorum,
1072 1886 1101 1954 si
1116 1886 1160 1953 ad
1176 1907 1288 1956 eornm
1303 1905 1420 1954 manns

297 1993 510 2082 pervenerint,
538 2001 570 2061 et
600 1993 629 2060 si
661 1995 878 2082 pervenerint,
910 1999 1082 2061 teneantur
1112 2013 1167 2062 eos
1198 1993 1350 2061 incidere.
1387 1993 1426 2059 Et

298 2110 438 2191 ponatur
453 2121 564 2170 omnes
581 2119 781 2188 campssores
800 2107 832 2168 et
848 2121 958 2170 ornnes
974 2101 1035 2183 illi,
1051 2103 1107 2187 qni
1124 2109 1237 2171 tenent
1251 2101 1427 2170 stacionem

300 2213 333 2279 in
349 2211 499 2280 Rivoalto
513 2217 545 2276 et
556 2231 665 2278 eornm
677 2210 766 2295 pueri
783 2207 878 2276 aXlI
894 2210 990 2277 annis
1006 2231 1106 2296 supra
1121 2211 1165 2278 ad
1181 2217 1428 2296 sacramentnm,

301 2320 355 2404 qui
373 2319 539 2404 inquirant
569 2316 743 2403 diligenter
774 2319 862 2385 bona
892 2317 955 2385 lide
970 2319 1133 2404 predictos
1164 2317 1327 2404 denarios,
1354 2325 1388 2386 et
1401 2321 1429 2386 si

299 2427 506 2516 pervenerint
522 2426 564 2494 ad
580 2446 688 2495 eorum
714 2445 837 2512 manus,
867 2433 1042 2496 teneantur
1073 2449 1128 2496 eos
1160 2427 1312 2498 incidere.
1344 2429 1428 2496 Etsi

301 2535 400 2604 alicui
432 2535 611 2622 preinventi
640 2533 762 2602 tuerint
791 2533 832 2600 de
849 2533 1000 2620 predictis
1033 2535 1177 2604 denariis
1193 2556 1215 2602 a
1229 2536 1295 2604 XII
1321 2555 1430 2624 supra,
1528 2574 1529 2628 3

301 2641 389 2729 qnod
403 2642 465 2711 illa
479 2661 627 2730 persona,
645 2642 697 2708 cui
713 2641 836 2708 inventi
851 2641 980 2728 luerint,
998 2643 1114 2728 perdat
1130 2643 1240 2711 decem
1265 2665 1325 2730 pro
1359 2664 1429 2711 cen·

300 2751 427 2818 terrario
460 2751 501 2817 do
533 2750 693 2838 omnibus,
708 2769 771 2834 que
787 2751 835 2816 eis
851 2750 974 2818 inventi
1000 2749 1122 2819 luerint
1138 2749 1177 2818 de
1193 2751 1258 2820 illis
1276 2752 1429 2840 denariis,

301 2865 334 2926 ot
349 2857 491 2927 debeant
506 2858 626 2944 incidi;
651 2866 683 2928 et
698 2859 760 2927 hoc
775 2856 927 2926 stridetur
943 2859 1069 2944 publice
1085 2860 1144 2927 illa
1159 2859 1214 2926 die
1229 2861 1280 2927 vel
1312 2861 1429 2946 altera,

301 2987 365 3053 qna
397 2973 527 3054 captum
560 2965 660 3034 luerit
689 2967 724 3033 in
748 2967 865 3034 Maiori
897 2966 1050 3054 Consilio,
1083 2967 1205 3052 quoda
1224 2967 1286 3034 XV
1317 2967 1430 3035 diebus

301 3079 335 3144 in
351 3084 449 3146 antea
463 3075 612 3164 quilibet,
628 3077 679 3144 cui
696 3077 820 3144 inventi
841 3075 972 3156 luerint,
1004 3077 1148 3144 incurrat
1173 3095 1292 3163 penam
1324 3075 1430 3164 predi-

302 3191 397 3274 ctam,
412 3191 445 3253 et
476 3185 634 3255 medietas
659 3203 742 3270 pene
772 3183 814 3252 sit
830 3183 1038 3268 invenientis,
1054 3192 1086 3251 et
1103 3183 1261 3253 medietas
1277 3184 1321 3253 sit
1338 3184 1430 3253 Gom-

306 3292 423 3379 munis,
439 3300 472 3360 et
487 3291 639 3362 deveniat
653 3291 688 3359 in
705 3292 841 3360 Camere
858 3291 1055 3359 Communis.
1072 3293 1114 3358 Et
1129 3293 1298 3360 mittantur
1325 3293 1432 3360 littere

302 3401 343 3470 de
358 3407 510 3488 precepto
525 3422 582 3488 per
592 3405 830 3470 sacramentum
841 3399 1185 3470 omnibusReotoribus
1202 3407 1310 3486 preter
1327 3400 1429 3469 Gomi·

303 3519 367 3578 tem
383 3509 530 3594 Ragnsii,
547 3515 579 3575 et
594 3508 733 3576 addatur
750 3509 783 3575 in
800 3507 1080 3577 commissionibus
1106 3508 1236 3578 illorum
1253 3512 1432 3592 Rectorum,

302 3616 387 3702 quod
403 3617 444 3684 de
460 3623 567 3684 cetero
583 3615 684 3704 ibunt,
701 3623 812 3701 preter
828 3614 992 3684 dominum
1007 3615 1165 3684 (tomitem
1182 3617 1327 3704 Ragusii,
1344 3617 1432 3703 qnod

204 3789 210 3805 ,
303 3743 416 3792 omnes
433 3724 583 3792 denarios
599 3725 772 3812 predictae,
791 3725 846 3810 qui
862 3725 905 3792 ad
938 3745 1049 3794 eorum
1079 3746 1196 3795 manus
1227 3725 1434 3811 pervenerint

302 3832 355 3900 vel
371 3853 481 3900 eorum
499 3833 694 3912 officialium,
709 3839 881 3901 teneantur
897 3832 1041 3903 incidere
1057 3833 1111 3901 vel
1136 3833 1233 3900 incidi
1265 3835 1383 3916 facere,
1401 3839 1433 3898 et

303 3941 392 4025 quod
409 3939 472 4025 ipsi
489 3941 715 4026 constringant
732 3949 861 4026 gentem
878 3961 970 4012 suam
987 3962 1046 4028 per
1061 3943 1134 4012 illos
1160 3943 1283 4028 modos,
1316 3942 1433 4027 quibus

306 4049 354 4116 eis
385 4047 500 4116 melius
530 4049 702 4136 videbitur,
734 4050 819 4133 quod
849 4048 988 4136 predicti
1008 4049 1133 4120 denarii
1148 4073 1212 4120 non
1228 4056 1361 4120 currant
1376 4071 1432 4135 por

301 4175 375 4222 snos
391 4155 562 4223 Districtus
579 4162 610 4222 et
625 4156 809 4224 incidantur
825 4155 853 4223 si
884 4157 1106 4244 invenientnr;
1129 4166 1161 4225 ct
1191 4159 1217 4225 si
1251 4159 1431 4228 Consilium

305 4269 353 4330 est
369 4271 491 4349 contra,
508 4263 550 4330 sit
565 4271 750 4331 revocatum
769 4268 926 4347 quantum
942 4263 977 4330 in
993 4263 1065 4332 hoc.

413 4425 547 4490 (Ljnbics,
566 4425 690 4478 Menum.
710 4428 794 4492 epact.
816 4424 883 4476 hist
903 4424 977 4479 Slav.
997 4427 1095 4480 Merid
1116 4431 1139 4482 1.
1152 4429 1211 4482 ket.
1224 4431 1285 4480 1³1.
1296 4429 1327 4492 l.)
