3112 5154
782 217 943 316 „ffl-

289 419 461 502 perantes,
481 421 517 484 ut
534 414 702 499 debemus,
724 409 971 480 considerantes
986 410 1089 478 111111
1098 411 1201 498 ipsius
1216 413 1340 483 domini
1355 415 1426 504 Epi·
1536 397 1537 400 ¹

291 520 385 610 scopi
417 519 585 590 meritorio
600 519 757 605 obsequia
771 523 805 586 et
820 515 1015 604 obsequiosa
1044 518 1172 604 merita,
1203 540 1267 606 que
1298 521 1424 591 domino

292 627 374 716 Regi
413 626 447 696 in
487 626 625 698 disemis
662 627 769 713 Regni
807 623 858 694 sui
898 623 1044 712 negociis
1082 633 1116 694 et
1156 627 1423 715 expedicionibus

292 730 493 823 impenderet
517 743 550 805 et
573 733 762 822 impendere
777 737 905 820 poterat
919 732 953 800 in
982 731 1136 820 futurum,
1174 732 1340 822 prelatum
1362 743 1418 806 ter·

293 862 365 910 ram
394 839 497 932 Fayn,
528 842 676 932 inspecto
706 847 821 910 tenore
853 837 1019 926 privilegii
1050 839 1173 908 domini
1203 841 1304 928 Regis
1329 861 1423 932 super

294 949 478 1018 consciens
493 946 638 1016 eiusdem
654 943 809 1032 consecto,
828 944 1022 1032 reliquimus
1054 943 1185 1016 domino
1215 947 1380 1036 Episcopo
1395 957 1423 1018 et

293 1055 442 1124 Ecclesie
467 1074 536 1138 sne,
552 1059 585 1124 et
600 1071 660 1142 per
675 1073 749 1122 eum
763 1053 831 1120 suia
849 1052 1098 1138 sumessoribua
1119 1056 1162 1123 ab
1179 1053 1294 1124 eodem
1310 1055 1420 1127 Castro

290 1160 506 1248 Zagrabiensi
523 1165 692 1250 exceptam
708 1160 838 1248 penitus
854 1166 888 1227 et
905 1165 1088 1248 exemptam
1120 1160 1190 1230 iure
1220 1169 1378 1251 perpetuo
1392 1175 1421 1233 et

292 1266 550 1337 irrevocabiliter
580 1265 822 1354 possidendam
854 1265 916 1336 sub
947 1265 1072 1336 eisdem
1103 1269 1249 1354 antiquis
1279 1271 1375 1340 metis
1390 1279 1418 1338 et

293 1377 448 1464 terminis,
466 1374 584 1461 quibus
603 1375 752 1444 01111111
770 1373 993 1460 Zegrabiense
1022 1375 1204 1446 dinoscitur
1218 1377 1261 1444 ab
1292 1377 1420 1464 antiquo
1539 1399 1540 1444 1

293 1483 491 1570 possedisse.
517 1481 728 1551 Prosentibus
747 1488 859 1550 tamen
873 1487 907 1550 et
921 1483 1180 1552 assencientibus
1195 1483 1419 1571 iobsgionibus
1539 1535 1540 1542 1

291 1589 401 1658 castri
415 1587 646 1676 Zegrabiensis
662 1588 832 1657 universis
849 1587 889 1657 ln
904 1589 996 1658 ouius
1011 1589 1061 1656 rei
1079 1591 1269 1659 memoriam
1285 1597 1319 1660 et
1351 1609 1417 1676 per·
1539 1643 1540 1646 ,

294 1703 428 1783 petuam
461 1696 645 1764 firmitatem
675 1703 845 1782 presentes
870 1696 1091 1768 concessimus
1115 1697 1228 1766 literas
1246 1695 1420 1765 munimine

292 1803 397 1872 nostri
412 1803 515 1890 sigilli
534 1803 711 1872 roboratas
744 1803 866 1871 Datum
895 1803 1056 1892 Zagrabic
1071 1805 1105 1872 in
1136 1811 1254 1875 octavu
1285 1803 1420 1872 Penthe

293 1919 416 1998 costen,
432 1931 521 1980 anno
537 1911 668 1979 Domini
684 1909 906 1980 mdlxxv,

423 2107 583 2170 (dinem,
602 2105 728 2158 Menum.
747 2107 814 2158 nist.
834 2109 926 2172 Epire.
947 2109 1065 2174 Zagrab.
1085 2109 1107 2158 Ι.
1126 2109 1185 2159 ket.
1208 2112 1268 2160 rte.
1288 2111 1317 2172 1)

826 2903 901 2972 lto.

295 3103 416 3170 Mittas
439 3104 748 3168 torves-dalmatiai
763 3105 825 3170 oen
841 3103 1029 3190 visamudja
1050 3101 1141 3169 Trea
1157 3105 1316 3174 osroenos
1342 3127 1421 3172 uzon

369 3209 520 3296 jaoakut,
536 3211 684 3298 melyeltet
699 3212 761 3277 td'lc
779 3211 900 3298 eqykor
918 3210 1114 3278 1111111111
1131 3213 1232 3278 eloctt.
1249 3215 1346 3281 1275.

401 3415 469 3479 Nos
484 3407 642 3475 Nicolaus
657 3405 768 3472 Banna
785 3404 889 3473 tocius
905 3405 1049 3491 0111111,
1066 3405 1237 3474 Dalmacie
1254 3413 1287 3474 et
1311 3408 1422 3478 (lomes

297 3522 337 3586 de
353 3515 489 3584 (iucclra
505 3515 664 3583 uniuersis
679 3512 797 3597 quibus
812 3519 980 3600 presentes
997 3513 1210 3582 ostenduntur
1226 3515 1364 3586 sulutem
1388 3518 1421 3583 in

295 3623 412 3694 salutis
428 3623 593 3708 largitore.
627 3622 680 3689 Ad
696 3623 918 3690 uniuersorum
934 3621 1089 3692 noticiam
1104 3621 1219 3690 harum
1236 3623 1421 3694 111111111-

296 3753 367 3801 mus
383 3733 568 3820 peruenire,
603 3729 778 3816 quodcum
796 3730 873 3797 olim
893 3732 975 3799 bone
1007 3731 1162 3798 memorie
1193 3737 1285 3817 pater
1316 3737 1423 3801 noster

298 3841 456 3908 Stelanus
471 3839 585 3908 Bonus
601 3839 704 3906 tocius
721 3838 907 3926 Solanonie,
923 3839 1004 3906 sicut
1020 3839 1081 3906 sibi
1097 3839 1230 3926 placuit,
1249 3841 1423 3909 subtraxis-

295 3955 345 4014 set
361 3947 531 4015 (lommnni
549 3953 581 4014 11
596 3945 781 4012 hominibus
807 3945 848 4013 de
873 3945 1034 4030 Tragurio
1065 3945 1222 4031 quasdem
1254 3952 1358 4015 terras
1392 3955 1424 4015 et

297 4053 519 4140 possessiones
536 4055 570 4120 in
586 4053 734 4143 conlinijs
749 4053 902 4139 Tragurij
920 4053 1054 4138 positas,
1086 4053 1120 4118 in
1136 4051 1209 4120 loco
1234 4061 1348 4121 vocato
1381 4055 1424 4122 11

298 4164 451 4230 Sanctum
468 4163 599 4229 Petrum
614 4161 655 4228 de
672 4160 870 4248 ctobueichy
885 4162 944 4229 sub
961 4159 1089 4250 Ostrag,
1105 4181 1168 4248 que
1184 4170 1269 4230 terre
1281 4165 1425 4234 subiecte

298 4277 329 4336 11
345 4269 514 4357 subposita
529 4268 660 4338 lucrant
677 4266 792 4340 (lustro
824 4267 942 4338 Oliseie
972 4291 1030 4358 per
1062 4269 1183 4340 dictum
1214 4277 1338 4358 patrem
1370 4292 1424 4340 no-

296 4383 416 4458 strum;
441 4383 473 4443 et
488 4376 632 4446 homines
650 4375 691 4443 de
709 4377 868 4462 Tragurio
884 4395 994 4445 coram
1011 4379 1108 4448 nobis
1123 4387 1359 4467 proposuerunt
1391 4387 1423 4450 et

295 4481 533 4574 allegaueruut,
545 4483 678 4559 1111111
695 4491 801 4553 terras
817 4503 856 4552 ac
872 4486 1093 4570 possessiones
1119 4487 1163 4556 11
1193 4505 1230 4555 se
1260 4487 1421 4574 pertinere
