3112 5154
624 298 783 398 „am-

129 502 185 564 ·est
199 491 390 562 vendidisse
418 491 528 562 eidem
543 489 661 560 Comiti
690 490 869 560 Benedioto
885 497 918 557 et
932 488 1002 557 suis
1019 504 1076 574 per
1092 508 1166 557 eum
1182 488 1272 556 bere·

132 600 230 669 dibus
246 619 306 686 pro
321 599 462 685 triginta
477 599 608 687 marcis,
623 604 719 686 prout
735 597 829 684 dixit,
846 596 947 684 pleno
970 596 1116 682 acceptis
1148 596 1270 662 irreuo·

127 709 286 776 vrabiliter
316 707 503 774 babendum
536 711 569 774 et
597 703 668 773 iure
698 711 856 792 perpetuo
899 701 1140 790 possidendam.
1171 700 1270 770 Cuius

137 825 220 881 terre
235 823 334 897 mete,
351 813 436 881 sicut
452 813 546 881 bomo
563 817 682 898 noster,
697 831 792 898 quem
807 811 852 878 ad
868 810 985 878 faeiem
1004 810 1108 897 ipsius
1138 808 1270 879 misera·

132 939 216 1004 mus,
247 919 342 988 nobis
382 920 545 1006 recitauit,
584 918 791 1005 presentibus
830 916 1061 985 commetaneis
1091 924 1123 984 et
1153 915 1269 985 vicinis

135 1027 278 1127 pacifice
290 1033 322 1094 et
337 1027 446 1112 quiete
463 1035 580 1114 erecte,
594 1025 707 1094 taliter
723 1025 944 1110 distinguntur
958 1051 967 1092 :
983 1023 1145 1094 Videlicet
1164 1025 1269 1110 prima

135 1141 219 1200 meta
251 1134 368 1220 incipit
382 1141 515 1218 aparte
546 1125 751 1200 meridionali
775 1132 809 1198 in
824 1133 906 1218 loeo,
923 1131 977 1198 rbi
1007 1130 1126 1198 fluuius
1142 1131 1269 1198 Dobro-

134 1239 205 1306 leeb
221 1239 315 1306 eadit
329 1241 364 1307 iu
380 1259 499 1324 aquam
516 1239 677 1325 Obamra3
694 1237 771 1306 inde
787 1239 822 1305 in
845 1236 957 1306 eodem
972 1236 1070 1305 fluuio
1086 1235 1269 1305 Dobroleob

136 1347 316 1430 procedens
348 1349 496 1432 superius
526 1365 640 1414 uersus
671 1351 799 1430 partem
832 1343 1072 1431 septemtrionis
1103 1345 1193 1412 venit
1223 1343 1268 1411 ad

135 1454 285 1521 arborem
301 1453 384 1522 baua
399 1453 659 1537 crucesignatum
675 1459 763 1521 meta
787 1461 894 1521 terrea
925 1451 1168 1533 circumfusam
1190 1449 1267 1516 inde

137 1577 251 1626 uersus
267 1567 395 1644 partem
412 1560 549 1627 orientis
567 1559 747 1646 procedens
763 1561 853 1628 uenit
869 1560 911 1626 ad
929 1559 1076 1627 arborem
1093 1557 1141 1626 tul
1158 1577 1269 1628 crucc-

128 1665 302 1749 ¹signatam
324 1677 412 1736 meta
443 1675 551 1736 terrea
587 1666 827 1748 circumfusam,
858 1667 954 1737 sitam
984 1671 1075 1734 iuxta
1105 1665 1267 1752 quendam

136 1769 291 1859 riuulum,
325 1776 359 1841 in
387 1794 451 1858 quo
483 1773 665 1860 procedens
696 1774 845 1861 superius
875 1794 990 1842 versus
1025 1772 1266 1861 septemtrionis

17 1875 18 1882 ’
136 1885 262 1963 partem
278 1881 370 1948 uenit
386 1880 429 1948 ad
444 1881 592 1948 arborem
607 1880 699 1962 beas,
715 1883 776 1950 sub
793 1901 857 1966 qua
873 1887 923 1952 est
937 1885 1023 1948 meta
1040 1887 1163 1968 terrea3
1187 1879 1265 1948 inde

135 1983 400 2057 tendens‘rersus
418 1995 543 2073 partem
560 1989 694 2056 orientis
711 1989 800 2056 venit
816 1989 859 2055 ad
876 1997 994 2056 metam
1010 1995 1150 2057 terream
1166 1990 1263 2056 sitam

17 2175 18 2186 ἵ
133 2093 224 2159 iuxta
255 2095 353 2181 mam,
386 2097 441 2165 ubi
458 2095 620 2164 vicinatur
651 2107 735 2165 terre
749 2095 859 2183 Myrse
885 2095 1040 2185 predicti;
1064 2095 1143 2164 inde
1158 2096 1192 2162 in
1209 2095 1263 2166 uia

17 2201 18 2262 l
129 2200 314 2281 ‚procedens
345 2220 459 2270 versus
477 2201 644 2272 meridiem
663 2205 754 2272 veuit
768 2203 812 2272 ad
827 2204 975 2270 arborem
994 2205 1041 2271 tul
1058 2203 1262 2290 crucesigna-

17 2337 19 2394 ὲ
129 2315 197 2373 tam
215 2315 304 2377 meta
318 2314 424 2379 terrea
441 2310 671 2380 circumfusam
688 2315 753 2380 sita
768 2313 861 2380 iuxta
876 2313 973 2399 viam,
1005 2313 1039 2378 iu
1056 2332 1121 2396 qua
1150 2330 1261 2396 proce·

17 2405 19 2476 l
134 2412 213 2482 dens
228 2435 289 2500 per
304 2416 423 2484 siluam
455 2417 523 2486 exit
554 2417 597 2486 ad
628 2418 777 2488 arborem
809 2418 951 2489 berekue
981 2419 1261 2507 crucesignatum

132 2521 252 2590 deinde
267 2524 311 2591 ad
329 2527 477 2592 arborem
507 2527 594 2613 pomi
625 2527 910 2614 crucesignatum
933 2527 1051 2595 deiude
1081 2527 1258 2614 procedens

17 2633 18 2640 ’
133 2628 217 2696 cadit
231 2633 397 2716 inaquam
408 2632 725 2721 Wrbounyobka,·in
742 2656 808 2721 qua
824 2633 1004 2722 procedens
1019 2633 1154 2703 iniurius
1169 2633 1261 2704 uenit
1331 2657 1336 2666 ·

126 2736 173 2801 -ad
189 2737 345 2823 insulam3
372 2739 447 2806 inde
463 2739 676 2825 relinquendo
692 2741 799 2827 ipsam
815 2742 956 2810 insulam
989 2761 1102 2810 versus
1133 2747 1258 2829 partem

135 2842 309 2930 dexteram,
337 2845 580 2932 procedensque
596 2847 637 2916 ad
655 2855 780 2934 partem
796 2849 1039 2917 meridionalem
1055 2869 1113 2938 per
1128 2849 1260 2918 arbores

125 2949 376 3035 crucesignatus
393 2952 481 3020 cadit
497 2955 531 3020 iu
547 2953 669 3022 dictam
685 2975 804 3040 aquam
820 2953 981 3040 Obazma3
1005 2955 1039 3020 in
1055 2975 1120 3040 qua
1145 2975 1257 3042 proee-

133 3053 209 3124 dens
237 3055 376 3126 inferius
399 3057 491 3126 veuit
507 3060 550 3127 ad
565 3061 704 3149 priorem
731 3069 861 3151 metam,
878 3063 989 3148 ibique
1004 3061 1204 3131 terminatur.
1219 3063 1258 3130 In

124 3161 220 3231 cuiue
235 3165 316 3232 faeti
339 3167 528 3234 memoriam
545 3173 577 3235 et
590 3169 687 3237 robur
702 3175 871 3256 presentes
887 3171 1106 3238 concessimus
1121 3171 1259 3256 patroci-

126 3269 185 3336 nio
200 3272 304 3356 sigilli
336 3275 439 3343 nostri
455 3275 608 3345 munitas.
626 3279 748 3346 Datum
764 3279 847 3348 scria
863 3279 1006 3347 secunda
1021 3280 1170 3366 proxima
1184 3288 1262 3366 post

130 3377 243 3446 lmtum
265 3379 360 3448 Beati
384 3382 473 3450 Galli
504 3383 712 3472 confessoris,
744 3409 830 3458 anno
862 3386 994 3454 Domini
1024 3385 1255 3456 ΜῢΟΟΰΙιΧΧο

123 3487 290 3572 septimo..

124 3680 166 3740 (Δ
183 3687 319 3738 aaszmai
337 3687 532 3754 ktptalannak
553 3693 708 3761 »Magister
738 3697 878 3749 Esuriens
908 3697 943 3749 de
974 3695 1084 3748 Otbuar
1115 3695 1253 3760 beneseto,

129 3773 207 3824 1305.
227 3779 347 3838 »quarta
366 3777 437 3830 teria
457 3781 587 3846 proxima
605 3786 670 3849 port
702 3785 857 3849 quindenas
887 3786 1038 3838 Beatorum
1068 3785 1195 3853 Philippi
1226 3793 1255 3840 ct

123 3860 226 3914 «iacobi
245 3864 465 3932 Apostolorum«
484 3871 597 3924 kiadott
617 3874 792 3944 stiratdb613
811 3891 829 3928 a
847 3877 933 3930 budai
950 3877 1004 3930 kir.
1023 3876 1152 3930 kamerai
1170 3877 1254 3929 level·

626 3963 749 4030 turbam.)

561 4247 817 4260 m
