3068 5150
569 285 729 390 jep-

100 483 179 552 solsit
205 489 239 551 et
254 482 345 552 dedit
370 483 457 552 dicto
487 484 617 552 domino
648 483 768 554 comiti
800 505 860 572 pro
880 484 965 554 dicto
982 485 1160 570 Permano;
1178 491 1211 551 ct

101 593 194 662 omnia
209 592 278 677 illa,
296 612 358 677 que
374 592 477 660 maior
494 613 568 680 pars
586 613 696 662 eornm
728 593 846 662 dixerit
877 593 918 662 de
949 591 1115 680 predictis,
1147 593 1213 660 sint

99 709 201 770 stesso
234 699 374 768 debeant
403 700 495 770 firma
526 707 558 767 et
588 709 679 784 rata;
711 707 744 769 et
760 701 877 786 omnia,
895 720 957 784 que
974 719 1031 787 per
1059 700 1215 768 minorem

101 815 209 894 partem
226 807 369 894 ipsorum
387 807 476 875 diota
493 806 625 895 fuerint,
639 828 712 877 esse
729 808 871 877 debeant
886 828 982 880 caesa
1001 814 1033 876 et
1063 828 1152 876 uana
1183 815 1216 874 et
1336 847 1339 856 ·

101 915 202 984 nullius
251 913 383 1000 valoris,
416 916 507 982 saluo
537 914 621 984 sicut
650 915 769 983 dietum
801 922 851 984 est
882 914 924 983 de
939 914 1014 984 aliie
1046 915 1237 1008 lodicibus¹

100 1024 236 1110 superins
251 1021 438 1110 nominatis,
453 1021 482 1090 si
497 1023 620 1092 nollent
635 1021 741 1090 faeere
757 1021 923 1108 provideri
954 1021 1017 1090 sibi
1043 1024 1214 1110 Permane,

100 1129 172 1214 qnod
199 1133 371 1198 remaneat
396 1129 494 1196 ctiam
509 1129 544 1198 in
560 1150 620 1198 sno
630 1130 837 1198 Permanatu.
852 1131 933 1197 Item
949 1127 1038 1214 quod
1054 1128 1096 1198 dc
1113 1130 1213 1198 omni·

100 1239 149 1308 bns
163 1238 255 1306 furtis
272 1244 304 1306 et
319 1237 551 1308 offensionibus
568 1239 643 1306 aliis
659 1258 716 1306 seu
736 1236 917 1306 redditibus
935 1244 967 1305 ct
993 1236 1214 1306 bonamanoiis

98 1345 178 1415 lactis
193 1345 270 1414 hinc
285 1353 379 1434 retro,
390 1345 557 1433 qnodipse
567 1345 716 1415 dominus
733 1347 847 1415 Comes
863 1367 936 1414 cum
951 1347 1020 1414 suis
1030 1343 1213 1432 Judicibos,

101 1453 233 1538 quisunt
247 1474 344 1542 nuno,
374 1455 500 1540 possint
530 1454 640 1522 faeere
669 1455 829 1522 rationem
861 1453 964 1539 usque
994 1453 1038 1522 ad
1070 1453 1212 1522 medium

100 1581 205 1630 annum
238 1568 407 1649 postquam
424 1561 540 1630 Oomca
558 1561 722 1649 predictus
739 1561 982 1649 applicueritis
999 1563 1114 1630 insula.
1131 1562 1212 1628 Item

99 1669 122 1734 ri
137 1669 253 1739 lactum
271 1671 403 1754 aliquod
420 1673 470 1737 vel
489 1669 619 1756 aliquod
635 1669 841 1737 malefactum
862 1670 981 1737 lactum
1000 1670 1114 1737 luisset
1139 1669 1214 1736 hinc

97 1785 169 1844 retro
183 1783 214 1844 et
231 1779 436 1847 concordium
453 1777 573 1844 fuctum
589 1777 715 1867 luisset,
726 1777 970 1846 undcdominus
982 1777 1096 1844 Comes
1113 1773 1210 1843 debet

99 1883 206 1952 habere
223 1887 375 1967 bannum,
390 1884 460 1952 vult
475 1883 624 1952 dominus
642 1881 765 1971 Comes,
780 1882 867 1969 qnod
891 1883 1043 1952 deveniat
1072 1885 1106 1951 in
1140 1903 1213 1950 cum

98 1991 263 2058 secundum
296 1991 560 2060 consuetudinem
591 1991 701 2060 Insule
733 2011 834 2076 nsque
859 1991 902 2058 ad
919 1991 1058 2060 medium
1085 2013 1216 2060 annum.

100 2100 134 2165 nt
148 2106 194 2168 eat
209 2100 390 2187 sciendum,
406 2099 492 2186 qnod
509 2099 627 2168 solutio
643 2097 801 2167 dictarum
818 2101 1095 2184 septingentarum
1122 2101 1216 2168 libra·

97 2225 168 2290 mm,
182 2208 292 2278 danda
307 2229 364 2295 pro
380 2207 507 2291 regalia
521 2207 642 2274 domini
654 2208 765 2295 Ducis,
775 2207 872 2275 debet
889 2206 957 2274 fieri
975 2207 1061 2275 dicto
1078 2207 1208 2275 domino

97 2313 201 2382 Oomiti
218 2315 486 2401 subpenatercii,
504 2315 627 2383 credito
639 2315 700 2383 soli
711 2314 809 2382 verbo
820 2314 922 2400 ipsius
939 2314 1061 2382 domini
1073 2314 1215 2383 Comitis.

98 2420 261 2492 Terminus
291 2445 369 2492 vcro
400 2428 467 2490 tam
499 2421 719 2507 predictarum
749 2421 1030 2508 septingentarum
1061 2422 1215 2492 librarum

98 2548 186 2610 qnam
202 2533 498 2619 suprascriptarum
530 2530 788 2615 octingentarum
822 2530 975 2600 librarum
1005 2530 1212 2599 denariorum

98 2635 202 2723 incipit
232 2641 266 2706 in
283 2639 428 2727 proximo
460 2639 615 2725 preterito
647 2638 728 2706 festo
754 2637 865 2706 Sancti
896 2639 1065 2708 Michaelis
1092 2639 1213 2708 mensis

97 2743 300 2830 Septembris.
310 2748 391 2815 Item
402 2746 436 2814 in
447 2745 616 2814 millesimo
626 2743 845 2813 ducentesimo
861 2749 1082 2831 octuagesimo
1099 2753 1215 2832 quarto

96 2849 143 2918 die
157 2853 313 2938 vigesimo
343 2853 436 2924 tertio
467 2853 660 2923 Novembris
677 2859 774 2939 capta
788 2853 849 2922 suit
864 2873 941 2941 pars
956 2855 990 2922 in
1006 2855 1120 2924 Maiori
1131 2855 1213 2922 Con·

97 2959 161 3028 sitia
180 2963 389 3032 Venetiamm
407 2987 415 3030 :
433 2962 518 3046 qnod
540 2963 624 3030 siout
648 2961 827 3030 continetur
858 2963 893 3030 in
925 2962 1096 3031 eoncordia
1126 2961 1213 3030 facta

96 3070 174 3139 inter
205 3071 362 3142 Comitem
402 3070 520 3140 Auseri
551 3079 583 3138 et
614 3090 688 3138 euos
704 3069 875 3156 subiectos,
892 3071 1021 3139 firmata
1039 3088 1098 3156 per
1114 3069 1218 3138 Maius

98 3177 280 3264 Consilium,
296 3178 381 3246 aliar
407 3178 525 3248 debeat
555 3175 680 3245 attendi
698 3182 729 3244 et
760 3178 925 3246 observari
957 3199 1018 3262 per
1048 3186 1157 3264 partes
1188 3188 1220 3246 et

94 3284 198 3353 lacere
228 3286 352 3354 attendi
383 3292 416 3354 et
431 3285 609 3355 observari.
640 3286 678 3352 ln
693 3287 786 3355 cuius
817 3285 862 3354 rei
880 3283 975 3352 fidem
999 3285 1043 3354 ad
1067 3286 1215 3354 notitiam

95 3397 291 3478 presentium
308 3402 341 3463 et
357 3394 547 3462 memoriam
564 3393 745 3462 futurorum
762 3393 900 3462 illustris
917 3392 1066 3463 dominus
1097 3393 1216 3462 dohan-

96 3524 150 3570 nes
166 3502 328 3591 Dandulo,
345 3503 408 3571 Dei
424 3502 535 3588 gracia
554 3502 775 3588 venetiarum,
796 3501 960 3569 Dalmatio
976 3509 1073 3587 atque
1089 3501 1217 3570 Croatie

97 3609 176 3696 Dux,
193 3609 291 3678 iussit
305 3629 441 3696 presens
457 3610 596 3698 criptum
607 3630 667 3678 sua
677 3610 767 3677 bulla
783 3608 937 3694 plumbea
953 3611 1082 3678 muniri.
1100 3611 1218 3678 Datum

94 3725 124 3782 et
138 3725 251 3785 aetum
282 3717 426 3787 Venetiis
460 3715 572 3787 eodem
604 3717 775 3786 millesimo
799 3715 853 3786 die
871 3717 1030 3803 vigesimo
1046 3717 1140 3788 tertio
1156 3717 1220 3784 No·

94 3825 234 3896 rembris
251 3825 343 3894 tertie
359 3826 485 3896 decime
501 3825 698 3895 indictionis.

291 4025 326 4086 (Α
346 4021 573 4078 commemorari
593 4021 733 4075 velenozei
753 4019 1005 4094 allamkonyvbol.)
1130 4031 1133 4037 ·
