3068 5150
816 371 882 436 376

765 457 925 470 m

280 567 428 654 peruenit
458 567 502 636 ed
517 573 615 653 capnt
640 565 785 651 predicte
799 565 897 636 vellis
913 565 1110 651 Babawelge
1126 565 1306 636 admotam
1322 553 1413 638 ante

281 677 411 761 dictam,
429 675 537 758 ibique
553 673 752 742 terminatur.
774 675 812 740 ln
829 674 920 744 cuins
937 675 986 742 rel
1003 673 1192 744 memoriam
1210 675 1409 748 firmitatem·

281 804 344 866 que
376 791 564 867 perpetuam
595 788 763 868 presentes
796 779 1012 852 concessimus
1041 782 1169 851 litteras
1184 781 1288 866 sigilli
1303 786 1405 851 nostri

281 890 457 958 munimine
474 890 653 956 roboratas.
671 891 791 956 Datum
807 895 839 956 et
869 897 977 957 actum
1008 911 1093 957 anno
1125 891 1257 957 Domini
1289 889 1410 957 lltclll

281 995 503 1082 octuagesimo
523 995 673 1066 secundo.

283 1195 318 1259 (A
336 1196 556 1262 pozsegavolgyi
575 1198 753 1248 lronventnek
775 1199 885 1248 rasa-ki
905 1197 1065 1260 dtiraiabol‚
1095 1199 1168 1248 mint
1186 1198 1272 1247 allbb
1294 1200 1352 1246 ill.
1371 1212 1412 1248 nr.

384 1285 474 1350 elatt3
494 1301 512 1336 a
530 1285 637 1337 lomelt.
656 1287 774 1352 herczeg
790 1286 966 1351 Eszterhdzy
985 1287 1078 1338 csslad
1098 1286 1312 1350 revtltertban.)

712 1574 979 1586 ...αμα-ι*-

809 2103 887 2173 tls.

280 2301 312 2370 Α
330 2307 452 2372 adradi
468 2305 699 2392 kdptalorsnak
714 2303 984 2390 biaonysdpleeele,
1016 2305 1099 2392 kopp
1125 2307 1247 2392 Endos,
1273 2309 1418 2379 Eldrrselt

272 2415 340 2500 fla,
372 2407 548 2478 tomtttoa
579 2411 648 2477 loss
678 2408 896 2478 drdlcdirtokdt
913 2411 1020 2477 eludia
1035 2413 1118 2479 Keos
1133 2417 1164 2481 es
1179 2419 1285 2483 Antal
1308 2425 1420 2488 tested·

727 2518 849 2582 relenelt.
866 2517 884 2580 Ι
889 2517 969 2582 282.

389 2716 573 2798 Capitulum
600 2711 826 2780 Worudiensie
842 2711 985 2782 Ecclesia
1004 2719 1152 2800 omnpbue
1172 2717 1292 2786 Christi
1309 2722 1420 2792 fideli-

279 2826 342 2892 bus
357 2827 539 2909 presentem
556 2819 713 2904 paginam
732 2818 925 2904 inspecturis
943 2820 1081 2889 salutem
1112 2823 1145 2888 in
1175 2825 1327 2894 Domino.
1362 2831 1420 2898 Ad
1532 2887 1533 2894 ,

278 2930 502 2997 uniuersorum
518 2926 672 2996 noticiam
686 2933 754 2992 tam
765 2925 964 3010 presencium
985 2947 1082 3012 quam
1098 2929 1277 3001 futurorum
1294 2941 1419 3006 tenore

280 3035 482 3122 presencium
507 3032 654 3103 volumus
685 3031 865 3118 peruenire,
898 3033 984 3116 quod
1013 3035 1163 3106 Andreas
1194 3040 1281 3108 filius
1313 3043 1425 3116 Alexi
1532 3019 1533 3038 χ

279 3161 387 3211 coram
419 3141 513 3210 nobis
528 3139 741 3226 personaliter
766 3139 957 3209 constitutus
973 3143 1052 3209 uina
1066 3165 1148 3214 uoce
1163 3153 1213 3215 eet
1228 3149 1419 3243 confessus,

282 3255 432 3335 quartam
447 3255 572 3337 partem
587 3255 674 3314 terre
689 3266 746 3315 sue
762 3243 957 3316 hereditarie
980 3249 1095 3319 laombi
1126 3255 1306 3344 appellate,
1340 3281 1421 3330 eum

281 3349 430 3424 omnibns
460 3355 528 3424 suis
543 3353 737 3422 vtilitatibns
749 3361 782 3422 et
797 3355 1018 3441 pertinenciJs‚
1034 3358 1185 3430 uidelicet
1200 3381 1273 3430 cum
1292 3376 1422 3450 quarta

281 3472 375 3553 parte
391 3466 569 3534 sessionum
590 3467 713 3548 reptem
746 3461 896 3530 villarum
916 3475 949 3531 et
980 3465 1117 3534 ecclesio
1147 3469 1266 3539 Sancte
1299 3469 1425 3548 Crucis

280 3573 417 3641 fundate
432 3579 521 3639 terra
537 3571 571 3636 in
588 3568 712 3658 eadem,
729 3569 931 3637 adiacentem
948 3580 1079 3657 aparte
1098 3575 1176 3645 ville
1192 3577 1297 3663 Moci,
1316 3602 1424 3666 qnam

283 3687 383 3747 antea
399 3683 558 3762 cognatus
574 3677 676 3762 ipsius
693 3675 881 3764 Ladizlaus‚
898 3685 931 3744 et
948 3677 1136 3764 Stephanus
1151 3683 1239 3750 filius
1265 3675 1440 3758 eiusdem¹

284 3787 387 3854 Keroe
420 3792 453 3854 et
467 3783 607 3852 Antonio
639 3783 793 3852 iratribus
825 3785 909 3852 inter
938 3805 974 3852 se
1005 3795 1038 3852 et
1070 3787 1161 3875 ltoys
1186 3789 1427 3887 vendiderant,
1531 3829 1532 3882 j

281 3900 431 3978 presente
446 3897 667 3958 commetaneo
683 3888 768 3958 dicte
783 3899 878 3974 terre,
893 3891 1058 3960 Absolone
1074 3893 1229 3964 uidelicet
1243 3898 1287 3966 de
1304 3899 1427 3976 Zekes
1531 3899 1532 3962 l

286 4019 395 4068 coram
426 4000 522 4066 nobis
553 4004 681 4065 astante
699 4019 758 4083 pro
774 4017 810 4064 se
828 4007 861 4064 et
875 3999 1037 4070 uniuersis
1052 4001 1219 4071 nobilibus
1235 4005 1276 4074 de
1292 4007 1428 4102 Zekoe,

284 4109 367 4175 sient
382 4105 475 4184 dixit,
499 4106 639 4190 receptis
669 4105 780 4174 decem
814 4107 931 4174 merois
961 4107 1156 4198 reliquisset,
1188 4112 1266 4196 quin
1299 4121 1429 4199 pocius

283 4212 482 4282 vendidisset
498 4215 600 4282 Kewe
616 4221 649 4281 et
663 4213 804 4280 Antonio
820 4213 1025 4300 supradictis,
1041 4223 1073 4283 et
1089 4237 1148 4304 per
1163 4219 1252 4303 ipsos
1267 4221 1428 4308 ipsorum

285 4321 461 4390 heredibus
477 4320 695 4404 heredumque
711 4321 950 4396 successoribus
966 4323 1232 4394 inrenocabiliter
1247 4333 1430 4415 possiden.

272 4427 362 4508 dam
378 4435 410 4494 et
425 4425 610 4496 habendam
626 4429 723 4512 pleno
739 4430 819 4496 iure.
836 4427 1019 4514 Obligando
1033 4451 1080 4520 ee,
1090 4432 1431 4526 abomnihueinpeti·

287 4537 410 4604 toribus
426 4536 558 4602 racione
573 4533 659 4601 dicte
674 4541 759 4602 terre
775 4535 997 4622 expediturum
1014 4539 1157 4608 eosdem.
1172 4543 1212 4608 ln
1244 4544 1339 4613 ouius
1377 4551 1431 4620 rei

287 4641 475 4710 memoriam
507 4639 551 4705 ad
581 4639 774 4710 instanciam
816 4643 961 4726 parcium
994 4657 1163 4731 presentes
1197 4653 1437 4728 concessimus
1530 4669 1531 4678 ’
