3112 5154
127 1181 320 1251 Koiambdo
335 1182 444 1246 troo-d
455 1181 585 1269 propat
600 1178 747 1267 biscopes
762 1177 946 1248 teneatue
961 1181 1107 1267 dtcapedi
1132 1177 1262 1247 Ccaottc'

533 1289 733 1356 Mittoanat.
758 1291 855 1358 1276.

242 1485 281 1550 In
298 1479 417 1552 Christi
432 1485 563 1552 nomine
593 1483 707 1552 Amen.
744 1485 839 1550 Anno
870 1483 1000 1551 Domini
1031 1481 1262 1552 M⁰OO⁰LXX·

121 1599 227 1662 :sexto
243 1591 426 1659 indiccione
443 1600 570 1678 quarta,
596 1593 797 1678 temporibus
814 1591 936 1660 domini
951 1591 1100 1658 Ladislai
1116 1592 1264 1660 Serenia-

131 1701 210 1781 nirnj
225 1699 327 1784 Regis
344 1699 511 1785 Ungarie;
535 1701 733 1768 venerabilis
747 1702 851 1786 patris
867 1697 1059 1768 columbani
1090 1697 1263 1790 Episcopi3

132 1807 293 1874 nobilium
311 1807 453 1874 virorum
470 1807 591 1874 domini
606 1807 627 1876 J
630 1807 768 1876 ohannis
785 1807 826 1874 ds
856 1806 1002 1872 Briberio
1033 1804 1264 1890 Traguriensis

132 1913 292 1998 Comitis3
315 1915 402 1982 blicb
422 1955 459 1966 -
478 1951 521 1964 -
542 1955 581 1964 -
598 1953 643 1964 -
659 1915 845 1997 Potestatis,
876 1913 1075 1980 dominorum
1094 1911 1260 1978 Valentini

124 2021 317 2105 Oasarizze,
332 2021 438 2090 Dosse
453 2023 614 2108 Amblasij
631 2022 897 2108 'lraguriensinm
917 2019 1192 2106 Conciliariorum,
1210 2018 1264 2084 die'

134 2129 254 2197 Martis
271 2128 346 2196 VII.
364 2129 526 2214 Januarij.
559 2131 674 2197 Actum
692 2137 742 2196 est
756 2127 909 2214 Tragurij
928 2130 961 2194 in
978 2127 1068 2194 curia
1084 2126 1168 2192 intra
1184 2125 1264 2192 dieti

130 2236 261 2304 domini
278 2235 442 2321 Episcopi.
459 2236 629 2304 Predictus
647 2237 845 2304 venerabilis
860 2244 953 2320 pater
968 2235 1116 2302 dominus
1133 2233 1266 2318 Episco-

129 2367 197 2434 pus
214 2343 445 2429 Columbanus,
462 2344 673 2412 considerans
690 2365 810 2428 magua
827 2350 859 2410 et
889 2342 993 2434 ardua
1024 2348 1056 2407 et
1090 2340 1268 2427 placabilia

131 2453 279 2522 seruicia
294 2453 392 2536 longo
409 2459 552 2538 tempore
567 2453 740 2537 recepisse,
772 2467 804 2518 et
819 2471 882 2536 que
898 2451 1021 2534 recepit
1036 2450 1070 2517 in
1086 2451 1228 2535 presenti
1245 2470 1266 2514 a

122 2561 270 2629 ¹domino
285 2559 425 2628 Nicolao
441 2560 567 2626 Casotti
596 2560 720 2643 absque
750 2557 1016 2634 remuneracione
1047 2557 1169 2642 aliqua,
1202 2575 1265 2639 que

122 2669 316 2738 seeundum
331 2668 435 2734 Deum
451 2675 484 2734 et
500 2669 618 2734 bonam
634 2666 905 2734 consuetudinem
921 2667 1009 2747 lieet,
1037 2667 1146 2734 necin
1162 2671 1265 2731 totum

134 2779 377 2844 irremunerata
405 2796 476 2843 esse
499 2776 622 2858 rotuit;
646 2775 768 2842 ideireo
792 2774 868 2858 jure
900 2775 1091 2843 donacionis
1121 2791 1202 2858 pure
1233 2777 1266 2836 et

134 2886 251 2968 libere,
282 2883 470 2968 simpliciter
487 2889 519 2948 et
532 2880 786 2950 irreuoca'oiliter
801 2881 885 2948 inter
901 2881 992 2948 rivos
1008 2879 1099 2946 dedit
1115 2884 1147 2944 et
1164 2877 1263 2944 cessit

132 3002 170 3060 et
187 2991 350 3060 concessit
366 2989 468 3058 eidem
481 2990 610 3056 domino
620 2988 758 3056 Nicolao
769 3011 824 3074 pro
835 3008 872 3056 se
881 2989 1015 3072 suisque
1025 2985 1198 3052 heredibus
1208 2984 1268 3050 sti·

126 3101 262 3188 ‚palatis
279 3117 373 3163 omne
388 3097 450 3180 ius,
482 3115 670 3179 omnemque
686 3095 847 3162 actionem
864 3095 984 3162 realem
1001 3100 1033 3162 et
1048 3091 1263 3177 personalem,

133 3217 171 3276 et
187 3205 332 3274 totaliter
346 3206 375 3272 ei
392 3205 560 3290 directam,
593 3205 679 3286 quod
697 3211 729 3271 et
745 3225 841 3287 quam
857 3203 957 3270 habet
973 3209 1005 3268 et
1021 3201 1140 3268 habere
1156 3205 1263 3284 potest

130 3322 252 3386 contra
267 3313 432 3382 dominum
448 3311 651 3397 Raphaelem
667 3313 872 3379 Bertramum
898 3309 938 3375 de
962 3309 1114 3391 cheoijs
1131 3315 1162 3374 et
1194 3307 1265 3373 cius

131 3429 225 3492 bona
240 3443 300 3508 pro
316 3429 444 3489 eentum
460 3429 492 3488 et
508 3421 622 3505 viginti
639 3420 731 3486 libris
748 3419 943 3486 Venetorum
968 3437 1152 3501 parvorum,
1184 3435 1267 3498 quas

125 3533 225 3600 ‚idem
241 3531 393 3597 dominus
410 3530 558 3615 Raphael
573 3525 677 3596 eidem
694 3528 824 3594 domino
840 3527 1000 3613 Episcopo
1032 3525 1110 3592 dare
1141 3531 1173 3591 et
1204 3523 1267 3590 sol·

131 3661 219 3708 uere
234 3644 364 3706 tenetur
380 3645 440 3706 etc.
463 3638 678 3705 Presentibus
693 3635 825 3704 domino
842 3638 970 3722 Duymo
986 3633 1127 3716 Bertolo,
1152 3630 1268 3698 Nicole

127 3748 307 3832 Galcorde
326 3753 358 3814 et
373 3749 464 3815 Desa
479 3747 643 3832 quondam
660 3745 771 3811 Duimi
787 3746 920 3827 Deeega
934 3743 1080 3810 testibus.

356 3947 485 4008 (Parlatb
504 3945 650 4010 Illyricum
670 3943 785 3995 Sacrum
804 3943 853 3994 1v.
872 3942 931 3992 ket.
952 3941 1053 4002 358.l.)

569 4229 838 4240 Ἣ
