3112 5154
764 235 924 334 Q

278 429 351 496 visa
381 426 502 496 fuerint
532 425 683 496 facienda
713 433 780 496 tam
812 428 899 497 circa
929 429 1126 515 principales
1153 429 1329 516 petitiones
1346 449 1409 499 seu

280 534 353 601 lites
370 553 444 618 qam
460 553 631 603 causarum
647 536 870 622 prosecutione
879 543 911 602 et
922 536 1082 603 sententie
1093 553 1152 602 sen
1172 537 1417 605 sententiarum

277 643 469 710 executione
511 642 634 710 eisdem
674 642 811 711 sindicis
841 643 948 710 libera
979 644 1206 729 procuratione
1237 663 1419 726 conoessa;

279 749 506 836 promittentes
522 749 703 834 supradicti
719 749 851 816 Judiccs
867 767 942 816 oum
958 749 1026 817 suis
1043 749 1304 818 Comunitatibus
1331 752 1418 820 mihi

280 857 417 924 Notario
449 855 617 942 stipulanti
648 857 790 944 nomine,
837 873 974 938 quorum
1004 854 1138 924 interest
1167 857 1222 923 rel
1253 857 1417 943 intererit,

234 977 236 980 ·
279 970 386 1032 ratum
404 969 436 1030 et
450 965 578 1032 firmum
593 963 714 1030 habere
730 969 762 1030 et
778 963 952 1031 observare
968 960 1123 1046 quicquid
1139 982 1197 1047 per
1226 962 1416 1048 predictum

280 1069 444 1138 dominum
461 1069 626 1148 Comitem,
651 1074 683 1136 et
698 1069 850 1152 Bcdissa,
866 1073 898 1136 et
912 1069 1016 1137 Cerne
1031 1067 1208 1156 Andrean,
1224 1067 1417 1140 Johannem

280 1173 425 1244 Piculum
442 1183 474 1242 et
488 1175 658 1261 Juannem,
676 1176 820 1245 sindicos
835 1197 893 1244 seu
908 1183 1145 1264 procuratores,
1161 1173 1284 1245 factum
1307 1177 1417 1248 suerit

280 1283 315 1350 in
330 1282 486 1370 predictis
496 1290 529 1351 et
539 1283 626 1351 circa
641 1281 790 1368 predicta
806 1282 858 1352 rel
868 1282 977 1368 aliquo
992 1283 1210 1370 predictorum
1226 1290 1283 1350 aut
1299 1305 1416 1352 eorum

281 1391 452 1459 occasione
467 1389 527 1458 sub
542 1390 705 1478 ypotheca
734 1393 892 1458 bonorum
923 1391 1082 1457 dictarum
1100 1389 1362 1476 Comuuitatum3
1379 1399 1419 1458 et

283 1498 447 1566 casolata
477 1497 530 1564 rel
560 1517 637 1584 non,
668 1497 728 1565 hec
758 1497 867 1564 omnia
899 1497 1065 1566 antedicta
1082 1505 1155 1566 rata
1170 1497 1237 1564 siut
1252 1504 1285 1564 et
1304 1495 1415 1566 firma.

281 1607 398 1674 Actum
414 1610 464 1673 est
478 1605 540 1671 boo
555 1605 705 1674 Kersium
720 1605 755 1672 in
771 1604 894 1690 palatio
911 1605 1073 1672 Comanis.

389 1711 425 1780 P.
441 1711 482 1778 H.
498 1712 568 1796 Ego
583 1711 790 1798 Compagnns
805 1712 926 1797 Filippi
943 1712 985 1780 de
1005 1713 1184 1796 hlonteaeo‚
1204 1711 1289 1780 Aule
1304 1710 1417 1798 Impe-

283 1818 377 1888 rialis
393 1817 554 1904 Notarius,
571 1818 611 1886 de
626 1818 836 1906 hiisrogatus
848 1819 964 1904 scripsi
975 1818 1194 1905 etpnblioari.

280 2015 405 2084 (Isjubics
424 2017 606 2070 Monumenta
624 2017 784 2080 spectantia
802 2015 952 2068 historiam
971 2015 1118 2068 slavorum
1137 2015 1236 2067 Merid.
1267 2015 1290 2066 Ι.
1316 2015 1421 2069 kutat.

767 2109 826 2154 112.
852 2107 922 2170 lap.)

813 2919 886 2988 159.
933 2959 938 2974 ·

280 3119 345 3184 IV.
360 3117 476 3184 Luccio
490 3115 668 3204 kirdlyack
684 3115 856 3184 Cerastae
881 3123 1067 3206 vdrmepydt
1090 3123 1250 3208 tdrqyczo
1275 3124 1420 3192 adoma-

499 3245 566 3311 ayc
581 3247 603 3290 u
618 3223 755 3312 qurdba'
766 3225 1065 3314 perpetratarum.
1083 3227 1181 3297 1277.

385 3417 561 3486 Ladlalaus
576 3419 638 3488 Dei
654 3420 767 3504 gracia
782 3421 958 3508 Hungarie‚
982 3421 1162 3508 Dalmacie,
1180 3423 1324 3512 Croacie,
1341 3427 1414 3495 Ra-

280 3546 343 3612 me,
360 3526 482 3612 Serme,
500 3525 648 3614 Gallicis,
668 3529 867 3613 Lodomeric,
894 3526 1056 3612 Cumania,
1088 3529 1308 3617 Bulgarieque
1337 3533 1419 3603 Rex

279 3635 430 3702 omnibus
461 3633 581 3702 Christi
597 3634 748 3702 fidelibus
774 3643 956 3720 presentem
972 3637 1129 3722 paginam
1145 3639 1342 3723 inspecturis
1358 3662 1422 3710 aa·

279 3743 377 3809 lntem
393 3739 429 3812 in
444 3759 521 3808 vero
538 3741 684 3809 salutari.
700 3741 786 3809 Etsi
803 3743 1003 3827 quibuslibet
1021 3743 1148 3812 Corone
1178 3746 1280 3830 Regis
1309 3747 1421 3818 fideli·

276 3851 336 3916 bus
353 3856 386 3916 et
418 3849 541 3916 devotis
573 3850 699 3936 aperire
716 3851 891 3920 debeamus
918 3852 1142 3920 munificencie
1157 3861 1267 3924 nostre
1281 3876 1423 3950 manus,

277 3954 345 4022 illis
360 3961 470 4022 manen
486 3957 669 4024 etmaximc
686 3959 822 4026 Prelatis
838 3959 1059 4026 Ecclesiarum
1075 3966 1221 4029 tenemur
1236 3962 1423 4036 ardencius

276 4066 311 4128 et
325 4059 502 4147 specialius
517 4061 724 4150 respondere,
741 4085 822 4150 quos
837 4064 985 4134 videmus
1001 4067 1121 4134 nostris
1136 4073 1168 4134 et
1181 4069 1288 4155 Regni
1303 4077 1423 4144 nostri

279 4168 423 4252 negociis
439 4170 590 4238 insistere
606 4170 744 4240 fideliter
760 4179 793 4240 et
808 4173 934 4260 devote,
949 4174 1120 4260 presertim
1148 4175 1226 4261 quia
1257 4197 1315 4263 per
1346 4179 1421 4250 hoc

279 4281 312 4342 et
328 4275 433 4344 honor
448 4279 609 4346 accrescit
627 4281 760 4368 Regius,
777 4287 809 4348 et
823 4280 915 4349 salus
931 4281 1110 4350 attenditur
1123 4283 1317 4351 animarum.
1333 4285 1423 4354 Pro-

276 4382 356 4451 inde
365 4383 408 4450 ad
418 4383 640 4456 universorum
656 4389 808 4457 noticiam
825 4389 939 4457 harum
954 4389 1042 4457 serie
1052 4390 1202 4458 volumus
1218 4393 1423 4477 pervenire:

275 4489 364 4573 quod
395 4499 522 4577 gratam
536 4500 570 4561 et
601 4495 894 4566 commendabilem
924 4497 1117 4568 fidelitatem
1136 4517 1177 4567 ac
1192 4498 1361 4570 meritoria
1377 4511 1425 4572 et
