3124 5152
759 283 919 385 Q

275 486 307 549 et
322 480 423 548 librns
438 479 497 546 XL
513 479 547 548 in
563 499 648 546 enno
666 479 707 548 ed
719 480 897 564 predictum
915 480 1086 566 racionem,
1097 489 1129 549 et
1138 483 1274 552 Nuturio
1290 491 1408 552 tenen-

275 595 327 656 tur
358 588 436 655 dsre
452 610 510 676 pro
541 589 676 656 sallario
708 590 831 658 solidos
862 590 929 656 XX
945 610 1140 680 grossorum,
1158 598 1189 660 et
1209 593 1250 661 de
1270 594 1410 661 servito·

273 698 363 766 ribus
379 695 484 783 possit
502 703 612 765 tenere
636 694 716 766 duos
740 697 780 765 de
807 697 983 766 Selavonia
1008 700 1060 767 vei
1086 698 1267 770 Dalmneiu.
1293 703 1337 768 Et
1364 701 1410 768 de

274 806 366 888 equis
398 805 598 889 supradietis
630 812 778 874 teneatur
795 812 903 874 tenere
924 815 988 874 tres
1003 808 1037 873 in
1052 808 1161 875 stalla.
1179 809 1410 892 sequentior

275 914 392 982 debeat
407 915 458 982 uel
473 915 576 1002 possit
591 914 735 1001 resipere
752 915 872 982 dunum
889 917 960 984 sive
977 935 1112 1002 presens
1126 917 1169 984 nb
1192 917 1301 1002 aliqua
1331 935 1410 1003 per·

275 1042 357 1091 suna
388 1023 457 1090 uilo
488 1023 583 1090 modu
600 1023 652 1090 vel
670 1024 812 1111 ingenio,
838 1024 984 1112 exeeptis
1001 1023 1157 1110 frugibus,
1175 1027 1319 1110 quassit
1337 1023 1409 1090 liei·

275 1139 342 1200 turn
359 1130 502 1217 recipere
518 1132 560 1200 nd
576 1133 719 1200 valorem
735 1133 830 1200 unius
846 1153 1031 1217 grossorum
1047 1154 1068 1201 a
1088 1133 1234 1219 quelibet
1265 1153 1409 1218 persons

275 1237 311 1308 in
326 1239 388 1330 die,
415 1243 447 1306 et
463 1239 588 1308 duabus
617 1240 702 1310 fiulis
718 1241 794 1327 vini,
811 1262 873 1326 que
888 1263 950 1309 nun
968 1244 1033 1310 sint
1052 1243 1126 1328 plns
1143 1242 1184 1308 de
1200 1241 1285 1309 libre
1300 1241 1409 1324 quali·

275 1347 533 1431 betaqualibet
551 1367 692 1434 persona
722 1351 756 1415 in
787 1349 852 1435 die,
883 1349 925 1416 de
955 1350 1121 1436 leporibus
1154 1354 1187 1416 et
1218 1347 1408 1436 perdicibus

255 1463 258 1470 '
277 1457 444 1539 quaternis
475 1455 627 1523 carnibus
658 1459 745 1524 uerri
761 1463 793 1526 et
809 1457 961 1525 carnibus
991 1458 1033 1526 de
1048 1455 1199 1546 euniglis,
1217 1464 1248 1523 et
1263 1476 1327 1522 non
1344 1455 1406 1522 hn-

277 1562 355 1630 buut
370 1570 555 1648 mereatum,
571 1571 604 1630 et
619 1565 652 1630 in
670 1563 743 1633 aliis
760 1567 940 1634 commissis
959 1573 1104 1651 ponatur·
1129 1563 1308 1632 seeundum
1340 1564 1408 1632 sor-

277 1689 362 1736 msnn
379 1669 517 1738 alierum
537 1671 807 1759 summissionem,
827 1673 1105 1758 seeundum-quod
1120 1671 1295 1740 videbitur.
1319 1673 1361 1738 nt
1377 1672 1408 1738 si

279 1775 456 1845 Consilium
472 1784 522 1844 est
538 1787 663 1868 eontra,
678 1783 722 1848 sit
737 1787 931 1850 renuentum.
950 1781 1029 1848 Item
1046 1779 1165 1847 habeat
1185 1779 1266 1848 dnus
1293 1777 1410 1846 Gensi-

278 1884 403 1970 iierius,
418 1885 473 1968 qui
487 1885 608 1956 habere
625 1889 767 1956 debeant
783 1888 881 1957 libras
893 1886 944 1957 CO
959 1909 1020 1987 pru
1035 1887 1169 1956 sellario
1185 1907 1244 1974 pro
1260 1883 1411 1972 quolibet

279 2012 389 2062 eorum
407 1994 450 2060 ad
466 2015 535 2081 pur,
554 1997 734 2065 addietum
752 1998 937 2083 rasionem3
954 2004 987 2065 et
1005 1998 1148 2064 habeant
1168 2015 1268 2062 unum
1288 2013 1409 2078 equum

279 2106 312 2170 et
327 2101 409 2170 duos
441 2122 556 2187 pueros
587 2125 646 2190 pru
672 2105 833 2190 quolibet3
849 2112 882 2174 et
899 2107 1042 2176 habeant
1056 2110 1231 2172 mereatum
1251 2104 1306 2186 its,
1318 2102 1409 2201 qued

278 2229 341 2277 nun
358 2208 483 2294 possint
498 2210 619 2280 habere
634 2212 677 2280 nd
692 2222 868 2283 mereatum
883 2215 984 2283 libras
999 2213 1066 2280 ΜΜ
1081 2213 1127 2280 ita
1145 2211 1231 2297 quud
1250 2231 1313 2277 non
1333 2231 1409 2297 pus·

278 2319 345 2386 sint
361 2337 467 2386 emere
483 2319 593 2386 vinum
609 2323 661 2389 vel
680 2322 809 2390 bladum
827 2345 884 2410 pru
900 2323 1088 2409 incanipare
1104 2339 1205 2389 eausa
1223 2319 1409 2387 retenden-

279 2424 313 2496 di
330 2427 387 2494 vel
399 2427 549 2496 mittendi
566 2436 658 2498 extra
673 2439 791 2500 terrum
808 2453 866 2519 per
881 2453 917 2502 se
931 2435 984 2501 vel
1003 2451 1062 2517 per
1081 2431 1166 2498 alius
1197 2427 1263 2498 ullo
1295 2427 1406 2496 modu.

277 2538 320 2614 Et
335 2533 432 2601 debet
447 2536 521 2605 fieri
536 2537 679 2624 regimen
696 2563 755 2629 per
771 2543 924 2612 maiorem
942 2549 1066 2631 purtem
1078 2541 1232 2629 ipsorum.
1338 2557 1341 2564 ·

396 2747 529 2814 (Iajnbies,
548 2747 673 2798 Menum.
693 2761 733 2812 sp.
752 2744 818 2796 hist.
840 2745 914 2798 Slav.
934 2743 1033 2797 Merid.
1052 2743 1074 2793 I.
1094 2743 1153 2792 istit.
1176 2743 1234 2790 119.
1257 2741 1287 2803 l.)

807 3571 882 3638 212.

280 3770 339 3836 IV.
357 3771 471 3837 Ldezlo'
485 3770 660 3858 Iriru'lpuult
675 3795 697 3835 u
715 3771 826 3856 Kuuyi
847 3770 962 3836 Tantus
988 3769 1165 3856 hiitlenee'pe
1184 3768 1321 3856 folytcin
1351 3771 1410 3832 red

280 3879 555 3966 szdllottjavukut
571 3879 728 3966 turpyazci
744 3879 934 3964 udomdnpu,
970 3878 1090 3946 Tamus
1107 3899 1206 3942 comes
1236 3879 1268 3942 es
1298 3876 1409 3942 Ja'uos

470 3997 592 4071 mester,
608 3985 844 4053 Barnabuseat
853 3985 921 4072 fiai
936 3990 1092 4052 uzcimu'ra.
1116 3985 1213 4050 1279.

388 4181 561 4250 Lndiriaus
592 4182 653 4249 Dei
685 4184 799 4266 graeiu
829 4182 1007 4267 Hungnrie,
1043 4181 1223 4266 Dslmueie‚
1263 4177 1413 4268 Creteis,

279 4289 527 4378 Remeseruie,
561 4289 711 4376 Gallicis,
753 4290 956 4374 Ludomerie,
990 4288 1158 4376 Cumanis,
1191 4287 1412 4372 Buigurieque

280 4401 351 4466 Rex
382 4397 528 4465 omnibus
560 4397 683 4464 Christi
713 4397 863 4465 fidelibus
888 4404 1058 4485 presentes
1074 4396 1200 4464 litteras
1216 4392 1414 4481 inspeeturis

280 4507 421 4573 sulutem
437 4506 470 4572 in
487 4505 627 4574 omniurn
653 4507 835 4573 salinatore.
860 4505 913 4572 Ad
938 4506 1161 4572 universorum
1193 4501 1347 4569 nutieiam
1367 4507 1416 4567 te·

281 4633 359 4686 nore
390 4615 592 4698 presencium
617 4615 764 4682 uolumus
779 4613 960 4701 peruenire,
990 4613 1075 4697 quud
1108 4632 1179 4680 nuru
1211 4610 1308 4678 nubis
1341 4613 1416 4696 poet
