3124 5152
784 319 943 420 „asr-

300 513 524 603 eompagniam
540 515 593 582 vel
609 517 800 582 societatem
816 515 961 598 aliquam
976 533 1049 582 eum
1065 514 1135 582 ullo
1152 514 1272 584 habere
1298 518 1434 584 enrsali·

299 644 352 690 um
385 625 436 692 vel
467 623 613 703 aliorum,
630 623 686 708 qui
702 624 768 691 sint
794 621 961 690 manifesti
978 621 1138 708 predones
1154 631 1211 691 aut
1226 624 1435 710 raubatores,

297 733 352 818 qui
368 732 513 801 homines
530 732 669 801 Venetos
685 730 852 799 offendant
876 736 932 797 aut
963 729 1047 797 alios
1079 731 1123 796 ad
1156 733 1311 800 Venetiae
1347 733 1435 799 veni-

297 847 386 908 entes
403 846 459 907 aut
475 840 647 908 redeuntes
657 839 700 906 ab
711 859 760 924 ea,
776 857 836 905 nee
853 857 907 906 eos
924 838 1029 905 debeo
1046 837 1194 924 reeipere
1210 839 1264 907 rel
1279 839 1436 908 fiduciam

297 955 354 1016 aut
369 954 575 1016 securitatem
592 947 737 1032 aliquam
752 946 800 1014 eis
815 953 975 1033 prestare,
991 966 1052 1012 nee
1067 945 1240 1013 eonsilium
1254 954 1312 1014 ant
1339 949 1435 1016 auxi·

299 1056 378 1123 lium
408 1057 449 1124 iis
465 1055 665 1142 impendere,
697 1073 757 1123 nee
772 1054 807 1120 in
822 1055 934 1140 aliquo
969 1055 1017 1122 eis
1034 1055 1219 1123 necessaria
1235 1055 1435 1140 ministrare,

296 1186 356 1233 nee
371 1165 494 1252 aliquid
510 1164 621 1232 horum
638 1165 703 1231 ullo
720 1163 851 1247 ingenio
868 1163 935 1230 fieri
952 1161 1067 1232 faeere
1084 1164 1226 1231 sturno
1258 1162 1355 1231 modo
1382 1184 1435 1230 me

294 1273 506 1342 intromittere
538 1273 641 1340 debeo
672 1272 713 1338 de
746 1271 977 1358 suprascriptis
1000 1271 1128 1358 insulis,
1160 1271 1325 1340 videlieet
1358 1273 1436 1358 Nia,

299 1381 463 1468 Sansago,
480 1380 648 1448 Canidulis
665 1387 696 1446 et
710 1379 855 1447 Neumis.
885 1380 927 1444 Et
942 1378 975 1444 in
993 1379 1155 1448 Comitatu
1186 1380 1309 1450 Auseri
1341 1382 1438 1448 stabo

298 1497 369 1558 onto
400 1489 567 1558 mensibus
598 1489 631 1554 in
664 1509 727 1556 uno
758 1506 886 1572 qunque
916 1507 1014 1574 auno,
1040 1487 1133 1556 salvo
1150 1488 1235 1572 quod
1253 1509 1310 1574 pro
1328 1488 1429 1557 laetis

297 1597 408 1666 insule
423 1605 456 1663 et
470 1597 647 1664 Comitatus
663 1597 711 1665 ire
728 1613 859 1682 possum
877 1604 909 1663 et
925 1595 1029 1664 debeo
1046 1615 1104 1681 per
1119 1594 1329 1682 Dalmatiam,
1343 1596 1429 1664 sieut

297 1705 393 1773 fuerit
424 1713 625 1791 oportunum.
658 1703 769 1771 Debeo
795 1715 936 1787 namque
952 1723 1011 1789 pro
1028 1701 1190 1770 Comitatu
1207 1707 1433 1792 suprascripto
1553 1717 1554 1722 ’

297 1813 387 1882 vobis
406 1813 537 1881 domino
554 1812 635 1878 Duei
653 1819 684 1878 et
701 1811 866 1878 Communi
888 1811 1095 1879 Venetiarum
1112 1831 1133 1878 a
1148 1813 1304 1897 proximis
1320 1809 1433 1880 idibus

298 1921 497 2008 Septembris
528 1921 560 1986 in
591 1923 691 1986 antea
723 1921 848 1986 solvere
889 1919 1055 1986 annuatim
1087 1919 1190 1987 libras
1221 1919 1433 1988 denariorum

297 2032 489 2097 Venetorum
506 2027 712 2095 medietatem
731 2027 890 2094 dictarum
907 2026 1062 2094 librarum
1095 2027 1376 2114 septingentarum
1393 2029 1429 2096 in

300 2137 458 2225 principio
474 2141 563 2224 anni,
596 2136 720 2203 seilicet
735 2136 768 2202 iu
785 2134 941 2220 predictis
972 2134 1125 2203 kalendis
1157 2135 1376 2223 Septembris,
1398 2143 1433 2204 et

297 2247 398 2314 aliam
410 2245 619 2313 medietatem
630 2247 664 2310 in
683 2243 833 2311 kalendis
850 2244 956 2311 Martii
975 2243 1110 2310 abinde
1127 2244 1273 2329 proxime
1289 2246 1434 2313 venturi.

299 2356 435 2439 Insuper
466 2373 542 2421 vero
574 2352 684 2420 omnia
715 2359 878 2439 precepta,
910 2372 974 2438 que
1005 2351 1082 2417 mihi
1115 2352 1256 2420 feceritis
1288 2373 1346 2420 vos
1378 2354 1435 2420 rel

297 2479 501 2530 successores
517 2462 617 2529 vestri
633 2461 666 2527 in
684 2480 769 2546 pena
785 2460 980 2528 sacramenti
996 2479 1053 2528 ore
1069 2459 1112 2525 ad
1129 2479 1165 2528 os
1184 2469 1241 2527 ant
1257 2479 1314 2546 per
1346 2481 1433 2528 nnn·

299 2573 383 2638 oium
408 2569 476 2638 sive
491 2590 549 2657 per
563 2570 698 2652 litteras,
714 2589 772 2654 per
797 2569 951 2636 maiorem
968 2575 1094 2655 partem
1110 2567 1245 2636 Consilii
1260 2568 1433 2638 attendam

298 2685 330 2746 et
347 2679 535 2746 observabo.
563 2678 662 2745 Vobis
694 2683 869 2762 quoquest
899 2677 1140 2746 suecessoribus
1172 2675 1287 2746 restris
1318 2675 1430 2746 fidelis

299 2809 362 2857 ero.
378 2787 419 2853 nt
434 2787 567 2872 insuper
592 2785 656 2851 iarn
673 2791 875 2852 sacramento
894 2785 1049 2852 astrictus
1067 2787 1258 2871 promittens
1274 2785 1431 2870 promitto
1553 2803 1554 2846 r

300 2918 360 2980 ego
391 2894 632 2983 suprascriptus
664 2891 808 2961 Marinus
838 2893 1052 2962 Maurooenus
1084 2893 1199 2962 Comes
1233 2893 1433 2963 Abserensis
1553 2965 1554 2986 ,

298 3025 371 3074 eum
402 3007 482 3071 meis
497 3003 670 3070 heredibus
686 3003 779 3070 vobis
793 3001 922 3070 domino
937 3002 1057 3071 loanni
1071 3004 1224 3070 Danduln
1240 3003 1300 3068 Dei
1316 3003 1430 3086 gratia
1553 2991 1554 3006 ¹

298 3113 515 3200 Venetiarum,
531 3111 694 3179 Dalmatio
710 3118 808 3196 atque
828 3110 957 3178 Oroatis
989 3111 1082 3196 Duri,
1115 3109 1238 3188 Quarto
1269 3109 1378 3178 Partis
1396 3117 1432 3176 et

297 3220 438 3288 Dimidie
468 3220 564 3287 totius
595 3217 730 3304 Imperii
745 3221 958 3287 Romanorum
977 3217 1187 3304 Dominatori,
1205 3223 1238 3286 et
1253 3217 1429 3286 Judioibus
1553 3209 1554 3226 ¹

298 3336 330 3395 et
345 3327 556 3413 Sapientibus
581 3325 727 3410 Consilii,
745 3333 776 3392 ot
809 3325 976 3392 Communi
1001 3323 1222 3412 venetiarum,
1255 3326 1430 3394 aosestrr's
1553 3403 1554 3420 ἦ

297 3435 547 3516 suecessoribus,
564 3455 616 3502 me
632 3435 692 3501 heo
709 3435 828 3520 omnia,
839 3441 875 3500 ut
886 3435 1069 3500 continetur
1086 3435 1244 3519 superius,
1261 3433 1429 3500 facturum

298 3551 564 3630 observaturum,
594 3541 657 3609 nisi
688 3541 878 3608 remanserit
908 3561 967 3627 per
997 3563 1065 3626 vos,
1096 3542 1223 3608 domine
1254 3543 1341 3626 Dux,
1373 3543 1430 3607 vel
1553 3585 1554 3592 ι

296 3669 498 3718 successoros
529 3659 651 3718 vestros
677 3657 708 3716 et
725 3652 877 3716 maiorem
895 3657 1019 3734 partem
1039 3649 1186 3717 Consilii.
1204 3648 1297 3728 Quod
1312 3649 1428 3718 sinon

297 3758 508 3826 dietaomnia
525 3759 607 3826 sieut
639 3758 840 3826 eontinentur·
871 3755 1062 3842 observabo,
1093 3755 1272 3824 Comitatus
1302 3757 1430 3840 ipsein

297 3888 356 3935 vos
383 3873 414 3932 et
430 3867 603 3932 Commune
633 3866 841 3933 Venetiurum
874 3885 945 3932 eum
979 3865 1128 3932 omnibus
1146 3883 1244 3949 supra
1261 3865 1432 3932 conoessis

297 3975 402 4042 redire
418 3973 536 4040 debeat
552 3993 623 4041 oum
640 3974 726 4040 omni
743 3971 942 4057 plenitudine
969 3973 1155 4039 Communis
1181 3971 1224 4040 ad
1240 3971 1432 4040 faciendum

298 4083 512 4169 doomnibus,
544 4083 696 4166 quiequid
727 4087 833 4150 vestre
864 4081 961 4147 surorit
994 4083 1182 4149 uoluntatis.
1217 4083 1258 4148 nt
1289 4081 1432 4166 insuper
1553 4083 1554 4108 l

297 4193 390 4259 vobis
406 4197 575 4273 vestroque
587 4192 754 4258 Communi
771 4189 964 4273 quingentas
975 4190 1125 4256 manebas
1142 4189 1270 4274 argenti
1287 4189 1432 4257 debeam
1553 4231 1554 4278 p

299 4297 478 4367 emendare.
500 4301 650 4365 Preterea
665 4297 843 4382 imprestita
860 4301 892 4362 et
906 4295 1079 4382 tuedatiea,
1097 4317 1159 4380 que
1178 4317 1237 4382 pro
1254 4299 1431 4364 Communi
1553 4317 1554 4400 p

298 4407 505 4475 venetiarum
524 4405 675 4474 ordinata
690 4403 817 4488 fuerint,
827 4403 1002 4470 finiendum
1013 4423 1132 4488 perme
1143 4406 1194 4472 vel
1207 4423 1262 4491 per
1272 4403 1432 4472 nuncium
1553 4409 1554 4414 ’

297 4535 402 4582 meum
433 4517 542 4582 faeere
572 4520 686 4580 tenear
714 4510 799 4578 infra
816 4510 985 4578 terminum
1002 4511 1081 4577 milri
1097 4512 1208 4579 datum
1225 4531 1284 4597 per
1299 4511 1432 4580 litteras

298 4631 424 4690 rostras
444 4625 494 4687 vel
512 4640 732 4690 suceessorum
749 4620 866 4688 restris
881 4639 939 4704 per
953 4619 1107 4688 maiorem
1126 4627 1251 4706 partem
1277 4617 1430 4690 Consilii.
