3148 5146
791 328 951 427 -rau-

297 521 348 589 de
365 519 490 608 eadem,
507 519 678 588 Nicolaum
693 519 796 586 filium
812 519 943 588 Leukos
960 522 1001 589 de
1026 521 1126 590 Kallo
1143 530 1292 608 pretextu
1325 531 1439 610 poten-

305 626 405 695 oiarie
435 627 664 713 oocupaoionis
688 625 793 713 predij
812 627 889 695 Mak
905 628 971 695 alio
988 630 1120 698 nomine
1137 631 1260 699 Maked
1276 631 1438 699 nominati

287 733 486 803 'Comitatus
502 732 769 823 Zathmariensis,
786 733 963 803 asserendo
978 737 1086 822 ipsum
1117 736 1264 824 predium
1281 738 1331 806 eis
1362 739 1438 805 atti-

303 862 381 911 nere
412 841 549 921 debere;
584 839 701 908 deinde
732 861 809 909 vero
839 841 1005 910 Johannes
1037 843 1124 910 tilius
1155 845 1274 930 prefati
1306 845 1436 913 Nioolai

295 949 362 1034 ·filij
379 950 509 1018 Leukos
526 951 616 1034 ipsos
646 955 798 1034 utrosque
829 947 1014 1016 Johannsm
1046 950 1089 1018 de
1121 951 1256 1020 Nabrad
1287 959 1437 1039 pretextu

302 1056 447 1124 eiusdem
479 1053 582 1142 predij
615 1054 693 1121 Mok
724 1055 796 1121 siue
811 1054 932 1123 Maked
948 1057 1008 1124 sub
1025 1055 1119 1124 titulo
1134 1079 1218 1126 noue
1248 1060 1436 1128 collusionis

300 1163 436 1248 'Regalis
454 1163 484 1229 ei
501 1161 586 1228 faete
602 1168 714 1230 eontra
729 1180 801 1228 sese
817 1161 851 1228 in
873 1161 1063 1230 alterutrum
1081 1164 1124 1230 ad
1141 1171 1247 1233 oertos
1279 1168 1434 1235 terminos

297 1269 457 1338 traxisset
488 1271 523 1337 in
539 1289 684 1357 oausam,
708 1269 844 1356 ipsaque
869 1288 970 1337 eausa
986 1270 1029 1336 ad
1046 1279 1181 1339 ootauas
1197 1272 1272 1341 festi
1288 1274 1433 1370 Epipha-

294 1377 429 1443 niarum
444 1378 578 1445 Domini
595 1377 628 1442 in
646 1397 731 1444 anno
748 1375 892 1443 eiusdem
910 1375 1081 1445 millesimo
1108 1379 1429 1464 quadringentesimo

305 1483 461 1569 vigesimo
491 1505 576 1552 nono
608 1485 782 1570 preteritas
814 1483 929 1552 suisset
961 1484 1121 1570 dednota3
1146 1485 1270 1554 eisdem
1285 1487 1428 1573 denique

301 1591 426 1658 uetanis
443 1589 693 1661 aduenientibus
709 1591 855 1678 prefatus
871 1591 1040 1661 Johaunes
1064 1592 1153 1660 tilius
1185 1595 1354 1662 Valentini
1372 1616 1428 1681 pro

281 1718 336 1766 ¹se
352 1698 568 1782 personaliter
600 1705 631 1766 et
646 1719 705 1784 pro
737 1697 865 1784 prefato
896 1699 999 1768 altero
1026 1698 1178 1767 Johanne
1193 1721 1264 1768 oum
1282 1721 1432 1788 procura-

293 1804 394 1890 torijs
409 1805 527 1875 litteris
543 1805 659 1875 vestris
674 1807 716 1873 ab
732 1827 807 1893 vna,
825 1813 918 1892 parte
950 1825 1026 1874 vero
1043 1825 1084 1873 ex
1115 1805 1223 1875 altera
1254 1813 1428 1876 annotatos

300 1913 468 1982 Johanues
498 1915 585 1983 filius
600 1912 728 1980 Nicolai
743 1912 801 1998 filij
819 1911 950 1980 Leukos
976 1911 1124 1980 similiter
1139 1913 1358 2000 personaliter
1373 1935 1428 2002 pro
1560 1977 1561 1980 ,

301 2041 338 2087 se
355 2028 387 2088 et
402 2041 461 2105 pro
477 2011 633 2090 annotato
650 2020 788 2089 Nieolao
803 2028 897 2107 patre
912 2041 970 2090 suo
987 2040 1058 2088 eum
1084 2021 1317 2110 procuratorijs
1349 2023 1430 2091 litte·

292 2125 346 2192 ·ris
377 2127 492 2194 vestris
521 2129 555 2195 in
570 2127 674 2212 figura
704 2129 807 2196 nostri
834 2127 952 2213 jndioij
986 2133 1211 2215 comparentes
1241 2128 1304 2196 stb.
1325 2133 1426 2215 primo

298 2231 385 2300 idem
424 2233 588 2302 Johannes
627 2234 792 2303 litteratus
831 2235 872 2303 de
911 2234 1049 2304 Nabrad
1088 2235 1122 2301 in
1162 2255 1222 2304 sua
1259 2243 1293 2303 et
1325 2255 1426 2306 anno-

286 2341 363 2407 ·tati
396 2343 528 2410 alterius
551 2341 709 2410 Johannis
735 2342 882 2422 personis
898 2361 957 2427 pro
974 2341 1200 2410 verifioaeioue
1225 2341 1313 2411 diste
1328 2345 1424 2412 aonio-

301 2448 353 2514 nis
392 2467 502 2516 eorum
542 2455 678 2534 quatuor
715 2449 843 2517 litteras
882 2449 1110 2517 demonstaret
1149 2448 1293 2527 Quarum
1325 2451 1430 2537 prima

302 2553 444 2642 Capituli
477 2554 687 2624 Varadiensis
719 2554 946 2642 privilegialis,
979 2575 1065 2622 anno
1095 2556 1225 2622 Domini
1256 2557 1429 2628 millesimo

300 2661 523 2732 ducentesimo
547 2663 786 2750 septuagesimo
804 2671 920 2747 quarto
937 2671 1088 2730 emanata
1114 2663 1310 2750 continebat,
1344 2667 1429 2750 quod

301 2767 432 2836 Andros
462 2773 530 2839 filio
562 2770 640 2840 Mok
672 2771 713 2838 de
737 2771 854 2859 Sysser
885 2774 927 2838 ab
943 2793 1009 2839 vna
1039 2778 1143 2858 parte,
1176 2772 1329 2841 Johsnne
1360 2773 1425 2841 tilio

300 2877 391 2960 Apsa
407 2878 447 2945 de
463 2881 597 2948 Nabrad
613 2901 653 2948 ex
668 2881 770 2948 altera
787 2877 1004 2963 personaliter
1036 2899 1144 2946 eoram
1175 2879 1247 2965 ipso
1279 2879 1428 2968 Capitulo

299 2986 499 3072 constitutis3
524 2987 609 3054 idem
641 2987 788 3054 Andreas
818 2986 932 3054 fuisset
963 2985 1143 3068 consessus,
1176 2987 1262 3069 quod
1289 2990 1422 3057 tereiam

299 3101 425 3179 portem
442 3094 586 3178 ejusdem
602 3099 685 3162 terre
711 3094 787 3162 Mok
818 3103 943 3181 vocate,
976 3113 1072 3178 quam
1088 3114 1109 3160 a
1125 3093 1264 3179 Georgio
1293 3095 1361 3164 filio
1376 3097 1425 3165 si-

300 3203 405 3270 monis
436 3201 528 3269 titulo
545 3203 721 3290 empoionis
736 3203 799 3270 sibi
815 3208 1049 3290 comparasset,
1067 3221 1130 3284 que
1147 3201 1275 3286 quidem
1302 3203 1336 3268 in
1360 3211 1425 3272 tres

299 3317 406 3395 partes
422 3308 529 3378 diuisa
545 3318 639 3398 esset,
658 3308 812 3378 videlieet
827 3308 981 3377 Marcello
998 3307 1064 3375 filio
1080 3307 1274 3392 Salomonis,
1306 3308 1426 3380 Azarie

299 3417 364 3484 filio
397 3417 499 3503 Pauli,
518 3425 549 3484 et
564 3419 628 3502 ipsi
658 3417 797 3504 Andree,
831 3439 904 3485 eum
921 3416 1070 3483 omnibus
1086 3413 1292 3497 utilitatibus,
1310 3423 1343 3484 et
1358 3439 1426 3504 per·

299 3525 448 3591 tinentiis
465 3527 544 3612 suis,
560 3526 595 3592 in
612 3524 824 3593 oououubium
841 3525 1011 3592 cuiusdam
1027 3521 1188 3608 particule
1204 3528 1291 3589 terre
1310 3523 1428 3610 Sysser

301 3639 425 3718 uocate,
457 3632 501 3699 ad
516 3634 580 3700 tria
610 3637 719 3698 aratra
751 3631 953 3716 suffioientis,
986 3649 1049 3713 que
1079 3629 1221 3695 Johanni
1253 3628 1317 3696 filie
1334 3629 1428 3716 Apso

300 3739 465 3807 antedicto
480 3741 610 3807 rasione
626 3738 720 3826 dotis,
737 3745 768 3807 et
800 3759 908 3806 rerum
940 3736 1199 3824 parafernalium
1231 3737 1354 3805 sororis
1370 3759 1428 3806 sne

300 3849 420 3938 uxoris¹
433 3847 606 3914 Laurentii
622 3867 643 3912 a
658 3846 782 3932 prefato
801 3845 934 3912 Andrea
952 3845 991 3912 de
1008 3853 1096 3911 terra
1113 3851 1293 3913 memorata
1308 3847 1427 3932 Sysser

298 3955 413 4024 fuisset
429 3955 593 4042 devoluta,
608 3956 747 4041 receptis
764 3955 896 4040 insuper
911 3953 954 4020 ab
971 3951 1083 4020 eodem
1116 3951 1267 4019 Johanne
1300 3950 1428 4020 duabus

299 4062 415 4130 mareis
448 4061 592 4131 dedisset
622 4069 654 4128 et
669 4061 868 4129 vendidisset
893 4059 1033 4128 Johanni
1059 4058 1246 4145 supradicto
1271 4059 1344 4127 inre
1360 4079 1428 4146 per·
1560 4087 1561 4158 p

296 4177 403 4256 petuo,
446 4177 478 4238 et
509 4169 764 4238 irreuooabiiitor
795 4167 1039 4255 possidendam.
1069 4167 1153 4234 Mete
1192 4173 1300 4234 antem
1340 4175 1426 4234 terre

297 4279 459 4363 particule
497 4279 544 4346 sio
576 4277 796 4347 dividerentur
821 4303 827 4343 :
852 4274 961 4342 Prima
984 4281 1070 4340 meta
1093 4281 1201 4340 terrea
1226 4285 1312 4341 esset
1335 4274 1426 4342 iuxta
1560 4305 1561 4372 3

297 4405 416 4468 aquam
446 4389 575 4476 Zamae,
607 4407 669 4472 que
701 4393 786 4455 esset
817 4383 1006 4469 eommunis,
1036 4383 1122 4450 eirea
1154 4388 1274 4448 terram
1305 4381 1425 4449 Johan·

282 4493 348 4561 'nis
364 4495 535 4578 antedicti3
561 4495 605 4564 ibi
621 4495 772 4564 transiret
788 4512 908 4579 aquam
923 4493 1051 4578 Zamos‚
1084 4489 1146 4556 iret
1162 4487 1205 4554 ad
1221 4507 1317 4556 unam
1334 4491 1426 4558 arbo·

298 4624 365 4673 rem
382 4605 464 4690 piri3
487 4605 604 4672 deinde
621 4605 681 4672 iret
697 4625 754 4688 pen
784 4613 902 4672 terram
926 4603 979 4676 ¹ad
1009 4603 1143 4688 longum
1175 4607 1336 4685 stagnum,
1369 4597 1423 4666 vbi
