3112 5154
638 940 712 1010 18¹1.

103 1141 155 1206 IV.
167 1141 282 1207 Maelo
297 1140 414 1226 sircty
430 1164 451 1206 a
464 1138 672 1226 agebatque
696 1141 936 1228 odcmdayoazc
966 1168 988 1210 a
1018 1144 1226 1234 coldogaagoa

155 1273 284 1337 many
303 1248 487 1316 tiaatelcterc
502 1259 546 1315 ott
552 1248 729 1336 felazcutelt
745 1253 1050 1340 cpdczcsdaddaak.
1073 1254 1092 1318 1
1095 1255 1140 1320 27
1141 1255 1173 1322 8.

199 1440 267 1508 Nos
284 1438 464 1510 Ladinlaus
479 1441 543 1507 Dei
560 1440 673 1524 gracia
687 1442 866 1527 Hungarie,
883 1444 1065 1534 Dalmacie,
1083 1447 1227 1536 Orcacie,

103 1549 202 1634 Rome,
232 1549 361 1634 Seruio,
392 1547 541 1654 Gallicis,
573 1549 774 1635 Lodomerie,
806 1550 965 1618 Cumanis
1005 1554 1227 1642 Bulgarieque

102 1657 164 1723 Rex
177 1657 324 1724 omnibus
340 1655 461 1723 Gbriati
478 1655 626 1740 fidelibus
650 1663 834 1744 presentem
861 1659 1016 1746 paginam
1033 1662 1228 1750 inspecturis

104 1763 229 1830 sulutem
244 1765 279 1830 in
299 1763 438 1832 Domino
454 1763 695 1850 sempiternam.
728 1766 842 1833 Diuini
866 1767 1017 1836 Numinis
1049 1771 1228 1859 incompre-

103 1871 259 1939 hensibilis
273 1870 417 1940 altitudo
431 1873 535 1956 Regni
552 1874 773 1957 gubernacula
790 1875 935 1960 Regibus
953 1877 1120 1946 Catholice
1150 1880 1227 1947 fidei

105 1999 138 2046 eo
151 1979 323 2049 committit
339 1979 467 2048 felicius
483 1981 709 2070 gubernanda,
743 1998 807 2068 quo
822 1982 920 2068 ijdem
936 1985 1043 2070 Reges
1060 1987 1228 2056 Ecclesiae

107 2085 214 2156 Christi
238 2087 404 2173 sanguiue
430 2088 607 2178 rubicatas,
638 2109 696 2156 sue
727 2091 828 2157 tutele
859 2091 1050 2161 commissas
1081 2094 1229 2163 nituntur

106 2193 199 2263 ditare
213 2195 247 2262 in
264 2197 506 2282 temporalibus
522 2195 653 2265 vberius
669 2217 729 2264 seu
739 2199 862 2265 dotare.
882 2199 1024 2269 Proinde
1040 2201 1083 2268 ad
1098 2203 1226 2270 uniuer-

13 2327 14 2332 ’
104 2321 200 2368 sorum
215 2304 376 2371 noticiam
392 2312 460 2371 tam
475 2303 678 2388 presencium
694 2325 790 2390 quam
807 2307 987 2374 futurorum
1003 2308 1120 2376 barum
1146 2312 1229 2378 serie

13 2399 15 2404 ’
105 2410 239 2478 uolumus
256 2413 460 2496 peruenire:
478 2409 564 2496 quod
580 2429 639 2478 nos
655 2411 712 2496 pia
728 2411 919 2480 douocicnis
947 2415 1224 2504 consideracione,

13 2539 14 2598 f
106 2535 191 2600 quam
206 2517 250 2586 sd
266 2518 454 2586 Gloriosam
473 2517 532 2584 Dei
566 2518 775 2605 Genitricem,
808 2540 871 2604 que
902 2520 1053 2606 cuiquam
1085 2523 1229 2593 fidelium

13 2631 14 2636 ’
106 2625 268 2692 nouercari
285 2646 352 2692 uon
368 2625 468 2708 nouit,
484 2625 650 2706 babemus,
675 2625 909 2710 benignissime
925 2628 1062 2716 inducti,
1086 2629 1228 2698 insulam

106 2751 195 2817 supra
209 2733 401 2799 Danubium
418 2733 507 2800 circa
521 2733 672 2800 Veterem
688 2732 814 2802 Budsm
829 2736 1034 2824 existentem,
1052 2757 1115 2821 que
1130 2758 1229 2823 quon-

89 2858 92 2866 ·
108 2839 173 2906 dam
188 2841 305 2908 Insula
319 2840 480 2926 Leporum
495 2839 672 2929 wlgariter,
687 2862 774 2908 nunc
789 2850 897 2910 autem
913 2845 1026 2910 Insula
1041 2845 1143 2912 Beate
1158 2843 1230 2912 Vir·

106 2946 181 3028 ginis
195 2947 304 3014 Maris
319 2953 531 3033 nuncupatur,
549 2968 621 3016 curn
637 2949 746 3035 muris,
765 2951 869 3036 terris,
901 2949 1144 3019 habitatoribus
1159 2971 1229 3038 pre·

106 3054 241 3122 sentibus
259 3061 294 3122 et
308 3053 436 3140 suturis,
470 3075 510 3122 ac
526 3055 603 3140 alijs
621 3055 814 3124 utilitatibus
845 3056 1007 3145 omnibus,
1039 3063 1072 3124 et
1087 3057 1230 3128 breuiter

106 3161 248 3243 quicquid
265 3162 349 3230 iuris
365 3161 523 3229 babemus
546 3163 601 3230 rel
631 3163 750 3230 babere
780 3163 1007 3256 potuissemus,
1038 3171 1095 3232 aut
1125 3165 1230 3232 eciam

107 3266 216 3334 babere
232 3268 459 3336 debuissemus
475 3268 510 3335 in
526 3269 651 3357 eadem,
685 3275 788 3337 totum
804 3289 845 3338 ex
861 3288 948 3336 nunc
963 3271 1081 3340 libere
1098 3271 1228 3360 damus,

106 3373 254 3444 donamus
264 3383 299 3446 et
314 3374 521 3446 concedimus
535 3376 773 3446 uterinesorori
784 3385 894 3446 nostre
904 3376 1083 3468 samsima,
1100 3378 1230 3448 domine

107 3480 251 3551 uidelicet
266 3483 450 3572 Elisabeth,
467 3504 506 3552 ac
522 3483 672 3554 omnibus
689 3485 893 3569 dominabus,
920 3486 1083 3556 sororibus
1115 3485 1231 3556 uideli-

109 3590 358 3676 cetltonasterij
375 3591 479 3660 Beate
495 3592 642 3678 Virginis
658 3593 693 3659 in
726 3593 841 3662 eadem
872 3593 981 3660 insula
1011 3595 1083 3661 Deo
1113 3593 1232 3680 iugiter

109 3697 350 3786 famulantibus,
366 3707 399 3765 ct
414 3700 613 3768 Monosterio
630 3700 828 3788 supradicto,
844 3706 1000 3788 perpetuo
1017 3711 1049 3770 et
1073 3702 1232 3770 irreuoca·

107 3805 211 3871 biliter
226 3805 446 3892 possidenda,
471 3808 619 3876 volentes
645 3813 678 3872 et
709 3807 934 3892 concedentes,
967 3808 1053 3892 quod
1085 3829 1106 3876 a
1136 3809 1234 3878 modo

107 3919 165 3977 uun
181 3914 288 4001 ipsum
303 3915 538 3980 Monasterium
553 3899 698 3998 Virginis
714 3915 922 3998 Intemcrate,
955 3935 1050 3998 quam
1077 3917 1232 3984 uniuerso

106 4020 249 4104 religiose
265 4039 394 4088 sorores
410 4020 443 4086 in
460 4020 575 4088 eodem
591 4021 728 4088 feliciter
744 4021 912 4107 degentes,
929 4021 1108 4089 collacione
1134 4022 1230 4090 buius

106 4125 205 4196 insule
220 4149 280 4215 per
297 4147 355 4195 nos
371 4127 522 4212 regaliter
539 4129 639 4213 facta,
671 4147 788 4194 secure
804 4133 838 4194 et
853 4127 981 4193 illibate
1006 4128 1172 4211 gaudeant
1197 4137 1233 4198 et

107 4231 509 4304 truantur.1ucuiusrei
543 4233 729 4303 memoriam
760 4233 1008 4318 firmitatemque
1039 4239 1231 4320 perpetuam

107 4349 264 4424 presentes
280 4341 498 4410 concessimus
519 4343 643 4410 litteras
661 4340 824 4428 dupplicis
848 4341 950 4426 sigilli
981 4340 1084 4408 nostri
1115 4340 1233 4410 robore

107 4449 323 4518 communitas.
363 4449 485 4517 Datum
518 4472 575 4538 per
605 4470 724 4518 manus
755 4450 954 4517 venerabilis
984 4449 1047 4518 siri
1081 4448 1232 4534 Magistri

107 4555 221 4626 Vbome
243 4558 398 4626 Albensis
424 4559 574 4627 Ecclesia
598 4557 701 4626 illecti
721 4559 795 4626 aule
811 4565 921 4626 nostre
936 4555 1229 4646 vicecancellarij,
