3124 5152
798 295 958 394 Q-

317 509 383 554 rurn
418 493 450 552 ct
467 487 630 554 effusionis
656 487 824 572 sanguinis
856 489 906 554 sui
923 489 1065 574 aliquam
1091 490 1309 575 prouisionom
1328 492 1450 574 facere,
1560 507 1561 516 ¹

314 597 391 662 licet
407 595 555 680 ampliori
572 596 838 664 remuneracione
853 593 969 682 dignus
987 603 1097 664 esset:
1121 598 1286 681 quandam
1319 619 1448 684 posses·
1560 669 1561 672 ,

313 702 436 769 sionem
468 707 609 770 nostram
643 701 756 788 Obeby
788 711 947 788 uocatam,
977 704 1010 770 in
1043 701 1204 772 domitam
1230 705 1447 791 Segusdiensi

314 811 479 891 situatam,
515 817 622 876 nostre
663 831 722 896 per
752 811 863 877 omnia
893 811 1065 879 collacioui
1100 812 1326 902 pertinentem,
1368 834 1444 882 oum

312 917 460 984 omnibus
491 917 683 984 utilitatibus
714 919 783 986 suis
813 927 845 985 et
861 919 1071 1005 pertinencijs
1103 923 1263 990 uniuersis
1281 919 1443 1006 dedimus,

312 1025 505 1093 donauimus
522 1030 553 1092 et
568 1025 762 1092 contulimus
779 1027 841 1112 ipsi
858 1027 1016 1110 Magistro
1042 1027 1166 1096 Jacobo
1184 1037 1218 1095 et
1249 1029 1317 1096 suis
1349 1029 1444 1096 bere-

312 1133 407 1199 dibus
439 1133 655 1218 heredumque
679 1153 810 1200 suorum
828 1134 1069 1202 successoribus
1087 1141 1244 1221 perpetuo
1259 1142 1291 1201 et
1308 1135 1446 1221 pacifice

310 1239 549 1326 possidendam.
569 1242 605 1306 Iu
623 1243 714 1308 cuius
726 1242 772 1308 rei
783 1243 972 1310 memoriam
988 1241 1236 1326 firmitatemque
1252 1251 1444 1329 perpetuam

311 1357 477 1433 presentes
509 1351 615 1417 eidem
646 1352 863 1419 concessimus
896 1353 1022 1420 litteras
1056 1351 1194 1438 duplicis
1220 1353 1319 1438 sigilii
1336 1355 1443 1419 nostri

310 1456 487 1524 munimine
512 1461 690 1525 roboratas.
723 1461 842 1526 Datum
875 1480 934 1546 per
964 1479 1079 1527 manus
1111 1459 1260 1544 Magistri
1292 1460 1442 1545 Wrbauij

309 1563 467 1650 Prepositi
484 1565 628 1632 Ecclesic
644 1566 756 1632 Sancti
774 1568 860 1634 Petri
878 1567 919 1634 de
935 1567 1064 1654 Posaga
1081 1568 1156 1634 aule
1176 1576 1287 1636 nostre
1303 1567 1446 1636 Cancel-

310 1671 382 1754 larij
400 1671 508 1740 fidelis
524 1675 636 1759 nostri,
653 1693 739 1741 anuo
758 1675 887 1742 Domini
906 1675 1026 1741 ΜὊΟο
1045 1676 1274 1758 octuagesimo.

310 1871 356 1922 IV.
377 1871 478 1921 Lasald
497 1872 646 1936 kirtlynalr
668 1873 776 1922 libo-ki
795 1872 962 1938 megerdaitd
996 1871 1192 1938 obmanydbdb
1224 1873 1298 1922 mint
1325 1874 1444 1924 t'entebb

787 1965 846 2012 247.
864 1976 900 2011 sz.
921 1963 957 2024 a.)

737 2249 1002 2260 *—

833 2786 910 2855 250.

306 2987 369 3050 m.
386 2985 504 3052 Mettus
518 2993 608 3071 pripa
625 2985 770 3066 Feresne,
802 3009 842 3050 aa
859 2984 944 3050 Arde
959 2987 1100 3071 azipctc'rr
1116 2987 1186 3052 te'od
1203 2983 1438 3050 benemerendi·

423 3105 584 3160 mascator·
598 3095 787 3182 apcitjdraalt
804 3094 977 3158 drdckdbco
992 3095 1180 3160 ioteizlceda'k.
1206 3096 1307 3159 1280.

408 3290 565 3358 Nicolaus
580 3289 761 3375 Episcopus
777 3309 890 3356 servus
906 3307 1070 3366 serrorum
1088 3289 1160 3374 Dei,
1176 3289 1355 3356 venerabili
1366 3290 1435 3358 fra-

299 3401 341 3464 tri
360 3448 367 3463 .
386 3447 393 3463 .
412 3447 418 3462 .
437 3397 691 3483 Arcbicpiscopo
706 3395 858 3464 dadrensi
875 3397 1011 3464 salutem
1029 3405 1061 3465 ct
1087 3399 1307 3483 Apostolicam
1336 3401 1435 3464 bene-

300 3507 483 3573 dictionem.
507 3505 559 3571 Ad
575 3506 773 3574 audientiam
790 3511 936 3574 nostram
954 3505 1107 3592 pervenit,
1139 3507 1226 3591 quod
1241 3507 1362 3573 nobilis
1379 3505 1433 3571 vir
1560 3507 1561 3512 ’

299 3613 426 3680 Marcus
442 3612 580 3678 Michael
597 3614 711 3698 Comes
721 3613 887 3699 Arbensis,
903 3613 1089 3698 Stephanus
1101 3612 1141 3679 de
1151 3613 1279 3698 Forma,
1296 3613 1431 3682 Madins
1560 3697 1561 3700 Ἴ

300 3721 338 3785 dc
355 3721 477 3802 Pairco,
492 3729 525 3787 ct
539 3719 721 3790 Zodenicus
737 3720 778 3788 de
793 3722 975 3807 Zodcnicis,
1004 3727 1080 3790 tuuc
1095 3721 1227 3788 Judices
1251 3723 1431 3807 Arbeuscs,

299 3834 412 3894 contra
428 3828 581 3894 dilectum
597 3829 698 3894 tilium
715 3829 937 3918 Franciscum,
964 3829 1124 3896 Abbatcm
1140 3827 1327 3895 Monasterii
1345 3829 1430 3895 San·

298 3935 340 4001 cti
356 3935 445 4002 Petri
463 3934 593 4004 Ordinis
607 3936 720 4004 Sancti
736 3935 907 4003 Benedicti
923 3937 1080 4004 Arbcusis
1112 3935 1271 4018 Diecesis,
1305 3935 1427 4020 spiritu

297 4041 458 4109 diabolico
473 4041 634 4128 concitati,
653 4063 725 4110 cum
741 4043 829 4109 idem
845 4043 968 4130 Abbas,
994 4063 1052 4129 pro
1069 4063 1133 4126 quo
1151 4043 1268 4110 Comes
1285 4046 1318 4108 et
1332 4040 1428 4107 Judi-

298 4169 352 4215 ecs
369 4148 487 4235 profati
504 4151 669 4236 miserant,
687 4161 720 4216 ut
736 4151 859 4216 veniret
875 4149 918 4215 ad
935 4171 990 4217 eos
1006 4151 1039 4215 in
1052 4149 1225 4217 Civitatem
1235 4149 1427 4236 Arbensem‚

296 4255 488 4324 accessisset
504 4256 547 4322 ad
562 4255 646 4343 illos,
663 4257 778 4323 Comes
796 4265 826 4322 et
839 4255 971 4324 Judiccs
982 4255 1134 4342 prelibati
1144 4254 1304 4321 Abbatem
1315 4256 1425 4346 ipsum

297 4383 353 4448 per
370 4365 487 4430 multos
504 4363 572 4430 dies
589 4364 621 4429 in
640 4365 761 4449 palatio
778 4364 897 4431 Sancte
914 4365 1036 4448 Crucis,
1054 4363 1179 4449 capelle
1195 4361 1299 4448 ipsius
1316 4363 1428 4430 Mona-

299 4471 399 4551 stcrii,
432 4471 527 4554 farne,
559 4471 623 4552 siti,
655 4465 865 4557 pluribusque
882 4471 1130 4538 aliisafflictum
1162 4469 1302 4552 iniuriis,
1334 4477 1426 4538 stare

299 4579 453 4660 iecerunt,
486 4584 519 4642 et
534 4577 716 4642 constitutis
733 4581 766 4642 in
783 4578 978 4644 Monasterio
993 4579 1064 4664 ipso
1081 4578 1341 4662 procuratoribus
1356 4595 1416 4662 pro
