3096 5160
605 206 765 312 ὣς,

110 400 214 468 metis
245 407 279 468 et
311 401 456 486 antiquis
487 401 634 471 terminis
667 400 831 486 limitatas,
865 397 970 465 eidem
1001 399 1097 466 Petro
1113 400 1146 465 et
1176 391 1245 464 suis

112 507 273 578 fratribus
304 516 337 576 et
367 509 516 596 cognatis
547 507 700 577 Cumanis
732 508 808 594 alije
822 504 1019 592 memoratis,
1036 501 1158 590 pariter
1174 522 1264 570 eum·

112 615 185 682 suis
203 617 414 703 pertinenoijs
430 615 635 686 tradiderunt
650 623 684 684 ct
713 615 968 700 assignauerunt
997 612 1067 680 iure
1097 615 1253 698 perpetuo

115 721 291 790 habendas
332 723 469 808 pacifice
510 729 542 791 et
581 723 749 792 tenendas.
798 723 935 806 Insuper
973 721 1057 788 iuter
1087 723 1256 804 utramque

114 835 247 915 partem
263 829 447 898 ordinatum
458 837 490 899 ct
501 829 679 917 obligatum
697 830 803 899 extitit
819 827 1035 896 amicabiliter
1052 847 1092 894 ac
1107 846 1256 912 assump-

114 945 197 1022 tum,
231 945 267 1005 ut
283 957 380 1024 super
411 937 509 1006 tactis
540 936 758 1024 predictarum
789 944 948 1004 terrarum
979 936 1063 1026 Bere
1090 939 1123 1000 et
1152 933 1255 1003 Belaci

114 1047 363 1132 appellatarum
381 1045 512 1114 cosdem
529 1046 691 1114 Cumanos
708 1052 865 1112 eteorum
889 1043 1094 1130 posteritates
1108 1042 1150 1110 ab
1168 1041 1256 1108 omni

119 1152 179 1220 lite
211 1159 246 1220 et
277 1152 489 1222 contencione
520 1152 619 1239 ijdem
651 1151 710 1242 filij
743 1151 879 1220 Comitis
917 1149 1049 1217 Andree
1080 1155 1114 1218 et
1144 1165 1257 1218 eorum

118 1279 326 1329 successores
344 1257 519 1346 expedient
534 1261 603 1328 suis
628 1259 790 1328 laboribus
821 1265 854 1327 et
885 1258 1060 1345 expensis3
1083 1261 1150 1326 ete
1181 1277 1255 1326 con·

116 1367 222 1435 trario
252 1367 354 1456 ijdem
385 1367 521 1436 Cumani
553 1376 711 1436 eteorum
742 1366 863 1454 posteri
889 1365 1010 1434 eisdem
1027 1363 1102 1449 fllljs
1119 1363 1255 1432 Comitis

116 1475 252 1543 Andree
275 1472 480 1564 traditarum,
512 1475 783 1561 quemadmodum
816 1481 866 1542 est
895 1473 1099 1558 premissum,
1132 1470 1253 1539 facient

117 1583 227 1650 eciam
259 1584 341 1652 illud
373 1587 458 1653 illem
490 1587 525 1654 in
556 1587 656 1672 plena
687 1585 894 1674 possessione
929 1591 962 1652 et
978 1583 1122 1670 pacifica
1137 1590 1252 1650 tenuta

119 1693 252 1759 illarum
267 1700 427 1763 terrarum
443 1704 475 1764 et
505 1696 746 1782 possessionum
779 1715 818 1761 ac
848 1693 1026 1762 utilitatum
1057 1711 1199 1776 suerum,
1216 1710 1252 1758 se

119 1801 218 1867 ambe
248 1806 358 1887 partes
374 1811 485 1872 mutuo
501 1809 532 1872 et
549 1803 826 1873 vicissitudinario
849 1802 882 1868 iu
901 1809 1091 1888 perpetuum
1107 1800 1253 1885 indemp-

125 1907 212 1975 niter
227 1918 470 1979 concernentes.
502 1914 541 1981 In
571 1913 664 1981 ouius
694 1933 753 1998 rey
784 1911 972 1978 memoriam
1004 1917 1036 1980 et
1063 1913 1256 1996 perpetuam

123 2013 310 2084 firmitatem
342 2026 511 2103 presentes
541 2019 668 2088 litteras
702 2017 746 2086 ad
777 2019 971 2106 peticionem
1003 2023 1036 2084 et
1059 2015 1256 2085 instanciam

123 2121 272 2207 parcium
287 2123 508 2208 predictarum
524 2126 626 2212 sigilli
650 2127 750 2194 nostri
777 2124 988 2212 apposicioue
1018 2132 1051 2192 et
1082 2123 1257 2192 munimine

125 2228 277 2298 dedimus
307 2235 489 2302 roboratas.
520 2233 640 2302 Datum
672 2253 731 2321 per
745 2251 861 2303 manus
877 2232 1011 2301 discreti
1026 2231 1090 2300 viri
1107 2230 1256 2316 Magistri
1376 2303 1378 2308 ,

125 2337 284 2422 Cypriani
299 2339 444 2410 Ecclesie
459 2347 570 2410 nostre
585 2341 733 2410 lectoris
748 2361 836 2410 annu
852 2339 985 2410 Domini
1000 2337 1121 2409 Μθῦὒ0
1152 2358 1253 2408 noua-

124 2447 248 2529 gesimo
267 2445 422 2533 secundo,
446 2448 548 2516 tercio
565 2467 670 2518 nonas
685 2448 779 2534 Julij.

125 2645 269 2704 OEredetr‘e
282 2643 467 2712 borhtrtyetn,
481 2647 598 2712 melyrol
617 2662 635 2698 a
653 2645 749 2712 peceat
762 2646 1048 2714 carga-voros-sakete
1062 2648 1256 2717 sslyemusint·
1285 2615 1290 2622 Ι

324 2749 376 2787 ron
400 2735 491 2804 ttigg;
509 2751 527 2788 a
539 2735 624 2790 bedun
642 2735 697 2790 lrir.
715 2737 842 2790 kamarai
854 2736 1048 2802 levtlttrban.)

655 3561 732 3631 437.

124 3761 155 3826 Α
166 3760 260 3844 plcet
274 3759 503 3846 kdptaloaaalc
519 3759 800 3849 biaooysctqlcvele,
832 3765 913 3847 luopy
944 3759 1111 3828 Zenodoti
1136 3763 1254 3829 Ldszlo

125 3867 158 3931 ἐι
172 3865 298 3932 Mena
313 3868 450 3932 comeret
465 3867 510 3931 tia
525 3867 626 3954 picot,
656 3870 746 3935 Bilta
761 3869 887 3954 helyatp
904 3868 1121 3955 fatererertoek
1152 3871 1254 3939 atvar·

325 3978 398 4040 trica
406 3973 541 4061 fajeben
548 3975 669 4060 fizettclc
685 3977 780 4042 Mota
787 3976 935 4058 finiculo.
960 3975 1060 4042 1292.

231 4169 300 4236 Nos
330 4167 515 4254 Capitulum
546 4169 906 4255 Quinqueecolesiensis
937 4172 1082 4242 Ecclesic
1097 4175 1253 4242 memorie

122 4277 397 4360 commendamus,
415 4278 590 4362 quodcum
607 4279 850 4348 iuxtaformam
868 4281 1043 4350 litterarum
1070 4287 1254 4349 nostrarum

122 4383 489 4452 memorialiuuradata
506 4383 600 4470 paria
630 4389 879 4472 prescriptorum
916 4387 1077 4472 vigesimo
1107 4389 1252 4457 seeundo

123 4492 176 4560 die
191 4491 455 4578 Epiphaniarum
471 4492 603 4561 Domini
618 4491 733 4564 (lomes
758 4493 934 4564 Ladizlaua
964 4501 997 4564 et
1027 4497 1181 4566 Nicolaus
1212 4496 1255 4564 de
