3170 5166
655 285 817 416 ,11

169 497 248 578 nato
263 495 414 594 capitolo
445 499 592 574 llcclaeia
606 501 815 574 Posuuiensis
832 499 964 572 tirmiter
980 497 1191 592 precipiendo
1207 493 1306 578 man-¹·

170 614 290 701 damet,
307 620 468 698 quatenus
483 612 629 702 ipsorum
646 613 810 682 mitterent
832 611 992 680 hominem
1024 631 1082 698 pro
1111 594 1298 685 testimonio

164 719 373 806 hdedignum,
404 738 469 804 quo
500 725 652 805 presente
675 719 832 805 Magister
852 719 1019 788 lohannes
1035 719 1142 788 dictus
1157 722 1297 791 Nemsth

167 829 375 902 Oastallauus
391 825 433 894 de
448 825 560 912 Zoged
575 826 671 895 homo
702 847 781 895 suus
810 825 934 912 Regius
966 823 1138 896 uniuersas
1169 847 1318 914 posses·-

166 939 277 1008 sioues
310 935 454 1022 quolibet
483 934 615 1002 nomine
646 940 788 1022 vocatas,
820 935 854 1002 in
869 933 1065 1020 quibuslibet
1080 933 1296 1010 eomitatibus

166 1047 354 1133 existentes,
369 1063 410 1111 ao
433 1043 548 1112 vineas
579 1050 611 1112 et
642 1044 763 1130 domos,
795 1063 856 1112 neo
886 1063 952 1112 non
982 1043 1067 1112 alias
1098 1042 1294 1114 hereditates

166 1153 305 1224 condam
336 1151 466 1221 Nicolai
482 1151 539 1238 lilij
560 1152 723 1220 Dominici
749 1151 790 1219 dc
806 1150 915 1220 Janoh
930 1150 1069 1220 hominis
1085 1152 1158 1222 sina
1174 1153 1293 1222 herede

167 1260 366 1348 decedentis,
406 1278 558 1346 recepere
599 1266 631 1326 at
671 1259 885 1328 Seraninsime
929 1259 1125 1346 Principisso
1163 1261 1297 1331 domina

165 1369 348 1457 Elyuabeth
377 1367 503 1453 Regina
533 1365 681 1452 genitrici
714 1386 771 1434 sue
801 1365 974 1434 karissime
1005 1372 1148 1436 statuere
1163 1367 1298 1438 deberet

169 1477 230 1546 sth.
268 1475 391 1564 (enueh
428 1475 555 1562 folyttn
586 1473 687 1561 pedig
711 1495 732 1540 a
757 1475 892 1541 statutio
924 1473 1177 1564 Oheukacsurya
1206 1477 1301 1565 hely·

167 1587 292 1670 stgben
330 1583 430 1651 »seria
469 1583 572 1650 tercia
617 1582 765 1668 proxima
803 1587 878 1668 post
916 1587 1048 1651 octabas
1085 1582 1164 1650 lesti
1201 1585 1297 1654 Beati

167 1692 345 1782 blychaelis
360 1689 552 1775 archangeli
568 1691 715 1776 proxima
731 1689 897 1776 preteriti«
923 1694 1170 1776 megtllrtdnren
1190 1691 1295 1761 ›Tho-

168 1801 446 1870 masfiliusluaua
459 1797 699 1886 elleumoudott,
715 1802 752 1865 bs
769 1801 867 1885 parba
886 1795 1077 1886 identetett).
1096 1798 1168 1879 Quo
1182 1798 1296 1868 audito

110 1981 112 1986 ,
167 1910 314 1998 prelatos
330 1905 472 1975 Thomas
487 1905 574 1974 filius
590 1906 680 1974 Iwan
706 1907 767 1974 stb.
799 1905 959 1990 quasdam
990 1906 1115 1975 litteras
1146 1912 1297 1994 patentes

167 2015 330 2104 prenotati
345 2012 490 2100 Capituli
506 2013 655 2081 Ecclesia
670 2013 878 2082 Posuuiensis
895 2034 983 2081 anno
1001 2014 1042 2080 ab
1058 2009 1297 2100 Incamaciouc

168 2123 302 2192 Domini
317 2119 464 2191 M⁰COG⁰
480 2129 649 2190 emanatas
667 2129 776 2189 nostro
789 2121 965 2208 judiciario
990 2121 1131 2190 examini
1162 2141 1296 2208 presan·

167 2233 261 2317 teuit,
291 2233 477 2315 inquorum
508 2229 673 2298 tenoribus
698 2248 851 2315 expresse
867 2228 1060 2316 habebatur,
1077 2229 1163 2314 quod
1178 2229 1296 2300 consti·
1347 2245 1355 2262 ¹

168 2339 247 2408 tutis
277 2335 493 2425 personaliter
524 2357 632 2405 coram
664 2337 736 2422 ipso
767 2335 918 2421 Capitulo
948 2336 1139 2404 Posonieusi
1171 2338 1297 2406 (domita

169 2445 294 2516 Jacobo
324 2445 366 2513 de
382 2445 489 2513 Jauok
520 2465 593 2513 cunr
609 2443 732 2512 Comite
752 2445 847 2511 Petro
863 2443 1038 2512 fralusano
1054 2445 1297 2536 consperto,

170 2559 204 2624 et
219 2554 313 2622 Iwan
329 2552 396 2622 filio
412 2552 483 2620 Fila
498 2551 565 2620 filio
581 2553 701 2621 sororis
718 2549 936 2640 predictorum
955 2551 1070 2620 Jacobi
1086 2559 1118 2620 et
1148 2535 1238 2622 Petri
1252 2553 1296 2622 ah

168 2659 293 2743 altara;
316 2659 404 2729 idern
436 2659 551 2727 (lomes
582 2658 725 2728 lacobus
758 2666 908 2744 presente
939 2659 1064 2728 comite
1082 2661 1176 2727 Petro
1192 2659 1294 2729 fratre

167 2787 229 2836 suo
244 2772 276 2836 et
293 2767 518 2836 consenciente
534 2766 701 2835 coufessus
717 2766 832 2836 luisset
849 2768 977 2834 oraculo
992 2766 1067 2834 uiue
1083 2767 1184 2854 uocis,
1209 2767 1297 2852 quod

53 2946 57 2956 ,
166 2873 240 2964 ipso
270 2873 505 2943 dimidietatem
545 2874 762 2960 possessionis
803 2894 861 2940 sue
892 2873 1136 2942 Chenheuiolua
1170 2881 1296 2962 vocata,

165 2989 264 3073 prout
279 2984 388 3070 ipsum
407 2983 563 3054 Comitem
579 2982 738 3052 iacobum
755 2989 902 3068 taugeret
932 3001 1004 3048 cunr
1035 2981 1184 3050 omnihus
1214 2981 1298 3050 rtili·

165 3091 289 3161 tatibus
305 3090 384 3176 suis,
399 3091 524 3161 seilicet
548 3091 643 3160 terris
661 3089 893 3157 arabilihuaet
907 3109 972 3156 uon
989 3087 1177 3177 arabilibus,
1194 3087 1297 3176 pratis

164 3199 297 3290 senatis,
312 3199 415 3286 siluis,
431 3198 527 3282 aquis
557 3196 692 3286 piscinis
709 3204 742 3264 et
759 3196 889 3283 pascuis
914 3215 1065 3283 pecorum
1096 3215 1170 3266 oum
1199 3195 1299 3284 perti·

164 3305 292 3394 neuoija
323 3306 390 3375 suis
420 3304 583 3374 uniuersis
614 3304 768 3388 dedisset,
796 3304 959 3388 donasset,
973 3303 1161 3373 tradidisset
1177 3311 1210 3374 et
1225 3324 1300 3374 oon·

166 3415 299 3484 tulisset
313 3413 459 3501 prediolo
475 3414 578 3500 Iwau,
597 3419 629 3480 et
645 3431 704 3498 par
720 3431 792 3479 eum
825 3412 895 3482 suis
926 3411 1099 3480 heredibus
1129 3409 1301 3480 heredum·

165 3543 233 3608 qua
247 3541 377 3590 suorum
409 3521 651 3588 successoribus
672 3527 833 3606 perpetuo
849 3518 1079 3604 possidendam
1095 3543 1104 3606 3
1126 3525 1159 3587 et
1174 3539 1233 3606 pro
1249 3539 1300 3606 eo,

165 3630 247 3716 quia
261 3629 347 3698 idem
373 3627 464 3696 Iwan
480 3627 515 3694 iu
545 3627 659 3696 multis
691 3629 823 3696 casibus
857 3629 1050 3714 fortunent
1081 3625 1301 3714 multipliciter

165 3740 218 3808 sio
232 3734 450 3821 laudabiliter,
473 3732 584 3803 fidelia
615 3736 766 3823 seruicya
782 3741 814 3802 ct
841 3735 1009 3822 monitoria
1024 3733 1180 3820 obsequia
1195 3733 1301 3803 eidem

165 3843 286 3916 Oomiti
302 3845 408 3914 lnoho
425 3843 638 3930 inpendysset
653 3843 828 3930 indefesse,
846 3843 1063 3932 promittendo
1079 3863 1177 3928 quem
1201 3841 1300 3929 pluri·

161 3959 229 4026 hus
260 3955 368 4040 ipsum
398 3953 491 4020 iwan
521 3949 687 4020 adiuuare.
721 3949 780 4018 Oui
809 3952 913 4020 eciam
944 3949 1117 4018 donacioni
1133 3949 1299 4036 predictus

164 4063 285 4132 Comes
299 4062 415 4128 Petrus
432 4079 623 4128 consensum
651 4061 837 4146 prebuisset
853 4066 888 4128 et
902 4079 1082 4128 assensum.
1114 4057 1300 4144 obligando

165 4189 214 4255 se,
231 4165 319 4256 quod
350 4187 542 4254 quocunque
572 4187 728 4254 processu
745 4174 925 4256 temporum
940 4169 1046 4255 ipsum
1060 4166 1153 4234 Iwau
1168 4167 1301 4234 racione

162 4275 395 4368 prenominato
411 4275 628 4361 possessionis
643 4276 741 4343 vellat
761 4276 917 4362 impetere
932 4275 985 4343 vel
1016 4294 1157 4360 vexare;
1180 4277 1299 4343 extunc

162 4385 253 4454 idem
286 4381 401 4451 Comes
433 4383 575 4452 Jacohus
605 4389 770 4452 teneretur
796 4405 869 4452 euru
886 4382 1038 4470 expedire
1053 4381 1195 4472 proprijs
1210 4381 1299 4451 labo·

162 4493 256 4562 ribus
273 4501 306 4559 11
321 4491 473 4576 expensis
488 4491 548 4562 sth.
563 4491 608 4579 (A
622 4511 718 4578 pares
734 4491 848 4560 birtoh
864 4491 995 4577 Tomos,
1011 4488 1091 4556 lrdn
1108 4489 1219 4558 hanah
1235 4489 1301 4560 oda

165 4599 346 4688 iteltetett)‚
362 4601 483 4672 Datum
498 4602 532 4669 in
557 4600 764 4692 Wyssegrad
779 4601 941 4676 sedecimo
957 4597 1010 4670 dic
1025 4603 1210 4678 octonarum
1230 4600 1304 4680 feeit
