<?xml version="1.0" encoding="UTF-8"?>
<!DOCTYPE html PUBLIC "-//W3C//DTD XHTML 1.0 Transitional//EN"
    "http://www.w3.org/TR/xhtml1/DTD/xhtml1-transitional.dtd">
<html xmlns="http://www.w3.org/1999/xhtml" xml:lang="en" lang="en">
 <head>
  <title>
</title>
<meta http-equiv="Content-Type" content="text/html;charset=utf-8" />
  <meta name='ocr-system' content='tesseract 3.04.00' />
  <meta name='ocr-capabilities' content='ocr_page ocr_carea ocr_par ocr_line ocrx_word'/>
</head>
<body>
  <div class='ocr_page' id='page_1' title='image "./codexdiplomatic06wenzgoog_0203.png"; bbox 0 0 3112 5154; ppageno 0'>
   <div class='ocr_carea' id='block_1_1' title="bbox 319 1089 1450 1267">
    <p class='ocr_par' dir='ltr' id='par_1_1' title="bbox 319 1089 1450 1267">
     <span class='ocr_line' id='line_1_1' title="bbox 319 1089 1450 1183; baseline -0.014 -18"><span class='ocrx_word' id='word_1_1' title='bbox 319 1099 441 1164; x_wconf 72' lang='lat' dir='ltr'><strong>Timete</strong></span> <span class='ocrx_word' id='word_1_2' title='bbox 454 1095 592 1177; x_wconf 66' lang='lat' dir='ltr'><strong>adprobo</strong></span> <span class='ocrx_word' id='word_1_3' title='bbox 607 1095 731 1183; x_wconf 75' lang='lat' dir='ltr'><strong>pitspcilc</strong></span> <span class='ocrx_word' id='word_1_4' title='bbox 747 1116 789 1157; x_wconf 80' lang='lat' dir='ltr'><strong>oz.</strong></span> <span class='ocrx_word' id='word_1_5' title='bbox 807 1093 902 1156; x_wconf 84' lang='lat' dir='ltr'><strong>Pe&#39;ter</strong></span> <span class='ocrx_word' id='word_1_6' title='bbox 919 1095 951 1156; x_wconf 73' lang='lat' dir='ltr'><strong>ea</strong></span> <span class='ocrx_word' id='word_1_7' title='bbox 967 1091 1030 1156; x_wconf 77' lang='lat' dir='ltr'><strong>Pel</strong></span> <span class='ocrx_word' id='word_1_8' title='bbox 1054 1091 1243 1156; x_wconf 78' lang='lat' dir='ltr'><strong>tiaatcleto&#39;re</strong></span> <span class='ocrx_word' id='word_1_9' title='bbox 1268 1089 1450 1174; x_wconf 70' lang='lat' dir='ltr'><strong>sze&#39;kesepp·</strong></span> 
     </span>
     <span class='ocr_line' id='line_1_2' title="bbox 596 1198 1168 1267; baseline -0.012 0"><span class='ocrx_word' id='word_1_10' title='bbox 596 1202 741 1267; x_wconf 73' lang='lat' dir='ltr'><strong>hdzdban</strong></span> <span class='ocrx_word' id='word_1_11' title='bbox 757 1202 858 1266; x_wconf 81' lang='lat' dir='ltr'><strong>oltcirt</strong></span> <span class='ocrx_word' id='word_1_12' title='bbox 873 1201 985 1266; x_wconf 76' lang='lat' dir='ltr'><strong>scentel</strong></span> <span class='ocrx_word' id='word_1_13' title='bbox 1001 1198 1045 1263; x_wconf 81' lang='lat' dir='ltr'><strong>be.</strong></span> <span class='ocrx_word' id='word_1_14' title='bbox 1071 1201 1168 1265; x_wconf 81' lang='lat'><em>1275.</em></span> 
     </span>
    </p>
   </div>
   <div class='ocr_carea' id='block_1_2' title="bbox 407 1393 1377 1462">
    <p class='ocr_par' dir='ltr' id='par_1_2' title="bbox 407 1393 1377 1462">
     <span class='ocr_line' id='line_1_3' title="bbox 407 1393 1377 1462; baseline -0.01 -10"><span class='ocrx_word' id='word_1_15' title='bbox 407 1399 566 1462; x_wconf 73' lang='lat' dir='ltr'><strong>(Tkalcsies,</strong></span> <span class='ocrx_word' id='word_1_16' title='bbox 585 1400 710 1450; x_wconf 82' lang='lat' dir='ltr'><strong>Monam.</strong></span> <span class='ocrx_word' id='word_1_17' title='bbox 730 1397 796 1448; x_wconf 85' lang='lat' dir='ltr'><strong>hist.</strong></span> <span class='ocrx_word' id='word_1_18' title='bbox 815 1397 905 1461; x_wconf 81' lang='lat' dir='ltr'><strong>Episc.</strong></span> <span class='ocrx_word' id='word_1_19' title='bbox 925 1395 1119 1462; x_wconf 76' lang='lat' dir='ltr'><strong>zagrabiensin</strong></span> <span class='ocrx_word' id='word_1_20' title='bbox 1137 1393 1161 1444; x_wconf 90' lang='lat'><strong>1.</strong></span> <span class='ocrx_word' id='word_1_21' title='bbox 1180 1394 1241 1444; x_wconf 78' lang='lat' dir='ltr'><strong>lriit.</strong></span> <span class='ocrx_word' id='word_1_22' title='bbox 1265 1395 1325 1443; x_wconf 81' lang='lat'>175.</span> <span class='ocrx_word' id='word_1_23' title='bbox 1345 1395 1377 1454; x_wconf 88' lang='lat'><strong>1.)</strong></span> 
     </span>
    </p>
   </div>
   <div class='ocr_carea' id='block_1_3' title="bbox 750 1681 1016 1695">
    <p class='ocr_par' dir='ltr' id='par_1_3' title="bbox 750 1681 1016 1695">
     <span class='ocr_line' id='line_1_4' title="bbox 750 1681 1016 1695; baseline -0.015 0"><span class='ocrx_word' id='word_1_24' title='bbox 750 1681 1016 1695; x_wconf 57' lang='lat' dir='ltr'>w</span> 
     </span>
    </p>
   </div>
   <div class='ocr_carea' id='block_1_4' title="bbox 322 2395 1555 2604">
    <p class='ocr_par' dir='ltr' id='par_1_4' title="bbox 322 2395 1555 2604">
     <span class='ocr_line' id='line_1_5' title="bbox 322 2395 1555 2496; baseline -0.007 -19"><span class='ocrx_word' id='word_1_25' title='bbox 322 2409 473 2477; x_wconf 65' lang='lat' dir='ltr'><strong>abactae·</strong></span> <span class='ocrx_word' id='word_1_26' title='bbox 496 2407 722 2496; x_wconf 66' lang='lat' dir='ltr'><strong>heptalonnck</strong></span> <span class='ocrx_word' id='word_1_27' title='bbox 739 2410 892 2495; x_wconf 66' lang='lat' dir='ltr'><strong>jelentese</strong></span> <span class='ocrx_word' id='word_1_28' title='bbox 917 2405 1069 2473; x_wconf 72' lang='lat' dir='ltr'><strong>Erzaccc</strong></span> <span class='ocrx_word' id='word_1_29' title='bbox 1102 2407 1211 2494; x_wconf 78' lang='lat' dir='ltr'><strong>ifjabb</strong></span> <span class='ocrx_word' id='word_1_30' title='bbox 1244 2407 1460 2493; x_wconf 76' lang='lat' dir='ltr'><strong>kirdlpne&#39;hoz</strong></span> <span class='ocrx_word' id='word_1_31' title='bbox 1554 2395 1555 2428; x_wconf 63' lang='lat'><em>³</em></span> 
     </span>
     <span class='ocr_line' id='line_1_6' title="bbox 431 2513 1344 2604; baseline 0 -22"><span class='ocrx_word' id='word_1_32' title='bbox 431 2515 552 2604; x_wconf 77' lang='lat' dir='ltr'><strong>Symoq</strong></span> <span class='ocrx_word' id='word_1_33' title='bbox 569 2518 696 2604; x_wconf 72' lang='lat' dir='ltr'><strong>helystp</strong></span> <span class='ocrx_word' id='word_1_34' title='bbox 710 2517 907 2582; x_wconf 77' lang='lat' dir='ltr'><strong>hntdrac&#39;ack</strong></span> <span class='ocrx_word' id='word_1_35' title='bbox 921 2513 1212 2601; x_wconf 70' lang='lat' dir='ltr'><strong>smcclyczcscroi.</strong></span> <span class='ocrx_word' id='word_1_36' title='bbox 1247 2516 1344 2582; x_wconf 82' lang='lat'><em>1275.</em></span> 
     </span>
    </p>
   </div>
   <div class='ocr_carea' id='block_1_5' title="bbox 293 2709 1476 4624">
    <p class='ocr_par' dir='ltr' id='par_1_5' title="bbox 321 2709 1462 3120">
     <span class='ocr_line' id='line_1_7' title="bbox 430 2709 1458 2798; baseline 0.002 -19"><span class='ocrx_word' id='word_1_37' title='bbox 430 2709 642 2779; x_wconf 88' lang='lat' dir='ltr'><strong>Serenissime</strong></span> <span class='ocrx_word' id='word_1_38' title='bbox 673 2711 804 2798; x_wconf 65' lang='lat' dir='ltr'><strong>domne</strong></span> <span class='ocrx_word' id='word_1_39' title='bbox 833 2729 892 2778; x_wconf 91' lang='lat' dir='ltr'><strong>sue</strong></span> <span class='ocrx_word' id='word_1_40' title='bbox 923 2712 948 2776; x_wconf 94' lang='lat' dir='ltr'><strong>I.</strong></span> <span class='ocrx_word' id='word_1_41' title='bbox 966 2709 1028 2777; x_wconf 88' lang='lat' dir='ltr'><strong>Dei</strong></span> <span class='ocrx_word' id='word_1_42' title='bbox 1058 2709 1171 2794; x_wconf 86' lang='lat' dir='ltr'><strong>gracia</strong></span> <span class='ocrx_word' id='word_1_43' title='bbox 1200 2709 1311 2778; x_wconf 88' lang='lat' dir='ltr'><strong>inclite</strong></span> <span class='ocrx_word' id='word_1_44' title='bbox 1326 2712 1458 2796; x_wconf 82' lang='lat' dir='ltr'><strong>Regine</strong></span> 
     </span>
     <span class='ocr_line' id='line_1_8' title="bbox 324 2817 1459 2906; baseline -0.001 -18"><span class='ocrx_word' id='word_1_45' title='bbox 324 2819 468 2905; x_wconf 79' lang='lat' dir='ltr'><strong>Vngarie</strong></span> <span class='ocrx_word' id='word_1_46' title='bbox 484 2817 670 2906; x_wconf 79' lang='lat' dir='ltr'>Capitulum</span> <span class='ocrx_word' id='word_1_47' title='bbox 685 2819 847 2888; x_wconf 88' lang='lat' dir='ltr'><strong>Budensis</strong></span> <span class='ocrx_word' id='word_1_48' title='bbox 868 2819 1013 2887; x_wconf 81' lang='lat' dir='ltr'><strong>Ecclesie</strong></span> <span class='ocrx_word' id='word_1_49' title='bbox 1045 2820 1213 2887; x_wconf 72' lang='lat' dir='ltr'><strong>oraciones</strong></span> <span class='ocrx_word' id='word_1_50' title='bbox 1230 2839 1289 2905; x_wconf 90' lang='lat' dir='ltr'><strong>pro</strong></span> <span class='ocrx_word' id='word_1_51' title='bbox 1318 2819 1397 2904; x_wconf 88' lang='lat' dir='ltr'><strong>ipsa</strong></span> <span class='ocrx_word' id='word_1_52' title='bbox 1412 2820 1459 2887; x_wconf 83' lang='lat' dir='ltr'><strong>ad</strong></span> 
     </span>
     <span class='ocr_line' id='line_1_9' title="bbox 322 2923 1456 3013; baseline 0 -19"><span class='ocrx_word' id='word_1_53' title='bbox 322 2927 497 2996; x_wconf 89' lang='lat' dir='ltr'><strong>Dominum</strong></span> <span class='ocrx_word' id='word_1_54' title='bbox 528 2927 659 2995; x_wconf 87' lang='lat' dir='ltr'><strong>debitas</strong></span> <span class='ocrx_word' id='word_1_55' title='bbox 691 2945 731 2994; x_wconf 86' lang='lat' dir='ltr'><strong>ac</strong></span> <span class='ocrx_word' id='word_1_56' title='bbox 747 2927 891 2995; x_wconf 84' lang='lat' dir='ltr'><strong>denotas.</strong></span> <span class='ocrx_word' id='word_1_57' title='bbox 924 2923 1120 3013; x_wconf 88' lang='lat' dir='ltr'><strong>Preccpistis</strong></span> <span class='ocrx_word' id='word_1_58' title='bbox 1137 2927 1231 2994; x_wconf 90' lang='lat' dir='ltr'><strong>nobis</strong></span> <span class='ocrx_word' id='word_1_59' title='bbox 1248 2944 1307 3011; x_wconf 89' lang='lat' dir='ltr'><strong>per</strong></span> <span class='ocrx_word' id='word_1_60' title='bbox 1321 2925 1456 2995; x_wconf 85' lang='lat' dir='ltr'><strong>litteras</strong></span> 
     </span>
     <span class='ocr_line' id='line_1_10' title="bbox 321 3031 1462 3120; baseline -0.003 -17"><span class='ocrx_word' id='word_1_61' title='bbox 321 3032 529 3103; x_wconf 80' lang='lat' dir='ltr'><strong>Excellenoie</strong></span> <span class='ocrx_word' id='word_1_62' title='bbox 554 3041 670 3120; x_wconf 85' lang='lat' dir='ltr'><strong>uestro,</strong></span> <span class='ocrx_word' id='word_1_63' title='bbox 686 3040 722 3103; x_wconf 91' lang='lat' dir='ltr'><strong>nt</strong></span> <span class='ocrx_word' id='word_1_64' title='bbox 750 3033 913 3102; x_wconf 89' lang='lat' dir='ltr'><strong>hominem</strong></span> <span class='ocrx_word' id='word_1_65' title='bbox 944 3039 1089 3100; x_wconf 87' lang='lat' dir='ltr'><strong>nostrum</strong></span> <span class='ocrx_word' id='word_1_66' title='bbox 1122 3031 1323 3117; x_wconf 80' lang='lat' dir='ltr'><strong>fidedignnm</strong></span> <span class='ocrx_word' id='word_1_67' title='bbox 1355 3054 1462 3120; x_wconf 84' lang='lat' dir='ltr'><strong>super</strong></span> 
     </span>
    </p>

    <p class='ocr_par' dir='ltr' id='par_1_6' title="bbox 293 3140 1476 4624">
     <span class='ocr_line' id='line_1_11' title="bbox 293 3140 1461 3228; baseline -0.004 -12"><span class='ocrx_word' id='word_1_68' title='bbox 293 3148 426 3216; x_wconf 81' lang='lat' dir='ltr'><strong>,terras</strong></span> <span class='ocrx_word' id='word_1_69' title='bbox 457 3140 641 3210; x_wconf 85' lang='lat' dir='ltr'><strong>vinidornm</strong></span> <span class='ocrx_word' id='word_1_70' title='bbox 681 3147 862 3210; x_wconf 64' lang='lat' dir='ltr'><strong>natorum</strong></span> <span class='ocrx_word' id='word_1_71' title='bbox 896 3140 1017 3228; x_wconf 82' lang='lat' dir='ltr'><strong>Symog</strong></span> <span class='ocrx_word' id='word_1_72' title='bbox 1049 3145 1081 3206; x_wconf 88' lang='lat' dir='ltr'><strong>et</strong></span> <span class='ocrx_word' id='word_1_73' title='bbox 1112 3140 1276 3227; x_wconf 84' lang='lat' dir='ltr'><strong>Symcdcr</strong></span> <span class='ocrx_word' id='word_1_74' title='bbox 1307 3151 1461 3228; x_wconf 83' lang='lat' dir='ltr'><strong>vocatas,</strong></span> 
     </span>
     <span class='ocr_line' id='line_1_12' title="bbox 324 3247 1465 3338; baseline 0 -20"><span class='ocrx_word' id='word_1_75' title='bbox 324 3271 407 3334; x_wconf 87' lang='lat' dir='ltr'><strong>quas</strong></span> <span class='ocrx_word' id='word_1_76' title='bbox 424 3250 586 3318; x_wconf 85' lang='lat' dir='ltr'><strong>sororibus</strong></span> <span class='ocrx_word' id='word_1_77' title='bbox 603 3249 644 3318; x_wconf 85' lang='lat' dir='ltr'><strong>de</strong></span> <span class='ocrx_word' id='word_1_78' title='bbox 668 3250 783 3317; x_wconf 89' lang='lat' dir='ltr'><strong>Insula</strong></span> <span class='ocrx_word' id='word_1_79' title='bbox 813 3249 934 3317; x_wconf 87' lang='lat' dir='ltr'><strong>Sancte</strong></span> <span class='ocrx_word' id='word_1_80' title='bbox 956 3247 1067 3334; x_wconf 83' lang='lat' dir='ltr'><strong>Mario,</strong></span> <span class='ocrx_word' id='word_1_81' title='bbox 1097 3268 1169 3316; x_wconf 89' lang='lat' dir='ltr'><strong>cum</strong></span> <span class='ocrx_word' id='word_1_82' title='bbox 1201 3249 1465 3338; x_wconf 83' lang='lat' dir='ltr'><strong>condiciouarijs</strong></span> 
     </span>
     <span class='ocr_line' id='line_1_13' title="bbox 324 3353 1463 3445; baseline 0.001 -18"><span class='ocrx_word' id='word_1_83' title='bbox 324 3359 441 3428; x_wconf 88' lang='lat' dir='ltr'><strong>uestris</strong></span> <span class='ocrx_word' id='word_1_84' title='bbox 457 3377 553 3445; x_wconf 89' lang='lat' dir='ltr'><strong>super</strong></span> <span class='ocrx_word' id='word_1_85' title='bbox 568 3358 641 3444; x_wconf 90' lang='lat' dir='ltr'><strong>ipsa</strong></span> <span class='ocrx_word' id='word_1_86' title='bbox 658 3363 746 3424; x_wconf 89' lang='lat' dir='ltr'><strong>terra</strong></span> <span class='ocrx_word' id='word_1_87' title='bbox 762 3353 981 3424; x_wconf 79' lang='lat' dir='ltr'>residentibus</span> <span class='ocrx_word' id='word_1_88' title='bbox 997 3355 1193 3444; x_wconf 78' lang='lat' dir='ltr'><strong>contulistis,</strong></span> <span class='ocrx_word' id='word_1_89' title='bbox 1229 3360 1463 3445; x_wconf 86' lang='lat' dir='ltr'><strong>mitteremns;</strong></span> 
     </span>
     <span class='ocr_line' id='line_1_14' title="bbox 324 3464 1463 3552; baseline 0 -18"><span class='ocrx_word' id='word_1_90' title='bbox 324 3465 517 3535; x_wconf 85' lang='lat' dir='ltr'><strong>secundario</strong></span> <span class='ocrx_word' id='word_1_91' title='bbox 535 3485 592 3552; x_wconf 93' lang='lat' dir='ltr'><strong>pro</strong></span> <span class='ocrx_word' id='word_1_92' title='bbox 618 3487 667 3551; x_wconf 89' lang='lat' dir='ltr'><strong>eo,</strong></span> <span class='ocrx_word' id='word_1_93' title='bbox 699 3465 787 3549; x_wconf 85' lang='lat' dir='ltr'><strong>quod</strong></span> <span class='ocrx_word' id='word_1_94' title='bbox 817 3464 909 3550; x_wconf 90' lang='lat' dir='ltr'><strong>prius</strong></span> <span class='ocrx_word' id='word_1_95' title='bbox 940 3482 1054 3532; x_wconf 74' lang='lat' dir='ltr'><strong>comus</strong></span> <span class='ocrx_word' id='word_1_96' title='bbox 1086 3471 1245 3532; x_wconf 86' lang='lat' dir='ltr'><strong>metarum</strong></span> <span class='ocrx_word' id='word_1_97' title='bbox 1275 3465 1463 3534; x_wconf 85' lang='lat' dir='ltr'><strong>earundem</strong></span> 
     </span>
     <span class='ocr_line' id='line_1_15' title="bbox 324 3569 1467 3658; baseline 0.003 -19"><span class='ocrx_word' id='word_1_98' title='bbox 324 3581 485 3640; x_wconf 88' lang='lat' dir='ltr'><strong>terrarum</strong></span> <span class='ocrx_word' id='word_1_99' title='bbox 516 3573 610 3642; x_wconf 91' lang='lat' dir='ltr'><strong>uobis</strong></span> <span class='ocrx_word' id='word_1_100' title='bbox 641 3591 707 3641; x_wconf 89' lang='lat' dir='ltr'><strong>non</strong></span> <span class='ocrx_word' id='word_1_101' title='bbox 722 3571 1005 3657; x_wconf 76' lang='lat' dir='ltr'><strong>rescripseramus.</strong></span> <span class='ocrx_word' id='word_1_102' title='bbox 1031 3569 1137 3655; x_wconf 78' lang='lat' dir='ltr'><strong>Igitur</strong></span> <span class='ocrx_word' id='word_1_103' title='bbox 1156 3571 1252 3639; x_wconf 89' lang='lat' dir='ltr'><strong>homo</strong></span> <span class='ocrx_word' id='word_1_104' title='bbox 1267 3578 1379 3640; x_wconf 86' lang='lat' dir='ltr'><strong>noster</strong></span> <span class='ocrx_word' id='word_1_105' title='bbox 1394 3593 1467 3658; x_wconf 92' lang='lat' dir='ltr'><strong>per</strong></span> 
     </span>
     <span class='ocr_line' id='line_1_16' title="bbox 324 3678 1467 3764; baseline 0 -14"><span class='ocrx_word' id='word_1_106' title='bbox 324 3701 383 3750; x_wconf 89' lang='lat' dir='ltr'><strong>nos</strong></span> <span class='ocrx_word' id='word_1_107' title='bbox 400 3680 443 3747; x_wconf 86' lang='lat' dir='ltr'><strong>ad</strong></span> <span class='ocrx_word' id='word_1_108' title='bbox 466 3681 527 3749; x_wconf 89' lang='lat' dir='ltr'><strong>hoc</strong></span> <span class='ocrx_word' id='word_1_109' title='bbox 542 3681 660 3750; x_wconf 70' lang='lat' dir='ltr'><strong>missum</strong></span> <span class='ocrx_word' id='word_1_110' title='bbox 676 3679 720 3747; x_wconf 89' lang='lat' dir='ltr'><strong>ad</strong></span> <span class='ocrx_word' id='word_1_111' title='bbox 735 3699 795 3747; x_wconf 92' lang='lat' dir='ltr'><strong>nos</strong></span> <span class='ocrx_word' id='word_1_112' title='bbox 814 3678 978 3746; x_wconf 87' lang='lat' dir='ltr'><strong>redeundo</strong></span> <span class='ocrx_word' id='word_1_113' title='bbox 994 3679 1104 3746; x_wconf 90' lang='lat' dir='ltr'><strong>retulit</strong></span> <span class='ocrx_word' id='word_1_114' title='bbox 1121 3679 1226 3764; x_wconf 90' lang='lat' dir='ltr'><strong>nobis,</strong></span> <span class='ocrx_word' id='word_1_115' title='bbox 1242 3681 1332 3764; x_wconf 86' lang='lat' dir='ltr'><strong>ipsas</strong></span> <span class='ocrx_word' id='word_1_116' title='bbox 1348 3685 1467 3750; x_wconf 86' lang='lat' dir='ltr'><strong>terras</strong></span> 
     </span>
     <span class='ocr_line' id='line_1_17' title="bbox 323 3786 1471 3872; baseline 0 -16"><span class='ocrx_word' id='word_1_117' title='bbox 323 3789 448 3858; x_wconf 87' lang='lat' dir='ltr'><strong>talibus</strong></span> <span class='ocrx_word' id='word_1_118' title='bbox 480 3788 575 3856; x_wconf 88' lang='lat' dir='ltr'><strong>metis</strong></span> <span class='ocrx_word' id='word_1_119' title='bbox 607 3787 764 3872; x_wconf 82' lang='lat' dir='ltr'><strong>distingui</strong></span> <span class='ocrx_word' id='word_1_120' title='bbox 782 3812 789 3853; x_wconf 93' lang='lat'><strong>:</strong></span> <span class='ocrx_word' id='word_1_121' title='bbox 807 3787 918 3854; x_wconf 88' lang='lat' dir='ltr'><strong>Prima</strong></span> <span class='ocrx_word' id='word_1_122' title='bbox 949 3786 1036 3852; x_wconf 87' lang='lat' dir='ltr'><strong>enim</strong></span> <span class='ocrx_word' id='word_1_123' title='bbox 1056 3793 1144 3853; x_wconf 88' lang='lat' dir='ltr'><strong>meta</strong></span> <span class='ocrx_word' id='word_1_124' title='bbox 1160 3787 1337 3856; x_wconf 88' lang='lat' dir='ltr'><strong>earundem</strong></span> <span class='ocrx_word' id='word_1_125' title='bbox 1352 3796 1471 3856; x_wconf 85' lang='lat' dir='ltr'><strong>terra·</strong></span> 
     </span>
     <span class='ocr_line' id='line_1_18' title="bbox 325 3891 1467 3982; baseline -0.001 -18"><span class='ocrx_word' id='word_1_126' title='bbox 325 3916 395 3964; x_wconf 89' lang='lat' dir='ltr'><strong>rum</strong></span> <span class='ocrx_word' id='word_1_127' title='bbox 411 3895 526 3981; x_wconf 89' lang='lat' dir='ltr'><strong>incipit</strong></span> <span class='ocrx_word' id='word_1_128' title='bbox 542 3915 563 3961; x_wconf 89' lang='lat' dir='ltr'><strong>a</strong></span> <span class='ocrx_word' id='word_1_129' title='bbox 578 3903 672 3981; x_wconf 88' lang='lat' dir='ltr'><strong>parte</strong></span> <span class='ocrx_word' id='word_1_130' title='bbox 689 3893 839 3963; x_wconf 83' lang='lat' dir='ltr'><strong>orientali</strong></span> <span class='ocrx_word' id='word_1_131' title='bbox 854 3894 888 3960; x_wconf 90' lang='lat' dir='ltr'><strong>in</strong></span> <span class='ocrx_word' id='word_1_132' title='bbox 920 3895 991 3961; x_wconf 91' lang='lat' dir='ltr'><strong>loco</strong></span> <span class='ocrx_word' id='word_1_133' title='bbox 1023 3893 1079 3977; x_wconf 91' lang='lat' dir='ltr'><strong>qni</strong></span> <span class='ocrx_word' id='word_1_134' title='bbox 1110 3891 1229 3960; x_wconf 85' lang='lat' dir='ltr'><strong>dicitur</strong></span> <span class='ocrx_word' id='word_1_135' title='bbox 1260 3893 1467 3982; x_wconf 78' lang='lat' dir='ltr'><strong>Hurhteteu²</strong></span> 
     </span>
     <span class='ocr_line' id='line_1_19' title="bbox 325 4001 1471 4089; baseline 0.004 -21"><span class='ocrx_word' id='word_1_136' title='bbox 325 4003 381 4071; x_wconf 93' lang='lat' dir='ltr'><strong>ubi</strong></span> <span class='ocrx_word' id='word_1_137' title='bbox 397 4010 472 4072; x_wconf 89' lang='lat' dir='ltr'><strong>suut</strong></span> <span class='ocrx_word' id='word_1_138' title='bbox 488 4009 554 4070; x_wconf 88' lang='lat' dir='ltr'><strong>tres</strong></span> <span class='ocrx_word' id='word_1_139' title='bbox 568 4010 672 4072; x_wconf 88' lang='lat' dir='ltr'><strong>terreo</strong></span> <span class='ocrx_word' id='word_1_140' title='bbox 688 4011 793 4088; x_wconf 88' lang='lat' dir='ltr'><strong>mete,</strong></span> <span class='ocrx_word' id='word_1_141' title='bbox 816 4007 1007 4089; x_wconf 78' lang='lat' dir='ltr'><strong>separantes</strong></span> <span class='ocrx_word' id='word_1_142' title='bbox 1023 4022 1044 4069; x_wconf 88' lang='lat' dir='ltr'><strong>a</strong></span> <span class='ocrx_word' id='word_1_143' title='bbox 1060 4003 1155 4068; x_wconf 86' lang='lat' dir='ltr'><strong>terris</strong></span> <span class='ocrx_word' id='word_1_144' title='bbox 1176 4001 1327 4070; x_wconf 80' lang='lat' dir='ltr'><strong>villarum</strong></span> <span class='ocrx_word' id='word_1_145' title='bbox 1342 4002 1471 4073; x_wconf 84' lang='lat' dir='ltr'><strong>Korna</strong></span> 
     </span>
     <span class='ocr_line' id='line_1_20' title="bbox 327 4109 1475 4198; baseline 0.003 -20"><span class='ocrx_word' id='word_1_146' title='bbox 327 4119 359 4180; x_wconf 92' lang='lat' dir='ltr'><strong>et</strong></span> <span class='ocrx_word' id='word_1_147' title='bbox 389 4111 476 4198; x_wconf 85' lang='lat' dir='ltr'><strong>Epnl</strong></span> <span class='ocrx_word' id='word_1_148' title='bbox 506 4117 708 4192; x_wconf 83' lang='lat' dir='ltr'><strong>nocntarurn3</strong></span> <span class='ocrx_word' id='word_1_149' title='bbox 732 4111 808 4178; x_wconf 89' lang='lat' dir='ltr'><strong>hinc</strong></span> <span class='ocrx_word' id='word_1_150' title='bbox 837 4109 1041 4197; x_wconf 86' lang='lat' dir='ltr'><strong>procedendo</strong></span> <span class='ocrx_word' id='word_1_151' title='bbox 1083 4130 1197 4196; x_wconf 89' lang='lat' dir='ltr'><strong>parum</strong></span> <span class='ocrx_word' id='word_1_152' title='bbox 1230 4110 1265 4177; x_wconf 90' lang='lat' dir='ltr'><strong>in</strong></span> <span class='ocrx_word' id='word_1_153' title='bbox 1294 4110 1475 4197; x_wconf 88' lang='lat' dir='ltr'><strong>superiori</strong></span> 
     </span>
     <span class='ocr_line' id='line_1_21' title="bbox 326 4217 1472 4307; baseline 0.002 -22"><span class='ocrx_word' id='word_1_154' title='bbox 326 4227 419 4305; x_wconf 84' lang='lat' dir='ltr'><strong>parto</strong></span> <span class='ocrx_word' id='word_1_155' title='bbox 449 4219 545 4286; x_wconf 87' lang='lat' dir='ltr'><strong>vince</strong></span> <span class='ocrx_word' id='word_1_156' title='bbox 575 4220 706 4307; x_wconf 79' lang='lat' dir='ltr'><strong>Theryn</strong></span> <span class='ocrx_word' id='word_1_157' title='bbox 737 4217 847 4286; x_wconf 82' lang='lat' dir='ltr'><strong>Latini</strong></span> <span class='ocrx_word' id='word_1_158' title='bbox 878 4226 953 4286; x_wconf 89' lang='lat' dir='ltr'><strong>sunt</strong></span> <span class='ocrx_word' id='word_1_159' title='bbox 984 4219 1047 4285; x_wconf 87' lang='lat' dir='ltr'><strong>due</strong></span> <span class='ocrx_word' id='word_1_160' title='bbox 1078 4225 1184 4286; x_wconf 88' lang='lat' dir='ltr'><strong>terrae</strong></span> <span class='ocrx_word' id='word_1_161' title='bbox 1197 4224 1302 4304; x_wconf 87' lang='lat' dir='ltr'><strong>mete;</strong></span> <span class='ocrx_word' id='word_1_162' title='bbox 1325 4217 1412 4285; x_wconf 87' lang='lat' dir='ltr'><strong>item</strong></span> <span class='ocrx_word' id='word_1_163' title='bbox 1431 4219 1472 4287; x_wconf 87' lang='lat' dir='ltr'><strong>in</strong></span> 
     </span>
     <span class='ocr_line' id='line_1_22' title="bbox 327 4323 1473 4412; baseline 0.003 -20"><span class='ocrx_word' id='word_1_164' title='bbox 327 4333 436 4394; x_wconf 90' lang='lat' dir='ltr'><strong>monte</strong></span> <span class='ocrx_word' id='word_1_165' title='bbox 452 4326 507 4410; x_wconf 87' lang='lat' dir='ltr'><strong>qui</strong></span> <span class='ocrx_word' id='word_1_166' title='bbox 523 4325 641 4394; x_wconf 86' lang='lat' dir='ltr'><strong>dicitnr</strong></span> <span class='ocrx_word' id='word_1_167' title='bbox 655 4325 821 4412; x_wconf 84' lang='lat' dir='ltr'><strong>Keykmal</strong></span> <span class='ocrx_word' id='word_1_168' title='bbox 840 4333 916 4395; x_wconf 89' lang='lat' dir='ltr'><strong>sunt</strong></span> <span class='ocrx_word' id='word_1_169' title='bbox 931 4325 994 4394; x_wconf 88' lang='lat' dir='ltr'><strong>dne</strong></span> <span class='ocrx_word' id='word_1_170' title='bbox 1019 4332 1128 4392; x_wconf 85' lang='lat' dir='ltr'><strong>terrea</strong></span> <span class='ocrx_word' id='word_1_171' title='bbox 1157 4331 1260 4407; x_wconf 86' lang='lat' dir='ltr'><strong>mete;</strong></span> <span class='ocrx_word' id='word_1_172' title='bbox 1285 4323 1414 4392; x_wconf 87' lang='lat' dir='ltr'><strong>deinde</strong></span> <span class='ocrx_word' id='word_1_173' title='bbox 1433 4327 1473 4395; x_wconf 91' lang='lat' dir='ltr'><strong>in</strong></span> 
     </span>
     <span class='ocr_line' id='line_1_23' title="bbox 311 4425 1476 4518; baseline 0.004 -18"><span class='ocrx_word' id='word_1_174' title='bbox 311 4425 434 4500; x_wconf 71' lang='lat' dir='ltr'><strong>”monte</strong></span> <span class='ocrx_word' id='word_1_175' title='bbox 463 4433 715 4502; x_wconf 88' lang='lat' dir='ltr'><strong>Homorouteteu</strong></span> <span class='ocrx_word' id='word_1_176' title='bbox 747 4441 864 4503; x_wconf 86' lang='lat' dir='ltr'><strong>uocato</strong></span> <span class='ocrx_word' id='word_1_177' title='bbox 895 4441 972 4502; x_wconf 92' lang='lat' dir='ltr'><strong>sunt</strong></span> <span class='ocrx_word' id='word_1_178' title='bbox 989 4435 1053 4501; x_wconf 85' lang='lat' dir='ltr'><strong>dne</strong></span> <span class='ocrx_word' id='word_1_179' title='bbox 1068 4439 1173 4500; x_wconf 85' lang='lat' dir='ltr'><strong>terroe</strong></span> <span class='ocrx_word' id='word_1_180' title='bbox 1190 4439 1292 4514; x_wconf 89' lang='lat' dir='ltr'><strong>mete;</strong></span> <span class='ocrx_word' id='word_1_181' title='bbox 1317 4432 1476 4518; x_wconf 81' lang='lat' dir='ltr'><strong>posthae</strong></span> 
     </span>
     <span class='ocr_line' id='line_1_24' title="bbox 327 4537 1475 4624; baseline 0.006 -21"><span class='ocrx_word' id='word_1_182' title='bbox 327 4539 360 4606; x_wconf 90' lang='lat' dir='ltr'><strong>in</strong></span> <span class='ocrx_word' id='word_1_183' title='bbox 377 4537 556 4608; x_wconf 74' lang='lat' dir='ltr'><strong>Thetonion</strong></span> <span class='ocrx_word' id='word_1_184' title='bbox 581 4537 646 4608; x_wconf 88' lang='lat' dir='ltr'><strong>due</strong></span> <span class='ocrx_word' id='word_1_185' title='bbox 677 4546 782 4624; x_wconf 88' lang='lat' dir='ltr'><strong>mete;</strong></span> <span class='ocrx_word' id='word_1_186' title='bbox 806 4539 881 4608; x_wconf 91' lang='lat' dir='ltr'><strong>hino</strong></span> <span class='ocrx_word' id='word_1_187' title='bbox 914 4539 1107 4608; x_wconf 84' lang='lat' dir='ltr'><strong>declinando</strong></span> <span class='ocrx_word' id='word_1_188' title='bbox 1138 4559 1253 4608; x_wconf 88' lang='lat' dir='ltr'><strong>uersus</strong></span> <span class='ocrx_word' id='word_1_189' title='bbox 1286 4537 1475 4610; x_wconf 86' lang='lat' dir='ltr'><strong>meridiem</strong></span> 
     </span>
    </p>
   </div>
   <div class='ocr_carea' id='block_1_6' title="bbox 0 0 1572 5154">
    <p class='ocr_par' dir='ltr' id='par_1_7' title="bbox 0 0 1572 5154">
     <span class='ocr_line' id='line_1_25' title="bbox 0 0 1572 5154; baseline 0 0"><span class='ocrx_word' id='word_1_190' title='bbox 0 0 1572 5154; x_wconf 95' lang='lat' dir='ltr'><strong> </strong></span> 
     </span>
    </p>
   </div>
  </div>
 </body>
</html>
