3112 5154
813 249 976 352 Q

325 465 399 514 mnu
438 451 569 514 anctore
597 443 737 514 Domino
769 463 870 530 usqne
899 445 944 514 ad
976 444 1235 516 subelectionem
1266 449 1457 533 condignam

332 551 566 622 inuiolabiliter
581 552 758 622 observari.
779 553 902 620 Datum
919 558 955 621 nt
973 571 1083 639 supra.

435 660 484 726 In
525 658 709 729 cundem
746 659 913 726 modum
952 657 1117 728 Gumiti
1155 669 1198 730 ct
1236 661 1458 731 Communi

326 766 557 835 Ciuitatis
580 765 824 851 augurius

438 875 476 942 In
493 894 647 975 suprema
663 879 724 941 elo.
755 893 858 958 usque
888 871 1071 940 animarum
1096 879 1279 942 vestrarum
1311 875 1461 946 bonorifi-

325 981 470 1050 centiam
485 980 630 1051 debitum
661 980 869 1079 impendatis,
902 983 1038 1067 eiusque
1059 982 1246 1053 salubribus
1270 990 1335 1054 etc.
1366 1003 1461 1071 nsque

326 1089 513 1176 gaudeatis.
536 1091 655 1158 Datum
671 1095 707 1157 ut
723 1107 833 1176 supra.

434 1197 483 1264 In
507 1197 692 1266 cundem
716 1197 884 1266 modum
906 1194 1223 1282 suffragancis
1245 1197 1454 1268 Ecclesie

332 1301 573 1387 Raguuine.

440 1411 479 1478 ln
495 1431 649 1498 suprema
664 1415 724 1480 etc.
741 1431 845 1496 usqne
874 1410 994 1481 deuote
1024 1409 1085 1482 sibi
1102 1417 1258 1498 unquam
1278 1412 1462 1497 Metropoli·

334 1524 415 1586 tanc
431 1523 539 1586 vestro
570 1517 768 1604 impendatis
798 1518 1015 1587 obedientium
1043 1525 1105 1587 ote.
1137 1537 1240 1604 usquc
1268 1517 1464 1604 intendatis3

334 1627 381 1694 ita
395 1625 482 1710 quod
497 1633 609 1694 mutue
624 1623 772 1694 caritatis
788 1625 896 1694 studio
912 1626 1005 1694 uobis
1021 1631 1052 1694 et
1068 1625 1099 1694 ei
1114 1626 1251 1694 materia
1267 1627 1369 1694 libero
1392 1645 1465 1712 pro-

331 1731 486 1820 sperandi
502 1733 682 1822 proueniat,
699 1739 732 1800 et
746 1733 879 1800 tandem
895 1735 988 1818 penis
1003 1740 1114 1801 eterne
1129 1733 1282 1801 solatium
1303 1734 1465 1819 largiente

330 1839 471 1908 Domino
486 1840 673 1908 cumuletur.
713 1841 834 1906 Datum
851 1839 988 1924 Vitcubij
1007 1838 1108 1906 tercio
1135 1859 1239 1907 nonas
1270 1840 1466 1907 Decembris

334 1947 544 2016 Pontificatus
559 1948 662 2014 nosbi
678 1965 765 2014 anno
782 1946 896 2032 primo.

535 2143 669 2208 (Parisii,
687 2144 836 2208 Illyricum
855 2142 972 2196 Sacrum
989 2141 1038 2194 v1.
1052 2143 1112 2194 kbt.
1135 2145 1194 2194 113.
1207 2142 1238 2206 1.)

764 2427 1033 2439 -ι--υ-

864 2959 938 3026 151.

334 3163 515 3234 Gmturem
531 3147 800 3226 Jababbeteuczet
822 3157 902 3244 doqe
923 3157 1124 3244 fclezdllu'tju
1155 3157 1309 3224 Mecinus·
1338 3159 1476 3227 Markot

340 3271 458 3342 onamoa'
471 3267 588 3356 urcisci,
611 3269 694 3352 boqy
710 3285 788 3329 arou
803 3263 1065 3348 bereokcdilluck,
1082 3264 1136 3332 bul
1152 3288 1193 3329 ar
1208 3265 1371 3334 omeruiulr
1387 3269 1479 3333 duni

429 3401 451 3444 u
466 3385 617 3462 teuyerco
632 3372 872 3457 kdrosittuttulc,
890 3372 1042 3460 eloquetur
1058 3371 1270 3458 eozbbzoljou.
1286 3375 1386 3442 1276.

444 3569 554 3640 Nobili
584 3579 616 3638 et
641 3567 781 3653 sapienti
811 3567 882 3634 viro
907 3568 1016 3635 Marco
1032 3566 1182 3634 Michaeli
1198 3567 1317 3636 Gomiti
1339 3571 1479 3641 ubseri.

337 3680 479 3751 lacobus
495 3679 675 3745 Contereno
694 3677 756 3744 Dei
780 3673 888 3760 gratia
918 3673 1137 3763 venetiarum,
1169 3675 1336 3744 Dalmatio
1366 3685 1483 3762 atquc

335 3786 488 3858 Obroatie
503 3787 588 3873 Dux,
607 3783 764 3852 Dominus
780 3782 903 3860 Quarto
918 3783 1026 3850 Pariis
1041 3788 1074 3851 et
1089 3781 1231 3849 Dimidie
1246 3783 1351 3851 tocius
1361 3785 1484 3872 Impe-

334 3899 376 3964 rii
390 3893 557 3981 Romanie,
573 3893 676 3960 nobili
692 3899 725 3959 et
739 3890 883 3976 sapienti
907 3891 977 3958 viro
1009 3893 1118 3958 Marco
1149 3889 1301 3959 Michaeli
1333 3889 1376 3958 de
1408 3911 1483 3960 sno

337 4001 493 4070 mandato
524 4000 641 4068 (lomiti
674 3997 794 4066 Abseri
823 3997 912 4064 fideli
944 3997 1065 4064 dilecto
1082 3999 1220 4065 euntem
1237 4004 1269 4064 ct
1285 3997 1488 4067 dilectionis

337 4110 501 4178 affectum.
533 4109 608 4176 Non
640 4107 713 4175 sine
744 4106 900 4190 gravibus
932 4106 1072 4191 querelis
1103 4109 1286 4172 nostrorum
1325 4105 1490 4176 fidelium

336 4217 529 4285 Venetorum
562 4222 594 4282 et
609 4214 707 4283 ctiam
740 4213 878 4281 aliorum
896 4233 968 4281 cnm
985 4212 1083 4280 blado
1100 4211 1245 4280 Venutiis
1261 4213 1487 4284 uenientium

336 4345 440 4412 nuper
455 4318 636 4409 didicimus,
654 4321 741 4407 quod
756 4339 829 4388 enm
844 4321 909 4407 ipsi
925 4341 998 4388 cum
1014 4320 1082 4390 suis
1097 4319 1198 4405 lignis
1214 4319 1314 4389 blado
1329 4327 1363 4390 et
1389 4323 1484 4393 aliis

334 4429 587 4499 mercationibus
602 4429 743 4496 onerabo
761 4449 820 4515 per
834 4435 946 4515 partes
964 4429 1039 4497 illus
1051 4429 1237 4515 transirent,
1253 4435 1321 4496 tam
1332 4428 1483 4498 deltar-

335 4535 413 4604 ohia
429 4557 526 4622 quam
543 4537 584 4604 dc
600 4537 674 4606 aliis
687 4538 837 4623 partibus
853 4537 1038 4620 veniuntur,
1049 4536 1198 4606 homines
1214 4536 1327 4605 insule
1347 4537 1486 4618 Abseri
