3170 5166
573 316 732 418 *sob-

82 515 116 574 et
132 509 292 593 Magistro
324 511 467 595 Georgia
484 509 646 578 Canonico
678 506 782 592 ipsius
799 502 943 588 Capituli
958 499 1145 571 Jaurieusis
1162 500 1227 566 ho·-

82 615 227 682 minihus
244 615 326 683 teria
342 623 458 702 quarta
483 617 636 702 proxima
669 623 741 700 post
772 609 955 696 quindenas
987 608 1062 674 sesti
1093 607 1220 674 Pascbe

83 723 218 791 Domini
247 725 393 811 proxime
424 725 569 812 preteriti
600 725 644 792 ad
675 722 775 790 iacies
808 719 1048 807 possessionum
1074 716 1174 802 Belye
1191 723 1244 782 et·

84 833 175 900 Varo
201 841 389 900 vocatarum
406 831 440 898 in
471 833 633 901 (lumitate
658 829 848 898 Zaladiensi
879 825 968 914 apud
999 844 1116 892 manus
1146 839 1223 889 suas

85 939 271 1008 habitarum
303 941 365 1007 stb.
398 940 595 1023 accedendo,
627 937 757 1006 easdem
789 957 847 1022 per
863 954 958 1002 veras
978 953 1055 1000 snas
1071 937 1173 998 metas
1190 937 1223 995 ct

84 1047 239 1132 antiquas
255 1049 499 1134 reambulaudo,
519 1068 623 1116 nouas
639 1049 733 1114 iuxta
747 1052 874 1114 veteres
900 1042 1026 1126 erigere
1043 1042 1224 1124 voluisset;
1268 1040 1271 1057 '

86 1157 133 1222 ibi
147 1156 294 1224 Briccius
326 1157 479 1224 sacerdos
496 1159 529 1223 in
547 1175 688 1242 persona
704 1155 782 1221 dicti
799 1151 932 1239 Gyurkc
948 1149 1006 1235 filij
1025 1151 1183 1236 Demetrij
1201 1171 1236 1214 a.

89 1271 186 1347 parte
202 1265 421 1349 possessionis
438 1263 531 1346 Oud;
554 1267 631 1331 item
657 1262 823 1330 Jobennes
854 1261 939 1328 filius
971 1259 1060 1328 Petri
1087 1258 1226 1344 jobagio

86 1371 205 1438 Jacobi
236 1372 291 1456 filij
324 1372 446 1461 Belius,
471 1379 504 1439 et
520 1372 675 1439 Nicolaus
705 1369 792 1438 filius
824 1369 992 1436 Michaelis
1008 1366 1173 1434 deReche
1189 1365 1223 1432 in

86 1481 233 1566 personis
249 1481 422 1550 eorundem
434 1487 558 1567 apartc
569 1479 784 1566 possessionis
800 1477 907 1544 Reohe
924 1479 966 1544 ab
984 1475 1150 1543 cressione
1161 1492 1223 1539 me·

86 1593 193 1654 tarum
209 1585 353 1672 predicte
368 1587 585 1674 possessionis
601 1588 688 1652 Varo
704 1583 947 1672 prohibuissent
963 1584 1025 1652 stb.
1044 1581 1096 1667 (az
1111 1586 1225 1670 ekkbp

90 1695 290 1763 kelelkezett
307 1715 371 1781 per,
389 1696 550 1763 tbbbszbri
566 1694 766 1761 elbalasrtas
797 1698 875 1760 utau
910 1694 965 1758 »iu
997 1695 1123 1760 oetaeis
1155 1694 1237 1760 diei³

88 1803 243 1869 (linctum
262 1827 278 1862 ι
295 1801 556 1890 targyaltatvhn)
589 1809 766 1869 annotatus
782 1802 942 1869 Nicotaus
958 1801 1043 1868 filius
1059 1803 1145 1870 Petri
1163 1825 1224 1889 pro

88 1911 216 1997 prefato
232 1911 370 1979 Nicolao
386 1913 452 1979 filio
469 1911 630 1979 Jobanuis
645 1912 707 1976 stb.
725 1911 884 1994 quasdam
900 1911 1026 1979 litteras
1058 1913 1120 1979 stb.
1152 1931 1224 1996 pre·

89 2019 234 2086 tentarit
250 2021 311 2087 stb.
327 2018 452 2098 Quibus
467 2019 629 2103 perceptis
645 2015 731 2083 idem
756 2018 911 2086 Nicolaus
928 2017 968 2086 de
984 2019 1092 2086 Recbc
1109 2039 1166 2102 pro
1183 2037 1221 2085 se
1253 2037 1256 2044 ·

90 2125 307 2210 personaliter
332 2134 365 2194 et
394 2145 453 2210 pro
484 2124 557 2211 ipso
590 2124 715 2192 Jacobo
747 2125 907 2207 quasdam
939 2125 1068 2195 litteras
1101 2125 1223 2192 domiui

90 2232 239 2300 Ladislai
269 2232 347 2300 olim
378 2233 478 2318 Regis
508 2232 679 2316 Hungaric
719 2233 943 2316 priuilegialcs
975 2253 1059 2301 auno
1091 2232 1228 2301 Domini

92 2341 266 2407 millesimo
307 2340 529 2408 ducentesimo
569 2341 811 2426 septuagesimo
852 2344 977 2430 quinto,
1018 2349 1110 2410 se'xto
1150 2339 1241 2407 idus·

92 2447 223 2534 Agnsti,
254 2449 359 2532 Regni
375 2457 483 2516 autem
517 2447 568 2514 sui
584 2467 671 2513 anno
686 2449 787 2516 tercio
805 2459 975 2516 emanatas
990 2449 1083 2516 nobis
1099 2447 1228 2515 curauit
1243 2471 1246 2480 ⁴

92 2557 247 2624 exhibere
263 2556 482 2643 exprimentes
498 2555 675 2642 lateralia,
693 2557 780 2640 qnod
791 2556 877 2624 idem
888 2558 1037 2626 domiuus
1054 2555 1243 2625 Ladislaus·‘

96 2667 167 2732 Rex
198 2663 400 2752 Mycbaelem
418 2671 451 2731 et
467 2663 644 2748 Georgium
660 2663 745 2731 filios
765 2664 887 2732 Kamar
903 2665 944 2732 de
960 2665 1067 2732 Recbe
1077 2665 1232 2750 jobegio-

94 2791 155 2838 nes
172 2772 278 2839 castri
296 2771 512 2856 Zaladiensis‚
537 2770 613 2839 item
646 2770 764 2858 Pouch,
796 2771 937 2858 Beuohe‚
970 2772 1176 2842 Dominicum
1195 2783 1243 2844 et·

91 2879 218 2967 Sykem
234 2879 317 2946 filios
332 2877 476 2964 Sykem;
494 2877 664 2964 Kumpem,
680 2877 849 2945 Nicolaum
866 2878 971 2945 lilium
982 2877 1105 2965 Mykou
1121 2918 1166 2930 —
1182 2914 1227 2930 -—

95 3025 140 3036 -
158 3007 212 3056 um
228 2987 386 3072 Demetrij
406 3025 446 3036 -
466 3026 504 3038 -
524 3021 569 3036 -
585 3026 625 3039 -
643 2985 814 3054 Michaelis
831 2995 864 3054 et
880 2986 1023 3074 Georgii,
1040 3007 1080 3054 ac
1115 3007 1224 3054 eorum

91 3093 241 3180 heredes,
274 3094 494 3180 heredumque
510 3113 640 3162 suorum
657 3114 859 3164 successores
876 3095 975 3164 simul
992 3115 1063 3164 cum
1080 3094 1232 3181 predicta

90 3210 184 3270 terra
198 3201 342 3286 ipsorum
358 3200 468 3269 Reche
482 3208 613 3288 vocata,
628 3221 726 3287 quam
735 3203 769 3270 iu
778 3203 1002 3271 concambium
1019 3209 1102 3270 terro
1117 3221 1242 3270 eornm·

92 3309 292 3378 hereditarie
323 3307 446 3376 Komar
476 3317 603 3396 vocate,
634 3329 693 3394 per
724 3309 889 3378 dominum
916 3311 1030 3378 Belam
1047 3311 1169 3396 Regem
1182 3309 1245 3378 eis·

93 3418 174 3486 date
189 3415 382 3486 habuissent
397 3437 456 3503 pro
471 3415 623 3485 fidelibus
642 3417 789 3506 seruicijs
806 3419 981 3486 eorundem
1013 3415 1181 3485 Michaelis
1197 3423 1230 3486 et

92 3523 229 3610 Georgij
246 3523 288 3592 de
296 3523 515 3610 jobagiouatu
531 3523 609 3592 dicti
626 3523 733 3593 (lastri
743 3527 936 3610 exemisset;
953 3531 985 3594 et
1001 3525 1035 3594 iu
1051 3545 1233 3610 nnmerum,

92 3642 204 3702 cetum
219 3640 252 3699 et
266 3632 468 3702 consorcium
492 3631 710 3700 seruiencium
739 3633 914 3721 Regalinm
946 3633 1095 3702 duxisset
1126 3639 1246 3704 trans·

93 3738 251 3808 ferendos
281 3741 342 3808 stb.
360 3739 481 3807 Datum
496 3740 530 3807 iu
549 3741 736 3828 Vyssegrad
762 3742 886 3812 decimo
903 3742 957 3811 dis
972 3741 1102 3810 termini
1117 3761 1249 3828 premo>

93 3847 159 3915 tati
200 3869 289 3918 anuo
330 3846 464 3916 Domini
504 3847 672 3918 millesimo
720 3851 945 3919 trecentesimo
988 3852 1248 3937 septuagesimo

92 3957 223 4040 quinto.

319 4155 463 4216 (Mredetie
483 4171 500 4209 a
512 4157 598 4209 budai
610 4157 664 4210 kir.
678 4159 809 4213 kamarai
821 4159 1019 4227 1eveltarban.)

534 4448 803 4462 w
