3068 5150
592 925 667 992 290.

73 1124 244 1191 Aourua'ra'
259 1125 489 1211 repuerascat
504 1125 781 1210 bizonyacipleecle,
807 1125 889 1212 kopp
905 1125 1142 1214 Heroiaipflai
1158 1133 1191 1197 da

72 1231 185 1344 Ratold
199 1234 357 1320 Hemoda,
374 1234 494 1322 Heron,
525 1235 683 1320 Bourenyd
698 1235 730 1300 oa
747 1232 872 1298 Kotted
888 1221 1097 1322 hclyssdpeikeu
1112 1257 1191 1322 mep-

450 1343 681 1411 oaatoaloodtale.
702 1341 798 1407 1281.

122 1537 219 1598 fflaaai
236 1538 413 1606 Okmdnytdr
430 1542 452 1592 Ι.
471 1541 531 1593 ket.
551 1543 594 1593 rt.
614 1541 655 1608 l.;
687 1541 791 1594 Bdmer
810 1541 903 1593 steria
922 1539 1125 1606 klizlemenya.)

590 2363 666 2434 291.

73 2561 194 2652 dsdpa'
217 2566 409 2631 torvaisel
439 2565 717 2652 biaouyrdpleoelo,
749 2567 832 2653 luopp
848 2567 935 2632 chlt
950 2568 1189 2654 accuratae‘pbcla‘

73 2672 222 2740 Morcholi
241 2673 337 2742 Tibou·
351 2674 530 2740 chhtelalee
545 2673 732 2759 helyae'pbeu
748 2675 876 2761 oejeoolt
894 2673 1052 2742 Haraaatr'
1065 2671 1188 2742 Simou-

238 2783 305 2847 nak
322 2781 475 2868 biaoayoa
491 2781 677 2847 birtokrdsat
692 2782 883 2868 aucupentur.
908 2783 1007 2850 1281.

168 2978 236 3045 Nos
251 2977 427 3046 Ladizlaus
443 2977 631 3062 Propositus
641 2985 674 3044 et
690 2979 875 3048 conuentus
890 2979 1039 3045 Fratrum
1055 2973 1188 3044 Ordinis

74 3083 412 3153 Premonstratensium
428 3085 468 3153 de
483 3085 573 3172 Saag
587 3086 807 3171 significamus
832 3085 994 3156 rniuersis
1018 3093 1086 3153 tam
1116 3106 1188 3170 pro-

74 3191 206 3262 seutilrus
237 3215 334 3278 quam
364 3195 481 3263 futuris
507 3203 676 3281 presentes
695 3195 820 3263 litteras
839 3194 1032 3280 inspecturis
1048 3195 1188 3261 salntem

75 3297 102 3364 in
116 3301 258 3369 Domino.
280 3303 508 3372 Vniuersorum
534 3303 653 3372 notioie
681 3305 795 3372 harum
820 3303 903 3370 serie
935 3302 1190 3389 declararamus,

75 3409 151 3488 quod
178 3411 360 3496 'l‘ybnrcius
392 3412 435 3480 de
464 3412 609 3480 Morclnol
641 3411 683 3479 de
708 3433 825 3498 genere
850 3411 930 3497 Zah,
957 3416 990 3480 et
1005 3411 1190 3498 Stephanus

74 3515 149 3584 lilius
167 3519 310 3588 eiusdem
342 3520 558 3606 personaliter
589 3539 697 3588 eoram
728 3520 822 3586 nohis
855 3515 1021 3587 constituti
1052 3519 1191 3606 professi

74 3631 141 3690 sunt
169 3627 244 3695 uina
275 3647 364 3715 uooe,
396 3629 482 3712 quod
497 3628 661 3714 quandam
680 3630 874 3716 particulam
895 3635 979 3696 terre
995 3627 1190 3713 Zahtelcqui

73 3735 233 3803 rucatensi
258 3757 356 3804 rnum
387 3745 532 3804 aratrum
565 3755 637 3805 oum
669 3736 900 3824 superfluitate,
930 3757 992 3820 que
1024 3743 1074 3804 est
1104 3737 1191 3803 iutra

74 3847 167 3909 metas
194 3845 323 3914 inclusa
353 3867 456 3914 nouas
486 3853 519 3914 et
543 3846 705 3932 antiquas,
737 3846 899 3931 dederint,
930 3843 1124 3912 donauerint
1155 3852 1189 3912 et

73 3949 254 4021 tradiderint
270 3953 405 4041 Symoni
422 3953 462 4020 de
477 3954 623 4041 Harasty
638 3975 758 4040 genero
774 3955 929 4041 ipsorum,
945 3973 985 4020 ac
1001 3951 1100 4038 Gurg
1130 3971 1189 4020 sue

74 4051 143 4141 filie,
159 4067 188 4126 et
204 4063 274 4129 suis
305 4061 479 4131 heredibus
494 4061 715 4148 heredumque
731 4061 971 4130 successoribus
987 4067 1141 4147 perpetue
1157 4068 1189 4128 et

72 4163 323 4236 inreuooabiliter
337 4169 576 4256 possidendam.
593 4169 700 4249 Quam
716 4169 847 4255 quidem
859 4169 977 4236 dictam
994 4167 1189 4254 particulam

74 4279 150 4342 terre
163 4298 231 4345 cum
248 4299 309 4346 sua
325 4278 551 4364 superfluitate
566 4279 735 4347 Hallomas
751 4277 792 4346 de
807 4277 937 4362 Surauy
955 4276 1050 4344 homo
1066 4275 1191 4343 domini

74 4383 162 4468 Regis
175 4390 234 4455 sub
249 4385 432 4455 testimonio
447 4395 555 4455 nostro
571 4408 630 4474 per
639 4385 808 4455 circuitum
824 4385 970 4470 undique
986 4385 1192 4472 presentibus

74 4496 292 4564 eommotaneis
324 4502 356 4562 et
386 4495 502 4563 uicinis
544 4497 640 4566 certis
682 4494 777 4562 metis
809 4493 903 4562 nouis
931 4494 1023 4560 iuxta
1064 4499 1192 4560 ueteres

73 4601 223 4694 erigendo,
239 4610 337 4692 prout
351 4605 451 4692 ijdern
467 4605 562 4673 homo
578 4603 700 4672 domini
719 4601 818 4686 Regis
834 4609 868 4670 et
884 4609 993 4672 noster
1013 4600 1192 4670 retulerunt
