3170 5166
146 1157 198 1227 As
213 1159 399 1248 &peuri
409 1156 634 1245 triptolemeo
648 1154 923 1244 biceoysctpleoele,
933 1158 1015 1244 bopp
1030 1156 1161 1244 mecon,
1177 1155 1273 1222 Potes·

145 1270 311 1338 comeonsis
320 1267 373 1350 fio
396 1266 519 1354 Uqroez
534 1263 685 1331 odrdeok
710 1263 842 1330 cladsco
866 1264 945 1330 allen
970 1267 1059 1331 cedet
1082 1273 1147 1328 ceo.
1170 1261 1270 1327 1299.

255 1464 322 1532 Nos
361 1460 546 1548 capitulum
569 1459 712 1528 Ecclesie
734 1457 970 1543 strigoniensis
995 1457 1109 1528 demus
1134 1479 1192 1546 pro
1208 1477 1273 1524 me·

147 1574 267 1661 moris,
281 1570 369 1656 qnod
391 1569 548 1637 Nicolous
570 1568 657 1636 filins
688 1566 822 1636 conius
845 1568 934 1636 Petri
950 1566 1012 1650 lilij¹
1028 1567 1116 1636 Boas
1140 1565 1182 1634 dc
1204 1567 1273 1652 llly-

148 1683 232 1750 kole
254 1679 298 1748 od
314 1685 459 1746 nonnam
474 1676 689 1763 personaliter
704 1674 864 1746 accedens
880 1675 1083 1761 presenciam
1105 1695 1169 1744 see
1180 1675 1273 1744 nobis

148 1787 387 1878 protestseionc
403 1783 646 1870 etqnerimonlu
660 1784 790 1870 puplice
805 1784 1049 1868 demonstrauit,
1066 1783 1153 1868 quon
1168 1783 1273 1867 Megi-

147 1903 216 1964 ster
229 1895 383 1964 Mathone
399 1891 568 1962 Palatinus
581 1892 666 1960 lilius
682 1927 725 1942 ·-
741 1925 785 1942 -
802 1891 995 1978 -primum
1012 1891 1274 1976 prenominatum

148 2000 308 2071 Comitem
323 2003 452 2069 Petmm
469 2007 594 2086 petrem
617 2019 712 2067 suum
728 1997 771 2066 ed
795 1999 999 2067 condendum
1031 1999 1093 2066 sibi
1125 1997 1274 2066 Castrum

149 2129 261 2178 eorum
283 2107 416 2194 Vgroglr
447 2114 607 2193 nocetum,
639 2107 737 2174 simul
767 2126 840 2174 oum
855 2105 1115 2193 possessionibus
1128 2107 1173 2173 ed
1188 2107 1275 2176 idem

149 2217 298 2286 Quum
321 2215 562 2303 pcrtinentibus
584 2213 747 2282 uniuersis
776 2214 810 2282 in
842 2213 1005 2282 (tenuitate
1028 2214 1070 2282 de
1100 2215 1276 2301 'l'ryuclren

149 2323 373 2410 existentibus,
405 2329 437 2392 ct
450 2343 537 2390 nnnc
552 2323 659 2409 ipsum
674 2322 855 2406 Nicolaum,
874 2328 910 2390 vt
928 2321 1106 2406 precedens
1129 2319 1277 2390 vendicio

147 2432 201 2500 sui
217 2429 321 2518 putris
337 2449 395 2516 per
410 2431 516 2517 ipsios
532 2429 766 2498 contessionem
786 2430 1037 2513 subsequentem
1062 2431 1175 2498 melori
1206 2432 1278 2498 sub·

149 2539 232 2606 nixo
254 2537 407 2607 medetur
429 2537 593 2624 firmitate,
616 2537 713 2604 minis
738 2543 772 2604 et
787 2537 974 2624 terroribus,
990 2557 1054 2622 qne
1070 2539 1189 2608 cedere
1203 2558 1278 2624 pos·

151 2655 226 2715 sent
257 2645 291 2712 in
307 2651 518 2730 constantem,
547 2646 727 2729 coegisset3
751 2651 784 2712 ct
813 2651 880 2712 tem
910 2644 996 2712 idem
1021 2645 1177 2716 Nicolaus
1192 2668 1279 2714 nune

151 2753 197 2820 ao
219 2771 364 2839 presens,
389 2773 487 2836 quem
509 2753 673 2840 predictus
697 2753 813 2821 comm
834 2754 953 2820 Petrus
984 2756 1182 2838 protensius,
1215 2756 1279 2840 pri·

149 2879 238 2926 mem
276 2857 465 2928 huiusmodi
506 2858 602 2927 minis
627 2865 659 2927 et
680 2867 769 2928 metu
814 2857 926 2926 mortis
963 2877 1022 2945 per
1053 2859 1189 2928 eundem
1212 2862 1279 2928 Me·

148 2967 262 3034 tbonm
286 2965 471 3035 Polotlnnm
494 2967 598 3036 coeoti
622 2967 796 3053 premissos
827 2967 1052 3053 possessiones
1076 2973 1109 3034 et
1131 2966 1278 3036 (lustrum

151 3071 342 3143 vendidisse
364 3073 502 3142 tuissent
526 3073 669 3144 confessi
685 3082 719 3142 et
734 3074 837 3143 eciem
852 3074 1080 3156 confiteantur3
1102 3073 1180 3142 licet
1195 3073 1280 3146 elles

154 3181 357 3250 nullomodo
379 3180 518 3250 inissent
539 3179 714 3250 venditori.
736 3180 831 3250 Vnde
850 3181 1092 3266 prenominatus
1115 3181 1281 3269 Nicotaus,

153 3307 197 3354 ne
219 3287 323 3375 ipsius
339 3295 373 3356 et
402 3287 505 3376 petris
536 3288 588 3358 sui
626 3287 747 3374 presoli
762 3289 812 3356 ius
850 3295 883 3355 et
905 3287 1038 3356 iusticie
1056 3289 1116 3356 sub
1138 3288 1279 3358 silencio

146 3394 257 3481 possit
278 3395 425 3482 oeultsri,
449 3415 549 3482 super
570 3394 755 3465 huiusmodi
792 3416 854 3464 seo
882 3395 1120 3482 protestccionc
1150 3403 1280 3464 nostres

146 3503 279 3571 litteren
300 3509 466 3590 presentes
482 3503 612 3573 onobls
628 3505 709 3591 petit
724 3503 787 3574 sibi
808 3501 893 3573 deri.
918 3503 1040 3571 Datum
1062 3503 1145 3572 ferie
1161 3511 1280 3588 onemo

147 3609 301 3696 proxime
337 3617 412 3696 post
435 3610 616 3696 quindenos
646 3612 876 3680 Penthccostes
906 3631 993 3679 enno
1008 3611 1140 3680 Domini
1163 3611 1283 3680 lll⁰OC⁰

146 3719 361 3802 nonagesimo
380 3718 529 3805 septime.

147 3913 202 3976 (ss
222 3918 393 3984 esztergsmi
412 3917 604 3984 ktptslsnnelr
625 3923 703 3972 1344.
724 3917 771 3970 »ln
790 3917 889 3987 vigilis
908 3917 989 3971 Beati
1009 3917 1158 3983 Leurencij
1185 3919 1283 3972 merci·

145 4005 206 4056 ris«
229 4005 374 4062 »Androm
392 4007 425 4060 de
444 4007 570 4062 Mitule«
590 4008 717 4061 kertsbre
735 4009 847 4060 hodotl
865 4007 1037 4074 stirstsb615
1068 4024 1086 4059 s
1113 4009 1199 4061 budei
1230 4009 1283 4062 ru.

548 4099 675 4150 kamerel
694 4098 888 4163 leutlttrbsn.)

585 4381 853 4402 ψ·-
