3068 5150
539 309 701 410 Q

69 505 213 592 expedire
227 507 367 594 proprijs
383 507 552 576 laboribus
568 513 600 574 et
615 506 776 592 expensis.
802 504 839 574 ln
859 507 952 574 cuius
968 525 1026 592 roy
1043 504 1185 574 testimo·

68 615 145 680 oium
161 616 204 682 ad
220 613 411 682 instanciam
429 615 574 700 parcium
586 621 751 700 presentes
763 614 960 682 contulimus
969 612 1073 698 sigilli
1085 613 1184 682 nostri

69 730 137 808 post
151 725 283 808 plagam
299 725 511 792 Tartarorum
529 723 670 791 secundo
685 707 833 791 renouati
854 723 1031 790 munimine
1056 721 1186 790 robora-

68 841 121 898 las.
159 831 367 900 Presentibus
406 838 514 898 tameo
552 831 708 915 Magistro
746 831 843 898 Haab
875 830 1054 917 Proposito,
1086 829 1186 896 Saule

67 938 201 1024 Leniore,
219 937 344 1025 Mykov
361 937 511 1025 Custode,
544 939 653 1006 Marco
670 939 710 1004 de
726 939 841 1022 Patba,
873 939 974 1006 Panlo
992 937 1034 1004 de
1050 939 1185 1020 Borsra,

67 1047 197 1113 llartiuo
215 1047 256 1114 dc
272 1046 425 1133 Zubolcb,
450 1047 630 1114 Laureuoio
647 1045 688 1112 de
704 1046 851 1134 Zemlyn,
883 1047 1025 1132 Symone
1041 1045 1081 1111 do
1099 1045 1184 1128 Vng,

69 1155 247 1222 Beernardo
263 1155 304 1222 de
329 1156 453 1241 Kemey
484 1153 738 1240 Arouidiacmis,
770 1164 802 1220 et
833 1154 907 1224 aliis
938 1155 1066 1240 multis,
1098 1174 1184 1220 annu

68 1262 185 1329 Domini
203 1262 322 1330 81000ΰ
339 1262 557 1346 octuagesimo
573 1269 699 1347 quarto.
724 1263 895 1349 Regumte
913 1261 1044 1330 Andrea
1062 1260 1184 1330 illustri

67 1373 146 1455 Rege
161 1369 343 1455 Huugauie,
374 1369 566 1438 Lodomerio
582 1369 807 1456 Strigouiensi,
839 1369 990 1438 lobanue
1015 1369 1185 1438 (tolosensi

66 1477 336 1564 Archiepisuopis;
361 1463 493 1562 domino
510 1483 618 1547 nostro
634 1478 814 1547 venerabili
833 1488 924 1564 patre
948 1478 1078 1571 Andreae
1108 1477 1184 1566 Epi·

66 1607 154 1672 scopo
170 1585 325 1671 Agriensi
342 1585 561 1654 existentibus.

369 1694 397 1759 Α
613 1693 639 1760 Β
855 1694 882 1760 G

67 1893 196 1950 [Eredetie
216 1893 401 1972 bdrha'rtydu,
435 1893 595 1943 zeid-vdrds
615 1893 851 1957 selyemzsinbrou
874 1893 961 1959 iiiggb'
980 1893 1076 1958 pacarit
1094 1894 1184 1956 alatt;

343 1999 360 2035 a
380 1983 464 2034 budai
484 1985 538 2035 kir.
557 1985 682 2036 kamarai
702 1984 897 2046 leveltatrbau.)

584 2811 659 2879 att.

66 3011 233 3080 Acdrudi
252 3014 483 3102 lcdptalormalc
509 3011 789 3100 htmnpaupcvete,
817 3013 900 3098 luopy
929 3009 1047 3076 Ttotdi
1077 3007 1186 3076 Attea

65 3143 154 3186 eomer
170 3125 202 3188 ts
211 3123 293 3206 fiai,
321 3146 336 3187 s
356 3119 535 3186 ostenaet
545 3121 613 3203 fiai
631 3117 740 3205 Cbeby
756 3119 879 3207 bdyatp
895 3120 1076 3186 baldroira
1091 3123 1183 3183 oeteo

274 3327 278 3337 Ι
323 3227 561 3312 bordtsdposoo
580 3227 792 3314 epyeakadtala.
817 3227 916 3291 1284.

161 3425 227 3492 Nos
259 3423 445 3509 Capitulum
463 3421 687 3492 waradiensis
706 3421 850 3490 Ecclesia
866 3421 1009 3490 nemoric
1025 3439 1186 3490 commen·

66 3531 172 3600 dautes
187 3531 409 3618 significamus
424 3531 588 3600 uniuersis
605 3531 724 3616 quibus
741 3528 874 3616 expedit
893 3529 1096 3616 presencium
1128 3550 1187 3616 per

65 3647 206 3726 tenorem,
221 3639 308 3724 qnod
324 3638 518 3708 accedentes
533 3637 578 3709 ad
588 3646 733 3706 nostram
749 3637 952 3723 presenciam
968 3635 1185 3724 personaliter

65 3747 206 3816 sibertus
237 3747 352 3816 Comes
383 3747 424 3815 de
455 3747 574 3834 Tbold,
607 3745 765 3831 Georgius
799 3742 859 3834 (et)
890 3746 1044 3830 Magister
1060 3744 1188 3811 Buchor

64 3855 112 3940 fllij
130 3856 274 3926 eiusdem
293 3877 332 3924 ex
348 3877 413 3923 vna
432 3864 542 3941 parte,
568 3853 664 3943 Gyok
681 3853 744 3944 (et)
770 3853 884 3921 Petrus
914 3853 971 3938 filij
1005 3851 1127 3919 Vrbani
1144 3871 1184 3918 ex

65 3964 179 4050 altera,
201 3963 338 4052 predicti
355 3965 508 4032 ulbertus
525 3963 649 4048 Comes,
675 3961 846 4049 Georgius,
872 3963 1028 4047 Magister
1053 3958 1184 4027 Bucbon

65 4089 164 4138 coram
179 4072 272 4140 nobis
289 4072 454 4142 constituti
472 4073 549 4140 uiua
565 4091 646 4140 uoce
676 4079 753 4140 sunt
784 4069 935 4157 ooulesai,
968 4068 1055 4153 quod
1086 4087 1186 4154 super

65 4177 141 4248 laeto
165 4191 196 4248 et
219 4181 441 4250 altercatione
470 4187 555 4248 terre
571 4179 700 4282 *Obeby
731 4179 895 4247 nominate
927 4184 1060 4264 propter
1091 4177 1183 4263 pacis

64 4287 182 4375 bonum,
198 4290 342 4356 roanimi
359 4289 505 4374 parcium
531 4289 698 4357 voluntate
713 4295 746 4355 et
776 4305 938 4356 consensu
971 4305 1043 4352 oum
1074 4303 1185 4372 supra·

65 4393 151 4462 dictis
181 4396 279 4487 Gyolr
311 4403 343 4465 et
358 4399 455 4465 Petro
471 4398 579 4466 taliter
595 4397 846 4467 concordassent
864 4420 871 4461 :
889 4394 975 4479 quod
992 4395 1096 4480 ipsam
1113 4415 1187 4483 pre·

66 4501 176 4571 dietam
191 4513 309 4574 terram
325 4506 372 4574 sic
388 4506 593 4574 terminatam
610 4512 641 4573 et
657 4505 839 4592 limitatam,
856 4510 890 4570 vt
919 4502 1053 4570 interius
1083 4503 1185 4587 expli·

69 4613 193 4704 cabitur,
207 4613 383 4703 sepedictis
401 4613 497 4701 Gyok
514 4622 546 4682 et
564 4615 657 4681 Petro
683 4611 827 4702 pacifice,
845 4617 969 4678 remota
988 4609 1074 4678 omni
1105 4631 1182 4696 que·
