3096 5160
813 965 888 1035 390.

286 1168 431 1238 cnudo
461 1168 674 1254 kirddyndnolc
706 1166 839 1234 Omereo
870 1165 1021 1254 lelysc'qct
1047 1169 1206 1254 tdrqyuzd
1230 1166 1405 1250 adotndnyo

460 1275 562 1344 Jduos
577 1298 690 1356 comes,
708 1274 861 1360 Sydonolc
878 1275 932 1358 fla
947 1276 1104 1342 sadosdsn.
1137 1275 1236 1340 1288.

393 1469 601 1558 (llllyuabeth
612 1469 673 1536 Dei
683 1470 795 1553 gracia
810 1472 937 1556 Regina
954 1469 1099 1556 Vugarie
1117 1467 1277 1536 uniuersis
1295 1464 1408 1534 Christi

285 1577 435 1647 fidelibus
459 1597 594 1664 presens
623 1577 778 1662 scriptum
815 1579 1008 1666 inspecturis
1039 1577 1178 1645 salutem
1209 1576 1244 1641 in
1276 1576 1408 1643 omnium

285 1685 457 1754 saluatore.
488 1685 644 1752 Fidelitas
676 1692 709 1753 et
740 1685 856 1754 merita
882 1685 1101 1754 subiectorum
1132 1682 1176 1751 ad
1195 1683 1409 1770 ampliandam

285 1797 443 1879 Regalem
482 1793 628 1878 graciam
659 1793 692 1860 in
725 1793 868 1861 subditis
912 1792 1146 1860 Celsitudinem
1187 1792 1326 1876 Regiam
1354 1809 1410 1856 non

286 1901 435 1972 inmerito
466 1899 632 1970 attrahunt
662 1909 695 1968 et
725 1899 876 1990 inuitant,
908 1907 944 1969 ut
972 1903 1034 1968 hoc
1065 1900 1214 1988 exemplo
1239 1899 1351 1966 fideles
1369 1895 1406 1964 ad

285 2008 477 2096 inquirende
494 2005 580 2098 (igy)
598 2009 708 2094 gracie
726 2007 937 2092 cupiditatem
953 2008 1054 2074 multo
1079 2007 1199 2076 lorcins
1231 2004 1408 2075 accendan-

289 2125 349 2186 tur.
379 2115 520 2184 Proinde
551 2115 593 2182 ad
609 2115 836 2184 uniuersorum
854 2116 1008 2183 noticiam
1024 2125 1091 2182 tam
1108 2114 1307 2202 presencium
1326 2133 1413 2198 qnam

290 2225 468 2293 futurorum
485 2223 598 2292 herum
615 2224 703 2291 serie
719 2225 868 2293 volumus
884 2223 1068 2311 peruenire,
1089 2221 1176 2308 quod
1207 2244 1279 2290 oum
1310 2222 1416 2287 eomes

290 2335 459 2402 lohannes
489 2331 575 2400 lilius
608 2329 696 2420 Sydo
727 2331 836 2401 tidelis
868 2339 976 2401 noster
1008 2331 1138 2399 domino
1157 2329 1326 2416 Stephano
1340 2327 1416 2410 Regi

291 2459 403 2509 socero
443 2446 553 2506 nostro
592 2438 768 2508 karissimo
809 2440 918 2508 inclite
949 2437 1198 2523 recordacionis,
1229 2443 1262 2503 et
1293 2436 1416 2503 domino

291 2545 445 2614 Ledizlao
485 2547 603 2616 illustri
637 2547 721 2632 Regi
751 2548 894 2633 Vngarie
926 2545 1066 2615 consorti
1112 2553 1223 2612 nostro
1249 2543 1420 2630 predilecto

293 2677 332 2722 ac
349 2657 442 2725 nobis
458 2654 598 2742 demum,
615 2655 733 2722 eximie
749 2655 916 2723 fidelitatis
933 2675 1043 2742 opere,
1062 2653 1242 2720 meritoria
1274 2651 1423 2736 obsequia

291 2772 325 2832 et
338 2763 545 2833 fidelissimos
569 2763 742 2832 famulatus
757 2763 792 2830 in
813 2763 953 2832 diuersis
968 2759 1248 2848 expediciouibus,
1272 2757 1420 2827 articulis,

294 2881 326 2941 et
341 2873 486 2961 negocijs
501 2871 622 2958 Regui3
648 2873 790 2940 maxime
806 2879 840 2939 et
855 2871 1041 2958 specialiter
1073 2871 1106 2938 iu
1140 2869 1305 2956 conflictu,
1334 2885 1422 2954 quem

294 2983 380 3050 idem
412 2981 561 3050 dominus
578 2987 687 3048 noster
708 2981 777 3047 Rex
792 2980 935 3048 habebat
951 2987 1067 3050 onuba
1081 2976 1254 3066 perfidiam
1272 2975 1422 3044 Cumano·

294 3111 364 3157 rum
382 3089 486 3177 ipsum
502 3086 644 3156 indebite
675 3088 953 3174 persequendum,
984 3095 1016 3154 et
1047 3087 1107 3154 sub
1138 3092 1245 3154 castro
1276 3081 1421 3152 Bacurku

208 3253 215 3260 .
297 3203 381 3284 tunc,
417 3215 490 3263 eum
521 3195 661 3265 eundem
693 3197 876 3282 expugnari
893 3195 1093 3280 fecissemus,
1107 3194 1191 3262 ictus
1207 3193 1378 3291 missilium
1394 3195 1423 3256 ei

296 3304 552 3392 iactuslapidum
564 3327 628 3372 non
646 3303 836 3391 formidans,
854 3304 982 3372 fortune
998 3304 1133 3373 casibus
1149 3323 1185 3370 se
1200 3297 1423 3379 submittendo,

295 3413 391 3482 nobis
406 3420 438 3480 st
453 3413 599 3481 omnibns
615 3413 801 3480 Beronibus
818 3411 947 3480 nostris
963 3411 1168 3480 cernentibus
1198 3410 1305 3478 wluus
1335 3404 1427 3473 letale

299 3509 334 3587 in
350 3540 385 3588 su
400 3521 571 3607 recipiens,
587 3540 646 3606 pro
663 3519 823 3587 fidelitate
839 3520 942 3604 Regio
957 3520 1082 3588 Corone
1098 3519 1211 3586 debita
1226 3513 1427 3584 laudabiliter

301 3629 533 3715 impendisset3
562 3629 595 3696 in
630 3627 972 3714 recompensacionem
1004 3625 1216 3696 seruiciorum
1246 3643 1374 3692 suorum
1402 3625 1430 3685 et

299 3737 492 3804 fidelitatum
508 3756 549 3804 ac
564 3735 658 3804 effusi
677 3737 812 3820 cruoris,
828 3735 995 3820 quandam
1014 3743 1135 3803 terram
1166 3740 1311 3802 nostram
1342 3726 1429 3812 Regi·

300 3845 406 3912 nalem
438 3846 575 3912 Omerse
607 3831 763 3912 vocatam
799 3844 833 3910 iu
865 3845 1027 3912 Comitatu
1063 3839 1216 3910 Tolnensi
1248 3841 1430 3907 existentem

299 3949 398 4038 pecijt
414 3971 435 4016 a
451 3950 544 4018 nobis
560 3951 624 4017 sibi
641 3949 727 4018 dari.
744 3951 866 4018 Verum
885 3955 968 4036 qnia
984 3951 1024 4017 de
1034 3950 1192 4034 qualitate
1210 3952 1242 4014 et
1258 3945 1432 4032 quantitate

302 4060 445 4126 ciusdem
478 4067 561 4156 terro
593 4059 690 4126 nobis
729 4059 857 4126 ueritas
891 4057 935 4124 ad
961 4059 1091 4144 plenum
1109 4077 1172 4122 non
1190 4057 1370 4138 constabat,
1384 4069 1436 4116 neo

303 4170 461 4236 nollemus
479 4174 590 4235 nostre
614 4166 812 4234 donacionis
844 4167 956 4234 titulos
987 4165 1165 4248 vacillare3
1189 4163 1235 4229 ad
1265 4161 1437 4247 pleniorum

302 4275 453 4344 noticiam
495 4275 642 4344 eiusdem
691 4285 773 4341 terre
814 4273 996 4361 perfeceins
1028 4281 1060 4340 et
1092 4273 1222 4339 uberius
1262 4265 1437 4336 habendam

304 4383 452 4451 fidelibus
470 4385 588 4453 nostris
606 4383 755 4468 Capitulo
772 4381 908 4450 Albensi
927 4379 1077 4448 dedimus
1109 4379 1143 4445 in
1174 4377 1349 4446 mandatis.
1378 4371 1433 4451 Qui

305 4493 398 4558 nobis
429 4493 534 4558 tocius
566 4498 650 4556 terre
676 4491 869 4573 qualitatem
888 4496 920 4556 et
935 4487 1153 4572 quantitatem
1169 4487 1204 4553 iu
1220 4485 1289 4554 suis
1305 4484 1422 4565 rescrip

307 4611 420 4668 serunt
433 4596 550 4667 litteris
566 4599 600 4665 in
616 4596 675 4664 heo
697 4598 797 4665 uerba
813 4623 820 4665 :
