3068 5150
580 255 739 362 ...32⁹-

93 457 138 525 itc
152 456 295 526 debeant
324 455 447 526 hebere
462 456 545 526 duos
569 459 687 544 socios,
703 457 759 543 qui
775 454 840 524 siut
855 455 982 544 Veneti,
998 455 1136 526 cuilibet
1144 477 1219 544 quo·

93 586 165 639 rum
176 565 257 634 dare
272 563 415 634 debeant
430 564 532 634 libras
547 565 684 652 triginta
701 572 734 634 et
748 566 831 634 duas
861 567 959 634 robes
990 567 1220 636 convenientes

92 673 124 741 in
138 694 243 759 anuo;
260 683 293 744 et
307 681 440 762 propter
455 677 517 743 hoc
532 673 574 744 de
589 675 733 761 sallario,
749 672 834 760 quod
846 673 1220 760 tenebrescentium,

93 780 232 850 addatur
246 783 404 852 Potestnti
419 782 502 852 libre
534 790 661 853 cautum
677 784 711 851 in
743 803 840 872 anuo,
873 789 905 852 et
936 783 1044 854 dictus
1069 783 1219 852 Potestas

94 889 210 958 debeat
240 891 393 960 continue
417 890 527 960 iacere
546 893 627 962 stari
641 911 741 962 uuum
758 892 799 960 ds
818 891 886 960 suis
901 891 998 962 sociis
1013 890 1168 978 predictis
1184 891 1218 958 iu

93 997 224 1086 Bracae,
237 999 323 1068 sicut
339 998 370 1068 ei
385 997 566 1082 corbiton
590 1005 622 1070 et
638 1001 667 1068 si
678 999 845 1070 eonsilium
862 1005 914 1068 est
930 1007 1053 1086 contra,
1068 1000 1111 1068 sit
1127 1019 1222 1068 reuo-

94 1113 199 1174 catum
216 1113 375 1192 quantum
391 1106 426 1176 in
442 1106 512 1176 hoc.

213 1305 349 1372 (Iq'ubics,
368 1306 492 1360 Menum.
511 1320 553 1374 sp.
572 1305 639 1359 hist.
659 1306 735 1363 slav.
753 1265 853 1360 Merid.
873 1307 895 1360 1.
915 1305 974 1358 ket.
996 1311 1054 1360 138.
1075 1307 1105 1371 l.)

525 1595 792 1608 Ἥ

630 2129 705 2200 tat.

101 2329 190 2395 Piter
206 2330 390 2398 sclavonici
403 2329 468 2397 hdo
485 2331 517 2395 ts
533 2333 664 2398 teretes
682 2329 799 2396 Kemdc
817 2329 1002 2416 Ttoptpeta
1026 2339 1107 2397 aecii
1133 2332 1227 2398 birte-

259 2439 315 2504 kot
331 2437 589 2519 odomdcyczzriic
605 2437 750 2505 Recedet
766 2439 934 2506 comcecek.
962 2440 1064 2504 1283.

204 2636 275 2704 Nos
306 2637 422 2705 Petrus
452 2637 564 2706 Bauus
594 2635 697 2704 tocius
713 2633 896 2720 Sclaucnie,
912 2637 1026 2705 comes
1041 2635 1082 2704 de
1097 2636 1228 2708 Barana

103 2748 130 2808 et
145 2743 186 2812 de
201 2743 389 2834 Gyruynch‚
405 2750 438 2814 et
453 2743 621 2832 Keminus,
637 2741 696 2832 filij
715 2741 847 2812 comitis
873 2742 1041 2814 Benedicti
1073 2745 1227 2812 memorie

103 2851 360 2921 commendantes
390 2851 612 2937 significamus
638 2849 757 2935 quibus
773 2849 905 2938 expedit
919 2849 1081 2920 uniuersis
1095 2869 1228 2937 prescn·

103 2956 186 3026 tibus
219 2957 429 3047 iniungendo,
446 2957 622 3045 quodcum
653 2977 712 3026 nos
744 2958 907 3044 quandum
938 2966 1055 3028 terrm
1085 2967 1228 3027 nostrum

103 3063 334 3136 hereditariam
364 3066 398 3134 in
413 3063 605 3154 'I'hcplycira
630 3065 824 3135 existentem
843 3065 963 3136 dilecto
981 3071 1015 3134 et
1028 3065 1115 3134 fideii
1130 3067 1229 3135 serui-

105 3175 165 3242 euti
181 3179 292 3245 nosue
308 3175 426 3244 (domiti
441 3175 617 3244 Benedicto
633 3173 701 3243 tilio
721 3175 785 3243 Job
800 3173 841 3242 ob
873 3175 989 3243 merita
1019 3173 1228 3243 seruitiorum

104 3277 210 3369 ipsius,
242 3301 304 3368 que
334 3301 461 3370 semper
492 3281 586 3354 uobis
616 3283 650 3350 iu
682 3281 831 3350 omnibus
861 3281 970 3350 causis
1001 3281 1120 3350 uestris
1139 3281 1226 3351 idem

105 3388 239 3460 fideliter
253 3391 423 3479 impendit,
439 3399 471 3460 et
487 3391 565 3476 quic
580 3390 682 3460 eciam
697 3391 799 3459 frater
814 3389 918 3478 ipsius
937 3391 1084 3459 uterinus
1100 3390 1230 3459 nomine

106 3496 256 3568 Nicotaus
288 3498 322 3566 iu
338 3501 460 3568 nostris
490 3499 638 3586 seruicijs
652 3505 784 3586 propter
803 3497 993 3568 fidelitatem
1012 3517 1117 3586 suam,
1132 3519 1229 3584 quem

109 3605 196 3674 uobis
213 3623 344 3692 semper
360 3606 531 3695 impendit,
548 3607 609 3674 iuit
625 3607 728 3676 eciam
744 3605 907 3676 demedio
937 3606 1095 3676 sublatus.
1128 3607 1232 3693 Igitur

111 3733 166 3782 uos
179 3715 422 3800 circumspectis
446 3713 657 3783 fidelitatibus
673 3721 707 3782 et
724 3713 882 3802 seruioijs,
898 3723 931 3783 et
947 3722 1079 3801 propter
1094 3723 1229 3783 mortem

110 3830 138 3890 et
159 3823 347 3892 effusionem
373 3824 568 3910 sanguinum
599 3823 744 3910 ipsorum
773 3829 907 3908 propter
937 3842 1007 3908 uos,
1038 3829 1070 3890 et
1101 3829 1233 3909 propter

110 3931 250 4002 omnibus
281 3930 429 4016 seruicijs
448 3929 533 4020 (igy)
548 3931 702 4019 ipsorum,
719 3931 839 4000 dictam
855 3937 975 3999 terrem
992 3949 1064 3998 cum
1080 3929 1230 3999 omuibus

110 4039 298 4108 utilitstibus
317 4039 395 4126 suis,
417 4048 450 4107 et
480 4059 552 4108 cum
584 4039 732 4108 omnibus
763 4039 859 4106 metis
891 4036 934 4105 de
964 4037 1081 4106 uicinis
1112 4040 1233 4106 uostris

112 4146 352 4234 circumquaque
378 4149 540 4234 separatis
559 4155 592 4216 et
606 4147 764 4234 limitetis,
780 4147 864 4216 sicut
879 4148 973 4215 uobis
989 4145 1129 4232 adiacet,
1143 4145 1231 4214 dedi-

113 4273 186 4343 mus,
214 4255 416 4341 douauimus,
447 4257 646 4326 contulimus
664 4263 696 4326 et
726 4256 948 4324 concessimus
979 4255 1085 4322 eidem
1116 4253 1234 4323 Gemiti

113 4357 281 4431 Benedicto
310 4363 379 4432 titio
411 4363 473 4433 tob
504 4371 687 4453 prenotato,
718 4369 750 4431 et
766 4384 824 4450 per
855 4384 927 4432 eum
959 4363 1026 4432 suis
1056 4361 1232 4432 heredibus

112 4468 323 4557 heredumque
339 4494 470 4542 suorum
485 4475 519 4542 iu
534 4479 697 4561 posterum
714 4473 954 4542 successoribus
970 4473 1061 4541 nullo
1085 4489 1229 4557 uuquam

115 4583 249 4667 tempore
280 4601 340 4652 uec
371 4601 430 4670 per
444 4603 515 4670 uos,
547 4599 607 4649 uec
639 4599 697 4670 per
728 4581 899 4651 Keniuum
930 4577 1062 4650 fratrem
1089 4585 1232 4650 nostrum
1317 4673 1320 4680 Ι
