3096 5160
636 877 712 947 tls.

13 1169 14 1172 Ἴ
106 1081 169 1145 ΙΙΙ.
188 1078 300 1144 ffirdre
315 1077 430 1165 leit-cily
446 1079 625 1164 meyerdsiti
640 1101 676 1142 cz
692 1079 760 1164 cyri
792 1077 1016 1164 bdptolucuulr
1046 1081 1230 1168 bizonyscip·

109 1189 220 1272 toedet,
234 1189 317 1274 moly
333 1189 449 1254 seciae
466 1209 505 1250 uz
521 1186 600 1270 uugi
614 1191 675 1251 adr·
692 1185 761 1251 roob
769 1184 934 1273 jotbopya
963 1186 1047 1276 Tyba
1075 1189 1230 1276 belpedpet

418 1293 526 1360 eludia
541 1293 651 1361 Jatoc
660 1293 802 1376 ficiculo
827 1293 926 1362 1291.

208 1487 359 1556 Andreas
400 1488 462 1556 Dei
502 1491 615 1572 gracia
653 1488 832 1576 Hungarie,
872 1489 1052 1579 Dalmacie,
1088 1490 1230 1580 Oroatis,

105 1599 211 1684 Reme,
228 1596 352 1681 Seruio,
385 1593 537 1683 Gallioie,
579 1597 780 1684 Lodomerie,
814 1597 982 1688 Cumanis,
1014 1599 1230 1684 Bnlgarieque

106 1707 170 1772 Rex
202 1705 352 1772 omnibus
383 1711 563 1789 presentem
594 1704 749 1791 paginam
781 1707 974 1794 inspecturis
1015 1708 1155 1774 salutem
1195 1706 1229 1771 in

106 1813 240 1884 Domino
272 1813 510 1900 sempiternam.
547 1813 610 1880 Pro
649 1812 771 1881 meritis
799 1813 942 1882 fidelium
974 1815 1098 1882 Corone
1127 1815 1229 1900 Regio

106 1923 291 1990 denotor-um
338 1919 466 2006 aperire
511 1923 661 1989 conuenit
706 1921 927 1990 munificencie
965 1927 1073 1988 nostre
1109 1915 1227 2009 sinum,

107 2039 137 2096 ut
159 2031 335 2117 perspicax
364 2029 528 2096 intueatur
550 2031 734 2118 posteritas,
767 2030 845 2114 quid
868 2031 984 2114 iugiter
998 2030 1136 2114 inpensa
1152 2027 1227 2094 fide·

106 2139 175 2207 litas
207 2143 379 2206 mereatur.
418 2136 558 2206 Proinde
590 2138 632 2204 ad
671 2140 893 2207 uniuersorum
924 2139 1076 2207 noticiam
1108 2138 1224 2203 harum

106 2247 183 2314 serie
207 2247 359 2314 volumus
382 2247 562 2331 peruenire,
594 2243 680 2331 quod
705 2248 898 2314 accedentes
927 2249 970 2314 ad
986 2254 1130 2314 nostram
1154 2263 1226 2330 pre·

106 2355 245 2423 senciam
260 2354 375 2422 fideles
392 2354 493 2421 nostri
508 2353 657 2423 Andreas
674 2351 788 2422 Comes
813 2374 853 2422 ac
878 2355 996 2438 dalion,
1024 2353 1083 2440 iilij
1109 2353 1227 2437 Jakou,

106 2470 248 2531 anostra
263 2461 463 2530 Celsitndine
478 2463 656 2548 pecierunt,
690 2467 724 2528 vt
739 2471 858 2530 terram
876 2463 1039 2545 quandam
1056 2460 1228 2547 Stephani,

106 2569 278 2655 Benedicti,
295 2570 426 2656 Wolph,
443 2571 620 2658 Valentini,
638 2571 785 2659 Georgij,
803 2571 955 2658 Symonir
972 2577 1003 2638 et
1012 2570 1120 2656 Donk,
1133 2570 1225 2655 jobu-

106 2677 231 2760 gionnm
249 2677 357 2746 castri
374 2679 477 2763 Vngh,
493 2677 588 2765 Tyba
603 2687 761 2760 vocatam,
775 2700 871 2765 quarn
887 2680 928 2745 ab
945 2678 1066 2746 eisdem
1077 2677 1223 2764 jobagio·

105 2786 195 2854 nibus
212 2784 320 2853 Casiri
336 2806 395 2871 pro
411 2785 562 2854 trecentis
579 2787 699 2856 marcis
709 2787 856 2874 plenarie
866 2787 980 2855 solutis
990 2787 1074 2854 iusto
1085 2783 1224 2871 empcio-

104 2894 151 2959 nis
165 2893 259 2964 titulo
275 2894 516 2982 compararant,
540 2901 635 2980 prout
650 2897 684 2962 in
700 2895 962 2982 priuilegialibus
977 2893 1095 2962 litteris
1128 2891 1223 2976 (iapi-

104 3001 158 3066 tnli
173 3001 347 3087 Agriensis
364 3001 494 3086 plenius
509 3003 703 3093 continetur,
728 3005 887 3089 Magistro
904 3001 1049 3070 Omodeo
1066 3007 1222 3083 tanquam

104 3108 284 3177 Parochiali
315 3107 439 3176 Gemite
470 3131 564 3180 suum
593 3132 652 3197 per
683 3113 791 3178 omnia
821 3114 975 3198 prebente
1018 3125 1222 3189 consensum,

103 3223 209 3284 nostro
241 3215 447 3301 dignaremur
477 3218 648 3303 priuilegio
679 3219 879 3287 confirmare.
918 3216 1061 3295 Quarum
1093 3213 1221 3301 quidem

104 3323 280 3392 litterarum
297 3323 439 3410 Capituli
454 3325 626 3408 Agriensis
641 3332 732 3395 tenor
748 3325 825 3394 talis
841 3333 908 3393 est:

206 3430 364 3498 Omnibus
380 3433 440 3500 sib.
457 3431 642 3518 Capitulum
659 3435 806 3502 Ecclesie
820 3433 991 3518 Agriensis
1008 3433 1070 3501 stb.
1099 3431 1222 3518 (lebret-

12 3629 13 3634 ,
103 3541 199 3608 kezik
223 3561 262 3608 az
289 3539 359 3627 egri
390 3540 619 3628 neptalannak
653 3543 790 3612 into-ki
820 3541 1111 3630 biuonysbglerele,
1142 3537 1223 3608 mint

99 3647 228 3718 sentebb
244 3650 319 3720 406.
335 3669 380 3716 su.
396 3646 442 3736 u.)

205 3758 273 3823 Nos
288 3757 401 3841 itaque
426 3757 570 3826 eiusdem
603 3760 649 3826 rei
682 3767 773 3845 geste
803 3759 972 3828 veritatem
1004 3758 1221 3826 omnimodam

100 3863 224 3932 iusticie
239 3865 471 3952 perpendiculo
488 3872 674 3950 satagentes
690 3868 877 3954 perquirere
903 3869 1110 3952 exemissam,
1144 3887 1219 3933 num

99 3969 219 4039 veritas
235 3973 345 4057 sepius
361 3971 529 4056 exagitata
544 3975 650 4060 magis
667 3975 865 4059 splendescit
896 3975 929 4040 in
959 3977 1079 4064 lucem3
1105 3995 1218 4043 eorun-

100 4079 234 4163 demque
249 4079 379 4147 Andree
405 4085 437 4147 et
467 4077 576 4148 Jako'u
607 4083 766 4152 Comitum
797 4083 986 4150 fidelitatem
1018 4089 1218 4171 perspectam

100 4188 311 4275 attendentes,
344 4187 461 4273 quibus
478 4191 517 4258 ob
535 4190 681 4276 insignes
697 4193 830 4262 sudores
846 4201 879 4262 et
893 4191 1023 4260 labores
1038 4195 1072 4260 in
1090 4191 1221 4280 expedi·
1336 4269 1337 4274 ,

12 4319 14 4338 2
98 4297 191 4365 oione
206 4305 317 4366 nostra
334 4303 449 4366 contra
464 4297 628 4368 Albertum
646 4303 771 4370 Ducem
787 4302 916 4370 Austrie
932 4302 1132 4370 luculencius
1156 4303 1221 4368 cla·

96 4411 238 4490 ruerunt,
269 4410 379 4472 nostro
395 4405 623 4476 nichilominus
639 4410 733 4476 lateri
749 4417 905 4494 tunquam
920 4409 1097 4495 consiliarij
1115 4413 1217 4479 nostri

12 4531 13 4552 ³
97 4512 276 4580 fidelissimi
293 4511 468 4582 cottidiano
484 4516 593 4583 studio
600 4518 726 4604 Jugiter
735 4518 931 4608 adherendo,
948 4527 984 4588 vt
993 4518 1090 4586 nichil
1102 4519 1218 4590 deesse

97 4619 295 4707 perfectioni
326 4627 359 4688 et
389 4620 561 4692 stabilitati
594 4625 738 4695 eiusdem
769 4628 898 4714 negocij
931 4625 1093 4718 videatur,
1135 4630 1220 4716 quod
