3124 5152
89 515 180 604 gistro
204 519 378 606 Stephano
396 518 463 586 tillo
480 519 639 606 Stephani
654 519 712 606 filij
731 513 862 603 Mychk,
880 515 913 581 in
929 515 992 583 hac
1008 519 1100 603 parte
1116 515 1214 588 silen-

92 629 168 696 cinm
184 627 398 715 imponendo,
430 630 650 696 restituissent
666 632 699 695 et
723 620 969 710 commisissent,
994 626 1121 693 nemine
1146 629 1211 696 alio

92 733 329 802 contradictore
356 735 443 802 'inibi
475 733 603 822 penitus
624 739 814 822 apparente,
846 739 1002 818 perpetuo
1017 733 1214 818 possidenda

90 849 116 909 et
129 841 292 910 habenda.
311 841 437 920 Quibus
452 841 582 928 quidem
600 843 716 910 litteris
732 861 789 929 per
806 841 893 928 ipsos
904 839 1215 927 Predialesprodnc·

92 951 137 1038 tis,
170 951 384 1036 seriebusque
400 969 511 1017 earum
527 951 691 1038 perceptis
709 956 740 1016 et
755 949 941 1034 intellectis,
956 947 1070 1017 eadem
1086 949 1218 1018 domina

92 1061 258 1144 dictusque
278 1059 443 1145 Georgius
458 1059 543 1127 filius
561 1079 649 1145 snus,
675 1079 710 1126 se
736 1065 768 1126 et
792 1056 874 1126 alios
889 1057 974 1126 filios
992 1058 1069 1125 dieti
1084 1058 1215 1126 Martini

91 1168 177 1253 Beni,
194 1171 350 1251 preterea
365 1167 444 1235 dicti
460 1167 627 1236 Prediales
641 1166 794 1255 ,similiter
821 1185 856 1234 se
882 1167 925 1233 ad
951 1166 1040 1251 pacis
1064 1167 1215 1234 reforma·

93 1277 206 1342 tionem
223 1275 259 1340 in
269 1275 439 1359 premissis
455 1274 648 1361 faciendam,
663 1295 720 1361 per
735 1295 795 1342 nos
812 1274 986 1342 transmitti
1004 1275 1220 1360 postularunt.

94 1383 152 1462 Qus
168 1404 242 1452 curn
259 1404 318 1454 nos
334 1383 378 1451 ad
396 1382 532 1452 eandem
548 1401 662 1470 pacem
680 1383 863 1450 faciendam
883 1381 1031 1450 beniuole
1056 1381 1218 1450 admissis-

92 1513 204 1576 semus,
235 1491 381 1580 tandem,
413 1491 507 1558 sicuti
538 1489 760 1578 prescribitur,
791 1488 910 1576 prefati
943 1490 1104 1576 Georgius
1129 1491 1217 1560 tilius

95 1601 256 1670 etnobilis
274 1599 408 1668 domina
423 1599 518 1666 Anna
543 1600 658 1666 relicta
688 1598 791 1682 ipsius
822 1597 951 1664 Martini
982 1597 1063 1664 Bani
1096 1618 1153 1683 pro
1178 1618 1213 1666 se

95 1709 319 1796 personaliter,
351 1727 410 1793 pro
440 1706 523 1773 Ders
554 1725 632 1774 uero
651 1712 684 1772 et
713 1706 807 1771 Petro
823 1703 901 1793 dlijs
927 1703 1071 1771 eiusdem
1087 1705 1216 1777 Martini

14 1881 15 1884 ,
95 1819 172 1886 Bani
202 1814 303 1902 ijdem
334 1815 406 1882 sine
437 1815 556 1883 litteris
598 1809 838 1899 procuratorijs,
882 1833 1014 1896 quornm
1055 1836 1155 1884 onera
1185 1826 1218 1886 et
1329 1845 1334 1853 ·

97 1925 235 2010 quelibet
267 1921 472 2008 grauamina,
504 1923 532 1990 si
549 1921 613 2008 ipsi
644 1920 741 1989 simul
772 1921 826 1988 rel
843 1921 971 1988 dinisim
992 1922 1032 1989 de
1048 1927 1223 2012 subcriptis

95 2031 215 2101 resilire
233 2037 266 2098 et
282 2051 323 2098 ea
340 2030 494 2098 reiterare
511 2030 630 2097 uellent
646 2035 677 2095 et
692 2033 895 2114 conarentur,
913 2049 1010 2116 snper
1026 2051 1062 2098 se
1073 2041 1222 2102 cunctas·

97 2161 153 2226 que
183 2158 293 2207 eorum
326 2137 525 2205 hereditates
556 2141 589 2206 et
604 2137 691 2205 bona
721 2143 914 2221 receperunt
945 2138 987 2205 ab
1018 2159 1083 2206 vna
1110 2150 1225 2226 parte;

98 2245 255 2332 siquidem
288 2266 329 2313 ex
361 2245 466 2314 altera
495 2245 610 2331 prelati
640 2244 730 2312 Elias
764 2244 968 2332 Benedictus,
1009 2247 1150 2316 Briceius
1191 2256 1225 2316 et

97 2355 205 2424 Laehh
235 2352 416 2438 Prediales,
448 2373 506 2439 pro
523 2373 559 2421 se
575 2352 725 2420 similiter
745 2340 1048 2438 personaliter,'pr0
1065 2353 1220 2441 predictis

99 2485 170 2533 uero
186 2463 265 2548 alijs
282 2460 496 2547 predialibus,
512 2481 583 2528 cum
616 2459 804 2547 prescriptis
834 2463 1067 2548 procuratoriis
1097 2463 1224 2553 litteris,

99 2572 196 2641 nostri
226 2575 455 2656 comparantes
471 2568 504 2636 in
521 2569 701 2654 presencia,
724 2567 876 2636 dixerunt
891 2573 923 2636 et
938 2580 1175 2656 proposuerunt
1190 2573 1224 2642 in

102 2681 181 2748 hunc
212 2677 344 2745 modurn
362 2701 370 2743 :
388 2675 476 2759 quod
506 2675 570 2761 ipsi
601 2695 641 2742 ex
672 2676 861 2744 induccione
895 2677 1051 2746 nobilium
1082 2681 1225 2750 virorum

100 2787 323 2871 Magistrorum
342 2783 477 2870 Georgij
492 2783 550 2870 filij
569 2782 655 2850 Petri
671 2783 712 2852 de
728 2785 864 2872 Dombo,
882 2785 1041 2870 Stephani
1058 2786 1117 2873 filij
1136 2790 1225 2854 Petri

100 2893 137 2961 de
152 2891 297 2974 Bochka,
313 2896 344 2958 et
360 2890 508 2975 aliorum,
523 2910 582 2976 pro
599 2909 680 2976 pace
696 2889 780 2958 inter
796 2911 851 2959 eos
867 2891 974 2960 fienda
993 2892 1222 2977 laborancium,

100 3003 201 3068 taliter
231 2995 482 3067 concordassent
513 3003 545 3064 et
561 2995 603 3064 ad
618 3005 774 3084 perpetue
800 3000 891 3085 pacis
907 3001 1057 3067 unionem
1076 3001 1226 3070 deuenis-

102 3115 187 3178 sent:
201 3109 244 3175 Vt
260 3111 327 3173 tarn
343 3105 535 3192 premissam
551 3124 682 3172 causam
698 3106 783 3173 inter
800 3126 854 3174 eos
878 3115 999 3176 metam
1016 3115 1049 3175 et
1064 3108 1223 3198 habitam,

104 3237 193 3301 quam
217 3213 322 3282 eciam
340 3213 424 3282 alias
440 3213 610 3282 uniuersas
625 3219 657 3279 et
673 3213 831 3301 singulas,
848 3213 1005 3284 hacteuus
1020 3215 1104 3284 inter
1119 3237 1175 3286 eos
1192 3225 1225 3287 et

104 3323 258 3410 prefatum
283 3319 422 3388 condam
455 3319 637 3388 Mardinum
668 3320 794 3389 Banum
829 3329 960 3393 exortas
976 3332 1009 3392 et
1038 3325 1224 3416 suscitatas,

106 3437 262 3517 tamqnam
294 3429 419 3516 sopitas
435 3435 468 3498 et
483 3433 644 3516 cassatas,
670 3429 929 3499 condescendere
944 3432 1107 3521 fecissent,
1124 3453 1225 3520 seque

106 3539 284 3607 alternatim
315 3545 348 3604 et
378 3545 490 3605 mutua
520 3533 757 3625 uicissitudine,
788 3539 962 3626 superinde
994 3543 1160 3630 expeditos
1192 3548 1226 3609 et

108 3645 203 3716 nodis
235 3644 385 3716 omnibns
416 3643 584 3714 absolutos
613 3643 848 3732 reddidissent;
881 3655 1016 3718 cunctas
1032 3656 1064 3718 et
1079 3651 1226 3735 singulas

106 3757 245 3824 causales
275 3755 413 3842 litteras,
444 3751 583 3822 nbilibet
614 3753 673 3822 sub
705 3753 875 3838 quibusuis
905 3757 1075 3826 uerborum
1115 3757 1226 3826 formis

107 3861 286 3933 alterutrum
319 3861 493 3948 confectas,
523 3861 650 3948 inanes,
680 3860 893 3952 friuolasqne,
926 3869 958 3932 et
995 3863 1241 3940 exhibitoribus¹

108 3969 259 4040 nocitiuas
274 3965 505 4056 relinquendo;
528 3988 604 4056 ymo
629 3968 874 4054 concordarunt,
904 3971 1115 4058 supersedere
1144 3971 1229 4040 sece-

106 4084 182 4166 runt,
212 4083 394 4162 cessarunt,
427 4081 461 4144 et
475 4073 707 4146 mortificarunt
724 4096 833 4144 eoram
848 4077 942 4146 nobis
958 4075 1105 4148 articulis
1121 4079 1229 4148 mode

110 4185 261 4251 raminnm
292 4182 443 4268 specifice
473 4180 623 4268 adiectis,
656 4183 742 4266 quod
773 4183 838 4268 ipsi
869 4183 1041 4271 Georgius,
1083 4185 1167 4256 Ders
1198 4192 1231 4252 et
1360 4197 1361 4202 ’

108 4288 212 4359 Petrus
242 4289 316 4380 filij,
348 4309 407 4358 nec
438 4309 500 4358 non
533 4287 650 4360 nobilis
683 4290 818 4358 domina
837 4290 933 4358 Anna
969 4293 1082 4360 relicta
1112 4291 1231 4378 prefati

109 4393 229 4464 Martini
244 4397 343 4484 Beni,
363 4397 572 4484 ipsorumque
603 4396 741 4466 heredes
773 4403 802 4465 et
838 4400 1047 4484 posteritates
1078 4399 1232 4488 uniuersi,

109 4506 296 4592 prescriptos
330 4505 436 4574 Etiam
470 4506 628 4575 Comitem
658 4507 871 4595 Terrestrem,
901 4508 1049 4591 aliosque
1065 4507 1231 4578 Prediales

110 4606 375 4711 insuperioribus
400 4613 595 4686 nominatim
629 4613 839 4708 conscriptos,
872 4619 905 4686 et
935 4615 981 4686 eis
1013 4615 1233 4720 reaccedentes,
