<?xml version="1.0" encoding="UTF-8"?>
<!DOCTYPE html PUBLIC "-//W3C//DTD XHTML 1.0 Transitional//EN"
    "http://www.w3.org/TR/xhtml1/DTD/xhtml1-transitional.dtd">
<html xmlns="http://www.w3.org/1999/xhtml" xml:lang="en" lang="en">
 <head>
  <title>
</title>
<meta http-equiv="Content-Type" content="text/html;charset=utf-8" />
  <meta name='ocr-system' content='tesseract 3.04.00' />
  <meta name='ocr-capabilities' content='ocr_page ocr_carea ocr_par ocr_line ocrx_word'/>
</head>
<body>
  <div class='ocr_page' id='page_1' title='image "./codexdiplomatic06wenzgoog_0177.png"; bbox 0 0 3148 5146; ppageno 0'>
   <div class='ocr_carea' id='block_1_1' title="bbox 828 259 987 358">
    <p class='ocr_par' dir='ltr' id='par_1_1' title="bbox 828 259 987 358">
     <span class='ocr_line' id='line_1_1' title="bbox 828 259 987 358; baseline 0 -36"><span class='ocrx_word' id='word_1_1' title='bbox 828 259 987 358; x_wconf 39' lang='lat' dir='ltr'>*Q</span> 
     </span>
    </p>
   </div>
   <div class='ocr_carea' id='block_1_2' title="bbox 342 451 1460 753">
    <p class='ocr_par' dir='ltr' id='par_1_2' title="bbox 342 451 1460 753">
     <span class='ocr_line' id='line_1_2' title="bbox 343 451 1460 541; baseline 0.004 -23"><span class='ocrx_word' id='word_1_2' title='bbox 343 455 549 537; x_wconf 78' lang='lat' dir='ltr'>roboratnm3</span> <span class='ocrx_word' id='word_1_3' title='bbox 573 451 669 518; x_wconf 89' lang='lat' dir='ltr'>Petro</span> <span class='ocrx_word' id='word_1_4' title='bbox 686 451 845 520; x_wconf 85' lang='lat' dir='ltr'>existente</span> <span class='ocrx_word' id='word_1_5' title='bbox 861 457 971 521; x_wconf 87' lang='lat' dir='ltr'>nostru</span> <span class='ocrx_word' id='word_1_6' title='bbox 987 453 1168 541; x_wconf 80' lang='lat' dir='ltr'>Proposito,</span> <span class='ocrx_word' id='word_1_7' title='bbox 1186 453 1332 522; x_wconf 90' lang='lat' dir='ltr'>Oliucrio</span> <span class='ocrx_word' id='word_1_8' title='bbox 1356 457 1460 524; x_wconf 80' lang='lat' dir='ltr'>Canto-</span> 
     </span>
     <span class='ocr_line' id='line_1_3' title="bbox 342 555 1459 650; baseline 0.004 -25"><span class='ocrx_word' id='word_1_9' title='bbox 342 581 387 650; x_wconf 85' lang='lat' dir='ltr'>ra,</span> <span class='ocrx_word' id='word_1_10' title='bbox 399 558 528 629; x_wconf 89' lang='lat' dir='ltr'>Ombud</span> <span class='ocrx_word' id='word_1_11' title='bbox 554 555 706 644; x_wconf 78' lang='lat' dir='ltr'>Custode,</span> <span class='ocrx_word' id='word_1_12' title='bbox 724 557 883 627; x_wconf 79' lang='lat' dir='ltr'>Geruaeio</span> <span class='ocrx_word' id='word_1_13' title='bbox 897 561 1042 628; x_wconf 87' lang='lat' dir='ltr'>Decano.</span> <span class='ocrx_word' id='word_1_14' title='bbox 1054 561 1148 629; x_wconf 85' lang='lat' dir='ltr'>Anno</span> <span class='ocrx_word' id='word_1_15' title='bbox 1164 560 1296 630; x_wconf 86' lang='lat' dir='ltr'>Domini</span> <span class='ocrx_word' id='word_1_16' title='bbox 1311 562 1459 633; x_wconf 74' lang='lat' dir='ltr'><strong>M⁰GG⁰Z⁰</strong></span> 
     </span>
     <span class='ocr_line' id='line_1_4' title="bbox 343 675 465 753; baseline 0 -19"><span class='ocrx_word' id='word_1_17' title='bbox 343 675 465 753; x_wconf 90' lang='lat' dir='ltr'>quarto.</span> 
     </span>
    </p>
   </div>
   <div class='ocr_carea' id='block_1_3' title="bbox 347 867 1461 1022">
    <p class='ocr_par' dir='ltr' id='par_1_3' title="bbox 347 867 1461 1022">
     <span class='ocr_line' id='line_1_5' title="bbox 347 867 1461 936; baseline 0.004 -18"><span class='ocrx_word' id='word_1_18' title='bbox 347 867 487 928; x_wconf 82' lang='lat' dir='ltr'>(Eredetie</span> <span class='ocrx_word' id='word_1_19' title='bbox 506 867 689 932; x_wconf 76' lang='lat' dir='ltr'>bbrhirtytn,</span> <span class='ocrx_word' id='word_1_20' title='bbox 718 869 838 933; x_wconf 83' lang='lat' dir='ltr'>melyrol</span> <span class='ocrx_word' id='word_1_21' title='bbox 856 883 874 919; x_wconf 90' lang='lat' dir='ltr'>a</span> <span class='ocrx_word' id='word_1_22' title='bbox 892 868 1129 936; x_wconf 78' lang='lat' dir='ltr'>htrtyazsinegen</span> <span class='ocrx_word' id='word_1_23' title='bbox 1147 870 1263 936; x_wconf 80' lang='lat' dir='ltr'>iiiggbtt</span> <span class='ocrx_word' id='word_1_24' title='bbox 1281 871 1375 936; x_wconf 73' lang='lat' dir='ltr'>peccet</span> <span class='ocrx_word' id='word_1_25' title='bbox 1400 873 1461 922; x_wconf 84' lang='lat' dir='ltr'>elre-</span> 
     </span>
     <span class='ocr_line' id='line_1_6' title="bbox 559 956 1386 1022; baseline 0.005 -14"><span class='ocrx_word' id='word_1_26' title='bbox 559 961 647 1022; x_wconf 87' lang='lat' dir='ltr'>szett;</span> <span class='ocrx_word' id='word_1_27' title='bbox 667 972 683 1008; x_wconf 88' lang='lat' dir='ltr'>a</span> <span class='ocrx_word' id='word_1_28' title='bbox 701 956 786 1009; x_wconf 83' lang='lat' dir='ltr'>budai</span> <span class='ocrx_word' id='word_1_29' title='bbox 804 958 909 1022; x_wconf 80' lang='lat' dir='ltr'>kirtlyi</span> <span class='ocrx_word' id='word_1_30' title='bbox 921 958 1050 1010; x_wconf 81' lang='lat' dir='ltr'>kamarai</span> <span class='ocrx_word' id='word_1_31' title='bbox 1063 959 1260 1022; x_wconf 78' lang='lat' dir='ltr'>levelttrban.)</span> <span class='ocrx_word' id='word_1_32' title='bbox 1381 1007 1386 1012; x_wconf 89' lang='lat'>.</span> 
     </span>
    </p>
   </div>
   <div class='ocr_carea' id='block_1_4' title="bbox 774 1239 1038 1254">
    <p class='ocr_par' dir='ltr' id='par_1_4' title="bbox 774 1239 1038 1254">
     <span class='ocr_line' id='line_1_7' title="bbox 774 1239 1038 1254; baseline 0.008 -3"><span class='ocrx_word' id='word_1_33' title='bbox 774 1239 1038 1254; x_wconf 45' lang='lat'>*—</span> 
     </span>
    </p>
   </div>
   <div class='ocr_carea' id='block_1_5' title="bbox 874 1775 946 1846">
    <p class='ocr_par' dir='ltr' id='par_1_5' title="bbox 874 1775 946 1846">
     <span class='ocr_line' id='line_1_8' title="bbox 874 1775 946 1846; baseline -0.014 -2"><span class='ocrx_word' id='word_1_34' title='bbox 874 1775 946 1846; x_wconf 82' lang='lat'>113.</span> 
     </span>
    </p>
   </div>
   <div class='ocr_carea' id='block_1_6' title="bbox 343 1974 1469 2276">
    <p class='ocr_par' dir='ltr' id='par_1_6' title="bbox 343 1974 1469 2276">
     <span class='ocr_line' id='line_1_9' title="bbox 344 1974 1469 2063; baseline -0.004 -21"><span class='ocrx_word' id='word_1_35' title='bbox 344 1981 376 2042; x_wconf 91' lang='lat' dir='ltr'><strong><em>A</em></strong></span> <span class='ocrx_word' id='word_1_36' title='bbox 413 1976 600 2042; x_wconf 67' lang='lat' dir='ltr'>tereretque</span> <span class='ocrx_word' id='word_1_37' title='bbox 638 1974 904 2060; x_wconf 77' lang='lat' dir='ltr'>aac&#39;lcesfclrdrodri</span> <span class='ocrx_word' id='word_1_38' title='bbox 940 1977 1166 2061; x_wconf 74' lang='lat' dir='ltr'>konaensjtnet</span> <span class='ocrx_word' id='word_1_39' title='bbox 1197 1975 1469 2063; x_wconf 76' lang='lat' dir='ltr'>dizouysdplioels,</span> 
     </span>
     <span class='ocr_line' id='line_1_10' title="bbox 343 2079 1461 2171; baseline 0 -26"><span class='ocrx_word' id='word_1_40' title='bbox 343 2085 427 2168; x_wconf 77' lang='lat' dir='ltr'>boqy</span> <span class='ocrx_word' id='word_1_41' title='bbox 445 2079 553 2164; x_wconf 78' lang='lat' dir='ltr'>Obilrc,</span> <span class='ocrx_word' id='word_1_42' title='bbox 584 2081 785 2148; x_wconf 79' lang='lat' dir='ltr'>Herbortnolc</span> <span class='ocrx_word' id='word_1_43' title='bbox 800 2092 929 2171; x_wconf 74' lang='lat' dir='ltr'>b&#39;zoepye</span> <span class='ocrx_word' id='word_1_44' title='bbox 961 2081 1082 2148; x_wconf 71' lang='lat' dir='ltr'>littere</span> <span class='ocrx_word' id='word_1_45' title='bbox 1109 2087 1141 2150; x_wconf 82' lang='lat' dir='ltr'>e&#39;a</span> <span class='ocrx_word' id='word_1_46' title='bbox 1164 2085 1461 2171; x_wconf 75' lang='lat' dir='ltr'>jepyajdnddlcuiru</span> 
     </span>
     <span class='ocr_line' id='line_1_11' title="bbox 505 2187 1317 2276; baseline 0.007 -23"><span class='ocrx_word' id='word_1_47' title='bbox 505 2187 754 2276; x_wconf 73' lang='lat' dir='ltr'>udzcefdrje&#39;neic</span> <span class='ocrx_word' id='word_1_48' title='bbox 770 2191 949 2258; x_wconf 69' lang='lat' dir='ltr'>roboratum</span> <span class='ocrx_word' id='word_1_49' title='bbox 964 2191 1192 2276; x_wconf 73' lang='lat' dir='ltr'>ktetoqttreueu.</span> <span class='ocrx_word' id='word_1_50' title='bbox 1219 2189 1317 2258; x_wconf 81' lang='lat'><em>1274.</em></span> 
     </span>
    </p>
   </div>
   <div class='ocr_carea' id='block_1_7' title="bbox 342 2381 1552 4622">
    <p class='ocr_par' dir='ltr' id='par_1_7' title="bbox 342 2381 1552 4634">
     <span class='ocr_line' id='line_1_12' title="bbox 454 2381 1467 2469; baseline 0.001 -21"><span class='ocrx_word' id='word_1_51' title='bbox 454 2381 639 2450; x_wconf 81' lang='lat' dir='ltr'>Conuentus</span> <span class='ocrx_word' id='word_1_52' title='bbox 655 2385 779 2450; x_wconf 89' lang='lat' dir='ltr'>Domus</span> <span class='ocrx_word' id='word_1_53' title='bbox 805 2383 987 2469; x_wconf 79' lang='lat' dir='ltr'><strong>Hospitalis</strong></span> <span class='ocrx_word' id='word_1_54' title='bbox 1017 2383 1284 2453; x_wconf 89' lang='lat' dir='ltr'>Jcrosolomitani</span> <span class='ocrx_word' id='word_1_55' title='bbox 1314 2387 1357 2454; x_wconf 88' lang='lat' dir='ltr'>de</span> <span class='ocrx_word' id='word_1_56' title='bbox 1387 2385 1467 2452; x_wconf 83' lang='lat' dir='ltr'>Alba</span> 
     </span>
     <span class='ocr_line' id='line_1_13' title="bbox 348 2489 1469 2580; baseline -0.001 -22"><span class='ocrx_word' id='word_1_57' title='bbox 348 2491 496 2559; x_wconf 91' lang='lat' dir='ltr'>omnibus</span> <span class='ocrx_word' id='word_1_58' title='bbox 513 2489 635 2558; x_wconf 81' lang='lat' dir='ltr'>Christi</span> <span class='ocrx_word' id='word_1_59' title='bbox 651 2491 801 2560; x_wconf 85' lang='lat' dir='ltr'>fidelibus</span> <span class='ocrx_word' id='word_1_60' title='bbox 818 2499 983 2579; x_wconf 78' lang='lat' dir='ltr'>presentes</span> <span class='ocrx_word' id='word_1_61' title='bbox 1009 2492 1135 2560; x_wconf 77' lang='lat' dir='ltr'>litteras</span> <span class='ocrx_word' id='word_1_62' title='bbox 1159 2493 1356 2580; x_wconf 87' lang='lat' dir='ltr'>inspecturis</span> <span class='ocrx_word' id='word_1_63' title='bbox 1386 2494 1469 2562; x_wconf 87' lang='lat' dir='ltr'>saln-</span> 
     </span>
     <span class='ocr_line' id='line_1_14' title="bbox 344 2599 1466 2687; baseline 0.003 -22"><span class='ocrx_word' id='word_1_64' title='bbox 344 2605 409 2666; x_wconf 91' lang='lat' dir='ltr'>tem</span> <span class='ocrx_word' id='word_1_65' title='bbox 425 2599 459 2666; x_wconf 93' lang='lat' dir='ltr'>in</span> <span class='ocrx_word' id='word_1_66' title='bbox 476 2599 613 2667; x_wconf 91' lang='lat' dir='ltr'>Domino</span> <span class='ocrx_word' id='word_1_67' title='bbox 629 2599 866 2686; x_wconf 88' lang='lat' dir='ltr'>sempitemam</span> <span class='ocrx_word' id='word_1_68' title='bbox 890 2599 1101 2670; x_wconf 88' lang='lat' dir='ltr'>Vniuersitati</span> <span class='ocrx_word' id='word_1_69' title='bbox 1116 2609 1225 2670; x_wconf 83' lang='lat' dir='ltr'>vestre</span> <span class='ocrx_word' id='word_1_70' title='bbox 1255 2608 1370 2670; x_wconf 89' lang='lat' dir='ltr'>tencre</span> <span class='ocrx_word' id='word_1_71' title='bbox 1400 2621 1466 2687; x_wconf 89' lang='lat' dir='ltr'>pre·</span> 
     </span>
     <span class='ocr_line' id='line_1_15' title="bbox 345 2706 1467 2795; baseline 0 -21"><span class='ocrx_word' id='word_1_72' title='bbox 345 2707 489 2774; x_wconf 89' lang='lat' dir='ltr'>sencium</span> <span class='ocrx_word' id='word_1_73' title='bbox 508 2707 723 2795; x_wconf 77' lang='lat' dir='ltr'>declaramus,</span> <span class='ocrx_word' id='word_1_74' title='bbox 742 2706 829 2793; x_wconf 89' lang='lat' dir='ltr'>quod</span> <span class='ocrx_word' id='word_1_75' title='bbox 845 2707 985 2794; x_wconf 88' lang='lat' dir='ltr'>quedam</span> <span class='ocrx_word' id='word_1_76' title='bbox 1002 2709 1134 2778; x_wconf 85' lang='lat' dir='ltr'>domina</span> <span class='ocrx_word' id='word_1_77' title='bbox 1150 2707 1254 2776; x_wconf 79' lang='lat' dir='ltr'>Ghilso</span> <span class='ocrx_word' id='word_1_78' title='bbox 1271 2714 1390 2776; x_wconf 87' lang='lat' dir='ltr'>uocata</span> <span class='ocrx_word' id='word_1_79' title='bbox 1404 2710 1467 2776; x_wconf 88' lang='lat' dir='ltr'>lilia</span> 
     </span>
     <span class='ocr_line' id='line_1_16' title="bbox 344 2813 1469 2903; baseline 0.004 -23"><span class='ocrx_word' id='word_1_80' title='bbox 344 2813 453 2899; x_wconf 84' lang='lat' dir='ltr'>Zegen</span> <span class='ocrx_word' id='word_1_81' title='bbox 471 2813 609 2882; x_wconf 90' lang='lat' dir='ltr'>devilia</span> <span class='ocrx_word' id='word_1_82' title='bbox 625 2814 735 2903; x_wconf 83' lang='lat' dir='ltr'>Vircy,</span> <span class='ocrx_word' id='word_1_83' title='bbox 767 2815 881 2884; x_wconf 90' lang='lat' dir='ltr'>relicta</span> <span class='ocrx_word' id='word_1_84' title='bbox 911 2816 1053 2883; x_wconf 91' lang='lat' dir='ltr'>Herbort</span> <span class='ocrx_word' id='word_1_85' title='bbox 1081 2815 1139 2901; x_wconf 89' lang='lat' dir='ltr'>filij</span> <span class='ocrx_word' id='word_1_86' title='bbox 1173 2814 1301 2883; x_wconf 84' lang='lat' dir='ltr'>Martini</span> <span class='ocrx_word' id='word_1_87' title='bbox 1333 2819 1377 2884; x_wconf 91' lang='lat' dir='ltr'>ab</span> <span class='ocrx_word' id='word_1_88' title='bbox 1408 2838 1469 2884; x_wconf 88' lang='lat' dir='ltr'>una</span> 
     </span>
     <span class='ocr_line' id='line_1_17' title="bbox 344 2922 1469 3012; baseline -0.003 -20"><span class='ocrx_word' id='word_1_89' title='bbox 344 2931 457 3012; x_wconf 80' lang='lat' dir='ltr'>parte3</span> <span class='ocrx_word' id='word_1_90' title='bbox 475 2923 662 2992; x_wconf 80' lang='lat' dir='ltr'>Caumerius</span> <span class='ocrx_word' id='word_1_91' title='bbox 677 2922 763 2991; x_wconf 88' lang='lat' dir='ltr'>tilius</span> <span class='ocrx_word' id='word_1_92' title='bbox 779 2923 906 3012; x_wconf 84' lang='lat' dir='ltr'>Ooame,</span> <span class='ocrx_word' id='word_1_93' title='bbox 922 2929 954 2990; x_wconf 89' lang='lat' dir='ltr'>et</span> <span class='ocrx_word' id='word_1_94' title='bbox 969 2923 1148 3011; x_wconf 85' lang='lat' dir='ltr'>Dyonisius</span> <span class='ocrx_word' id='word_1_95' title='bbox 1164 2923 1250 2992; x_wconf 90' lang='lat' dir='ltr'>lilius</span> <span class='ocrx_word' id='word_1_96' title='bbox 1266 2923 1327 2990; x_wconf 80' lang='lat' dir='ltr'>Ele</span> <span class='ocrx_word' id='word_1_97' title='bbox 1342 2922 1469 2993; x_wconf 90' lang='lat' dir='ltr'>deuilla</span> 
     </span>
     <span class='ocr_line' id='line_1_18' title="bbox 342 3031 1467 3118; baseline -0.001 -20"><span class='ocrx_word' id='word_1_98' title='bbox 342 3033 448 3100; x_wconf 85' lang='lat' dir='ltr'>Beren</span> <span class='ocrx_word' id='word_1_99' title='bbox 466 3053 506 3098; x_wconf 85' lang='lat' dir='ltr'>ex</span> <span class='ocrx_word' id='word_1_100' title='bbox 522 3033 627 3098; x_wconf 86' lang='lat' dir='ltr'>altera</span> <span class='ocrx_word' id='word_1_101' title='bbox 644 3051 752 3098; x_wconf 84' lang='lat' dir='ltr'>coram</span> <span class='ocrx_word' id='word_1_102' title='bbox 767 3031 863 3098; x_wconf 89' lang='lat' dir='ltr'>nobis</span> <span class='ocrx_word' id='word_1_103' title='bbox 879 3033 1059 3118; x_wconf 85' lang='lat' dir='ltr'>constituti,</span> <span class='ocrx_word' id='word_1_104' title='bbox 1078 3031 1278 3118; x_wconf 87' lang='lat' dir='ltr'>propositum</span> <span class='ocrx_word' id='word_1_105' title='bbox 1295 3031 1404 3100; x_wconf 85' lang='lat' dir='ltr'>extitit</span> <span class='ocrx_word' id='word_1_106' title='bbox 1414 3053 1467 3117; x_wconf 90' lang='lat' dir='ltr'>per</span> 
     </span>
     <span class='ocr_line' id='line_1_19' title="bbox 347 3137 1473 3228; baseline 0 -24"><span class='ocrx_word' id='word_1_107' title='bbox 347 3141 486 3225; x_wconf 87' lang='lat' dir='ltr'>eosdem,</span> <span class='ocrx_word' id='word_1_108' title='bbox 518 3139 694 3223; x_wconf 87' lang='lat' dir='ltr'>quodcum</span> <span class='ocrx_word' id='word_1_109' title='bbox 719 3137 805 3206; x_wconf 89' lang='lat' dir='ltr'>idem</span> <span class='ocrx_word' id='word_1_110' title='bbox 837 3139 946 3228; x_wconf 82' lang='lat' dir='ltr'>Zegen</span> <span class='ocrx_word' id='word_1_111' title='bbox 976 3145 1071 3224; x_wconf 88' lang='lat' dir='ltr'>pater</span> <span class='ocrx_word' id='word_1_112' title='bbox 1101 3137 1297 3206; x_wconf 89' lang='lat' dir='ltr'>karissimus</span> <span class='ocrx_word' id='word_1_113' title='bbox 1328 3140 1473 3208; x_wconf 90' lang='lat' dir='ltr'>eiusdem</span> 
     </span>
     <span class='ocr_line' id='line_1_20' title="bbox 344 3244 1471 3333; baseline 0 -21"><span class='ocrx_word' id='word_1_114' title='bbox 344 3245 473 3314; x_wconf 90' lang='lat' dir='ltr'>domine</span> <span class='ocrx_word' id='word_1_115' title='bbox 489 3264 588 3332; x_wconf 88' lang='lat' dir='ltr'>snper</span> <span class='ocrx_word' id='word_1_116' title='bbox 603 3246 679 3312; x_wconf 90' lang='lat' dir='ltr'>dote</span> <span class='ocrx_word' id='word_1_117' title='bbox 696 3253 727 3313; x_wconf 90' lang='lat' dir='ltr'>et</span> <span class='ocrx_word' id='word_1_118' title='bbox 743 3246 838 3313; x_wconf 87' lang='lat' dir='ltr'>rebus</span> <span class='ocrx_word' id='word_1_119' title='bbox 853 3244 1116 3333; x_wconf 85' lang='lat' dir='ltr'>parafamalibus</span> <span class='ocrx_word' id='word_1_120' title='bbox 1132 3245 1198 3312; x_wconf 86' lang='lat' dir='ltr'>filie</span> <span class='ocrx_word' id='word_1_121' title='bbox 1213 3265 1272 3314; x_wconf 89' lang='lat' dir='ltr'>sue</span> <span class='ocrx_word' id='word_1_122' title='bbox 1282 3247 1471 3333; x_wconf 77' lang='lat' dir='ltr'>supradicte</span> 
     </span>
     <span class='ocr_line' id='line_1_21' title="bbox 343 3352 1469 3442; baseline -0.003 -21"><span class='ocrx_word' id='word_1_123' title='bbox 343 3361 457 3422; x_wconf 91' lang='lat' dir='ltr'>contra</span> <span class='ocrx_word' id='word_1_124' title='bbox 473 3352 674 3420; x_wconf 83' lang='lat' dir='ltr'>Cazmcrium</span> <span class='ocrx_word' id='word_1_125' title='bbox 691 3360 723 3420; x_wconf 91' lang='lat' dir='ltr'>et</span> <span class='ocrx_word' id='word_1_126' title='bbox 738 3353 933 3442; x_wconf 86' lang='lat' dir='ltr'>Dyonisium</span> <span class='ocrx_word' id='word_1_127' title='bbox 950 3354 1095 3439; x_wconf 86' lang='lat' dir='ltr'>prefatos</span> <span class='ocrx_word' id='word_1_128' title='bbox 1120 3355 1291 3423; x_wconf 87' lang='lat' dir='ltr'>materiam</span> <span class='ocrx_word' id='word_1_129' title='bbox 1316 3356 1469 3423; x_wconf 88' lang='lat' dir='ltr'>mouisset</span> 
     </span>
     <span class='ocr_line' id='line_1_22' title="bbox 347 3459 1473 3548; baseline 0 -21"><span class='ocrx_word' id='word_1_130' title='bbox 347 3461 537 3548; x_wconf 85' lang='lat' dir='ltr'>questionis,</span> <span class='ocrx_word' id='word_1_131' title='bbox 553 3469 649 3548; x_wconf 89' lang='lat' dir='ltr'>prout</span> <span class='ocrx_word' id='word_1_132' title='bbox 665 3461 746 3548; x_wconf 91' lang='lat' dir='ltr'>ipsis</span> <span class='ocrx_word' id='word_1_133' title='bbox 763 3461 978 3530; x_wconf 83' lang='lat' dir='ltr'>referentibus</span> <span class='ocrx_word' id='word_1_134' title='bbox 993 3459 1230 3548; x_wconf 81' lang='lat' dir='ltr'>intelleximus3</span> <span class='ocrx_word' id='word_1_135' title='bbox 1256 3461 1388 3531; x_wconf 89' lang='lat' dir='ltr'>tandem</span> <span class='ocrx_word' id='word_1_136' title='bbox 1412 3481 1473 3548; x_wconf 82' lang='lat' dir='ltr'>per</span> 
     </span>
     <span class='ocr_line' id='line_1_23' title="bbox 346 3565 1470 3655; baseline 0.002 -22"><span class='ocrx_word' id='word_1_137' title='bbox 346 3567 515 3634; x_wconf 86' lang='lat' dir='ltr'>arbitrium</span> <span class='ocrx_word' id='word_1_138' title='bbox 531 3569 702 3655; x_wconf 88' lang='lat' dir='ltr'>proborum</span> <span class='ocrx_word' id='word_1_139' title='bbox 718 3568 859 3636; x_wconf 90' lang='lat' dir='ltr'>uirorum</span> <span class='ocrx_word' id='word_1_140' title='bbox 876 3569 990 3636; x_wconf 86' lang='lat' dir='ltr'>endem</span> <span class='ocrx_word' id='word_1_141' title='bbox 1016 3565 1147 3637; x_wconf 91' lang='lat' dir='ltr'>domina</span> <span class='ocrx_word' id='word_1_142' title='bbox 1162 3568 1227 3636; x_wconf 90' lang='lat' dir='ltr'>sibi</span> <span class='ocrx_word' id='word_1_143' title='bbox 1259 3567 1301 3636; x_wconf 90' lang='lat' dir='ltr'>de</span> <span class='ocrx_word' id='word_1_144' title='bbox 1332 3568 1409 3635; x_wconf 87' lang='lat' dir='ltr'>dote</span> <span class='ocrx_word' id='word_1_145' title='bbox 1438 3575 1470 3635; x_wconf 89' lang='lat' dir='ltr'>et</span> 
     </span>
     <span class='ocr_line' id='line_1_24' title="bbox 344 3667 1471 3761; baseline -0.001 -19"><span class='ocrx_word' id='word_1_146' title='bbox 344 3677 440 3742; x_wconf 88' lang='lat' dir='ltr'>rebus</span> <span class='ocrx_word' id='word_1_147' title='bbox 456 3674 718 3761; x_wconf 84' lang='lat' dir='ltr'>parafamalibus</span> <span class='ocrx_word' id='word_1_148' title='bbox 735 3676 936 3744; x_wconf 86' lang='lat' dir='ltr'>satisfactum</span> <span class='ocrx_word' id='word_1_149' title='bbox 953 3675 1055 3743; x_wconf 87' lang='lat' dir='ltr'>inisse</span> <span class='ocrx_word' id='word_1_150' title='bbox 1070 3667 1471 3744; x_wconf 88' lang='lat' dir='ltr'>nobisretulituinauoue.</span> 
     </span>
     <span class='ocr_line' id='line_1_25' title="bbox 345 3779 1471 3868; baseline -0.001 -19"><span class='ocrx_word' id='word_1_151' title='bbox 345 3783 438 3851; x_wconf 88' lang='lat' dir='ltr'>Vnde</span> <span class='ocrx_word' id='word_1_152' title='bbox 454 3801 530 3867; x_wconf 85' lang='lat' dir='ltr'>sepe</span> <span class='ocrx_word' id='word_1_153' title='bbox 547 3781 636 3850; x_wconf 91' lang='lat' dir='ltr'>dicta</span> <span class='ocrx_word' id='word_1_154' title='bbox 652 3779 785 3850; x_wconf 90' lang='lat' dir='ltr'>domina</span> <span class='ocrx_word' id='word_1_155' title='bbox 800 3783 983 3868; x_wconf 86' lang='lat' dir='ltr'>predictum</span> <span class='ocrx_word' id='word_1_156' title='bbox 999 3783 1203 3850; x_wconf 83' lang='lat' dir='ltr'>anmerinm</span> <span class='ocrx_word' id='word_1_157' title='bbox 1220 3788 1253 3850; x_wconf 90' lang='lat' dir='ltr'>et</span> <span class='ocrx_word' id='word_1_158' title='bbox 1277 3781 1471 3868; x_wconf 81' lang='lat' dir='ltr'>Dyouisium</span> 
     </span>
     <span class='ocr_line' id='line_1_26' title="bbox 344 3889 1471 3976; baseline -0.004 -18"><span class='ocrx_word' id='word_1_159' title='bbox 344 3912 384 3958; x_wconf 89' lang='lat' dir='ltr'>ac</span> <span class='ocrx_word' id='word_1_160' title='bbox 401 3911 477 3958; x_wconf 91' lang='lat' dir='ltr'>snas</span> <span class='ocrx_word' id='word_1_161' title='bbox 494 3891 702 3976; x_wconf 85' lang='lat' dir='ltr'>posteritates</span> <span class='ocrx_word' id='word_1_162' title='bbox 716 3891 758 3957; x_wconf 91' lang='lat' dir='ltr'>ab</span> <span class='ocrx_word' id='word_1_163' title='bbox 776 3894 894 3958; x_wconf 89' lang='lat' dir='ltr'>euentu</span> <span class='ocrx_word' id='word_1_164' title='bbox 911 3890 1103 3974; x_wconf 91' lang='lat' dir='ltr'>questionis,</span> <span class='ocrx_word' id='word_1_165' title='bbox 1130 3908 1192 3973; x_wconf 91' lang='lat' dir='ltr'>que</span> <span class='ocrx_word' id='word_1_166' title='bbox 1208 3889 1341 3958; x_wconf 82' lang='lat' dir='ltr'>racione</span> <span class='ocrx_word' id='word_1_167' title='bbox 1364 3889 1471 3976; x_wconf 88' lang='lat' dir='ltr'>predi·</span> 
     </span>
     <span class='ocr_line' id='line_1_27' title="bbox 345 3995 1473 4083; baseline -0.004 -18"><span class='ocrx_word' id='word_1_168' title='bbox 345 4007 470 4066; x_wconf 89' lang='lat' dir='ltr'>ctarum</span> <span class='ocrx_word' id='word_1_169' title='bbox 487 4017 595 4064; x_wconf 89' lang='lat' dir='ltr'>rerum</span> <span class='ocrx_word' id='word_1_170' title='bbox 610 3997 869 4083; x_wconf 85' lang='lat' dir='ltr'>paraiarnalium</span> <span class='ocrx_word' id='word_1_171' title='bbox 886 4005 998 4082; x_wconf 90' lang='lat' dir='ltr'>posset</span> <span class='ocrx_word' id='word_1_172' title='bbox 1013 3996 1154 4081; x_wconf 87' lang='lat' dir='ltr'>incitari,</span> <span class='ocrx_word' id='word_1_173' title='bbox 1171 3995 1317 4063; x_wconf 90' lang='lat' dir='ltr'>reddidit</span> <span class='ocrx_word' id='word_1_174' title='bbox 1342 3998 1473 4081; x_wconf 86' lang='lat' dir='ltr'>expedi·</span> 
     </span>
     <span class='ocr_line' id='line_1_28' title="bbox 345 4101 1474 4194; baseline -0.005 -20"><span class='ocrx_word' id='word_1_175' title='bbox 345 4112 406 4194; x_wconf 90' lang='lat' dir='ltr'>tos,</span> <span class='ocrx_word' id='word_1_176' title='bbox 423 4123 625 4173; x_wconf 89' lang='lat' dir='ltr'>assummens</span> <span class='ocrx_word' id='word_1_177' title='bbox 642 4104 745 4173; x_wconf 84' lang='lat' dir='ltr'>eciam</span> <span class='ocrx_word' id='word_1_178' title='bbox 765 4125 821 4172; x_wconf 90' lang='lat' dir='ltr'>eos</span> <span class='ocrx_word' id='word_1_179' title='bbox 837 4104 1003 4192; x_wconf 86' lang='lat' dir='ltr'>expedire,</span> <span class='ocrx_word' id='word_1_180' title='bbox 1021 4105 1049 4172; x_wconf 94' lang='lat' dir='ltr'>si</span> <span class='ocrx_word' id='word_1_181' title='bbox 1065 4103 1198 4172; x_wconf 87' lang='lat' dir='ltr'>racione</span> <span class='ocrx_word' id='word_1_182' title='bbox 1213 4101 1299 4172; x_wconf 90' lang='lat' dir='ltr'>dotis</span> <span class='ocrx_word' id='word_1_183' title='bbox 1315 4108 1349 4172; x_wconf 90' lang='lat' dir='ltr'>et</span> <span class='ocrx_word' id='word_1_184' title='bbox 1367 4123 1474 4171; x_wconf 88' lang='lat' dir='ltr'>rerum</span> 
     </span>
     <span class='ocr_line' id='line_1_29' title="bbox 345 4210 1552 4300; baseline -0.004 -20"><span class='ocrx_word' id='word_1_185' title='bbox 345 4213 566 4298; x_wconf 86' lang='lat' dir='ltr'>predictarum</span> <span class='ocrx_word' id='word_1_186' title='bbox 582 4231 639 4280; x_wconf 91' lang='lat' dir='ltr'>eos</span> <span class='ocrx_word' id='word_1_187' title='bbox 656 4213 860 4298; x_wconf 78' lang='lat' dir='ltr'>contingeret</span> <span class='ocrx_word' id='word_1_188' title='bbox 875 4212 977 4298; x_wconf 90' lang='lat' dir='ltr'>iupeti</span> <span class='ocrx_word' id='word_1_189' title='bbox 993 4213 1047 4279; x_wconf 90' lang='lat' dir='ltr'>uel</span> <span class='ocrx_word' id='word_1_190' title='bbox 1074 4210 1263 4296; x_wconf 87' lang='lat' dir='ltr'>aliqualiter</span> <span class='ocrx_word' id='word_1_191' title='bbox 1293 4211 1472 4279; x_wconf 89' lang='lat' dir='ltr'>molestari.</span> <span class='ocrx_word' id='word_1_192' title='bbox 1551 4237 1552 4300; x_wconf 65' lang='lat' dir='ltr'>p</span> 
     </span>
     <span class='ocr_line' id='line_1_30' title="bbox 343 4318 1474 4408; baseline -0.003 -20"><span class='ocrx_word' id='word_1_193' title='bbox 343 4323 382 4388; x_wconf 93' lang='lat' dir='ltr'>In</span> <span class='ocrx_word' id='word_1_194' title='bbox 399 4322 490 4390; x_wconf 89' lang='lat' dir='ltr'>cuius</span> <span class='ocrx_word' id='word_1_195' title='bbox 506 4321 553 4386; x_wconf 93' lang='lat' dir='ltr'>rei</span> <span class='ocrx_word' id='word_1_196' title='bbox 569 4321 789 4390; x_wconf 89' lang='lat' dir='ltr'>testimonium</span> <span class='ocrx_word' id='word_1_197' title='bbox 807 4326 839 4388; x_wconf 92' lang='lat' dir='ltr'>et</span> <span class='ocrx_word' id='word_1_198' title='bbox 854 4327 1044 4408; x_wconf 87' lang='lat' dir='ltr'>perpetuam</span> <span class='ocrx_word' id='word_1_199' title='bbox 1060 4319 1247 4386; x_wconf 85' lang='lat' dir='ltr'>firmitatem</span> <span class='ocrx_word' id='word_1_200' title='bbox 1273 4318 1319 4386; x_wconf 90' lang='lat' dir='ltr'>ad</span> <span class='ocrx_word' id='word_1_201' title='bbox 1351 4321 1474 4388; x_wconf 85' lang='lat' dir='ltr'>instan·</span> 
     </span>
     <span class='ocr_line' id='line_1_31' title="bbox 344 4425 1474 4514; baseline -0.002 -18"><span class='ocrx_word' id='word_1_202' title='bbox 344 4430 428 4496; x_wconf 89' lang='lat' dir='ltr'>ciam</span> <span class='ocrx_word' id='word_1_203' title='bbox 445 4435 476 4496; x_wconf 89' lang='lat' dir='ltr'>et</span> <span class='ocrx_word' id='word_1_204' title='bbox 491 4427 685 4514; x_wconf 89' lang='lat' dir='ltr'>peticionem</span> <span class='ocrx_word' id='word_1_205' title='bbox 701 4428 865 4514; x_wconf 80' lang='lat' dir='ltr'>sepedicto</span> <span class='ocrx_word' id='word_1_206' title='bbox 881 4427 1011 4495; x_wconf 92' lang='lat' dir='ltr'>domine</span> <span class='ocrx_word' id='word_1_207' title='bbox 1023 4433 1198 4513; x_wconf 87' lang='lat' dir='ltr'>presentes</span> <span class='ocrx_word' id='word_1_208' title='bbox 1229 4425 1365 4513; x_wconf 83' lang='lat' dir='ltr'>prelatis</span> <span class='ocrx_word' id='word_1_209' title='bbox 1397 4427 1474 4494; x_wconf 83' lang='lat' dir='ltr'>Caz-</span> 
     </span>
     <span class='ocr_line' id='line_1_32' title="bbox 344 4533 1479 4622; baseline 0 -23"><span class='ocrx_word' id='word_1_210' title='bbox 344 4535 443 4602; x_wconf 89' lang='lat' dir='ltr'>merlo</span> <span class='ocrx_word' id='word_1_211' title='bbox 461 4540 492 4600; x_wconf 87' lang='lat' dir='ltr'>et</span> <span class='ocrx_word' id='word_1_212' title='bbox 507 4534 666 4622; x_wconf 84' lang='lat' dir='ltr'>Dycnisio</span> <span class='ocrx_word' id='word_1_213' title='bbox 683 4533 830 4602; x_wconf 89' lang='lat' dir='ltr'>dedimus</span> <span class='ocrx_word' id='word_1_214' title='bbox 847 4535 973 4602; x_wconf 90' lang='lat' dir='ltr'>litteras</span> <span class='ocrx_word' id='word_1_215' title='bbox 989 4541 1101 4604; x_wconf 88' lang='lat' dir='ltr'>nostro</span> <span class='ocrx_word' id='word_1_216' title='bbox 1118 4533 1229 4618; x_wconf 80' lang='lat' dir='ltr'>rigillo</span> <span class='ocrx_word' id='word_1_217' title='bbox 1256 4533 1479 4602; x_wconf 84' lang='lat' dir='ltr'>communitas</span> 
     </span>
    </p>
   </div>
   <div class='ocr_carea' id='block_1_8' title="bbox 0 0 1579 5140">
    <p class='ocr_par' dir='ltr' id='par_1_8' title="bbox 0 0 1579 5140">
     <span class='ocr_line' id='line_1_33' title="bbox 0 0 1579 5140; baseline 0 0"><span class='ocrx_word' id='word_1_218' title='bbox 0 0 1579 5140; x_wconf 95' lang='lat' dir='ltr'> </span> 
     </span>
    </p>
   </div>
  </div>
 </body>
</html>
