3124 5152
598 291 664 356 315

557 381 716 391 -μμ

87 505 170 550 ruum
187 507 226 552 ex
241 486 336 554 nobis
352 486 501 554 misimus
516 484 722 570 fidediguum,
746 486 801 568 qui
822 483 952 570 quidem
985 487 1026 554 ad
1058 507 1115 554 nos
1147 507 1192 554 re-

87 613 186 660 uersus
201 591 293 677 dixit,
318 596 406 681 qued
440 595 575 680 predicti
606 594 688 678 Apa,
721 593 895 681 Mutymer,
921 592 1074 660 Gurdosa
1092 600 1123 660 et
1139 595 1196 677 alij

86 702 199 785 cognati
215 703 403 792 eorundem,
422 701 1006 771 eouuoeatisomuibuseommetaneis
1024 701 1194 768 eorundem

87 814 113 874 et
127 809 252 896 ryeiuis,
271 817 393 877 terram
411 811 579 898 Ybrahyni
597 817 728 896 prepter
743 809 815 898 hoe,
832 811 918 897 quia,
935 808 1020 876 idem
1044 808 1198 876 thahurr

89 917 116 982 in
143 919 363 1001 reeuperanda
393 920 599 1005 possessione
630 919 772 1004 ipsorum
803 917 959 984 maiorem
991 917 1133 984 laborem
1168 923 1199 983 ot

87 1043 244 1110 expensam
262 1026 392 1094 adibuit
409 1035 441 1093 et
457 1026 611 1114 inpendit,
630 1027 722 1094 metis
749 1031 780 1092 et
804 1025 951 1092 terminis
982 1023 1199 1108 infrascriptis

87 1131 273 1217 distingeudo
291 1143 325 1202 et
340 1136 532 1220 separando,
550 1135 655 1202 eidem
672 1134 850 1220 Ybrahyno
882 1141 915 1200 et
929 1133 995 1200 suis
1014 1131 1196 1212 heredibus,
1316 1217 1324 1236 ·

86 1242 290 1326 heredumque
309 1264 440 1312 suorum
456 1243 696 1312 suecessoribus
723 1263 763 1309 err
781 1243 940 1310 communi
970 1241 1136 1310 voluntate
1168 1249 1200 1307 et

87 1370 226 1420 consensu
253 1353 358 1422 toeius
381 1353 605 1437 generaeiuuis
622 1351 765 1438 ipsorum
797 1351 978 1437 dedissent,
1010 1349 1199 1418 statuissent

86 1469 112 1524 et
125 1459 355 1547 assignassent,
380 1462 463 1528 sieut
477 1461 584 1546 ipsum
600 1461 804 1544 competebat
819 1469 850 1528 et
866 1460 1065 1544 congruebat
1081 1477 1191 1544 perpe·

85 1572 130 1631 too
144 1567 384 1650 possidendam.
404 1570 503 1637 Cuius
528 1579 614 1634 terre
631 1570 735 1652 prima
756 1547 853 1636 ‘meta
883 1569 1000 1652 ineipit
1025 1567 1114 1632 iuxta
1140 1565 1196 1631 flu-

87 1673 157 1739 uium
174 1673 377 1762 Churkuuyk
400 1675 539 1744 tendens
570 1697 682 1744 sersus
713 1675 913 1742 oeeidentem
945 1696 1003 1762 per
1035 1673 1198 1759 quandam

85 1780 242 1869 railem,et
259 1783 293 1849 in
326 1785 434 1870 eapite
466 1784 568 1870 ipsius
593 1783 689 1850 vallis
715 1791 763 1851 eet
794 1783 890 1850 arbor
920 1783 1129 1872 gymuiehyn,
1162 1793 1194 1852 et

87 1889 183 1956 subtus
208 1899 258 1956 est
274 1899 362 1957 meta
378 1898 499 1972 terrea;
522 1891 599 1958 iude
617 1891 720 1959 tendit
735 1913 791 1978 per
807 1901 946 1960 montem
963 1895 1054 1960 iuxta
1080 1899 1197 1958 terram

19 2001 20 2004 ’
86 1995 171 2063 Batus
185 1993 330 2083 comitis,
347 2007 379 2064 et
394 2001 541 2084 peruenit
556 1998 599 2066 ad
631 2001 781 2068 arborem
812 2000 895 2086 piri;
920 1999 996 2066 iuda
1028 1997 1198 2066 deseendit

86 2121 181 2170 sersus
192 2107 386 2194 aquilonem,
404 2115 435 2173 et
450 2107 568 2174 transit
584 2106 747 2191 quoddam
764 2109 886 2194 pothok
902 2108 944 2174 ad
963 2111 1109 2176 arborem
1121 2107 1194 2194 piri,

85 2210 133 2274 sub
150 2217 278 2294 quaest
309 2219 397 2279 meta
428 2220 553 2300 terrea;
577 2214 652 2282 iudo
676 2213 782 2282 tendit
812 2235 870 2299 per
901 2223 1005 2284 terras
1037 2215 1190 2302 arabiles,

86 2318 235 2402 inquibus
262 2327 311 2387 est
326 2321 421 2388 arbor
436 2320 645 2410 gymuiehyn,
678 2330 711 2388 et
726 2323 785 2388 sub
802 2323 875 2407 ipsa
899 2329 947 2390 est
973 2327 1059 2392 meta
1077 2330 1193 2405 terrea,

86 2435 111 2490 ot
136 2426 251 2495 ibidem
281 2448 385 2514 prope
417 2428 504 2496 eadit
535 2431 567 2496 iu
586 2441 682 2516 eaput
698 2431 866 2499 euiusdam
881 2431 997 2513 fontis3
1021 2432 1095 2498 indo
1111 2432 1198 2499 refle-

86 2533 167 2600 ctitur
181 2557 293 2604 uersus
309 2537 509 2606 oeeidentem
527 2539 569 2606 ad
586 2539 732 2606 arborem
765 2547 914 2626 gortyae,
940 2547 972 2608 et
1002 2541 1114 2608 subtus
1146 2549 1196 2609 est

85 2651 157 2709 meta
184 2651 303 2734 terrea,
321 2653 354 2714 et
383 2647 426 2713 ibi
444 2653 616 2732 separatur
632 2669 653 2714 a
668 2656 754 2716 terra
770 2648 903 2715 Comitis
919 2649 1030 2733 Batus,
1063 2658 1094 2716 et
1110 2669 1196 2715 uom-

84 2755 205 2818 metatur
237 2759 323 2820 terre
339 2753 474 2820 filiorum
491 2756 619 2840 Negau,
644 2757 821 2841 Mueymeri
837 2755 989 2824 videlieet
1005 2764 1038 2824 et
1053 2756 1194 2844 Audree,

85 2865 109 2924 ot
131 2860 242 2927 Jaeobi
266 2861 324 2946 filij
357 2861 499 2948 Neraad,
532 2861 668 2930 tendens
699 2881 811 2930 versus
843 2865 1104 2950 septemtrionem
1136 2883 1195 2949 per

85 2965 217 3034 berohiu
234 2989 351 3054 magno
376 2971 496 3057 spaeio,
514 2977 546 3037 et
577 2970 714 3038 transita
739 2971 881 3056 quadam
915 2973 968 3040 via
999 2991 1056 3056 per
1088 2973 1194 3064 ipsam

85 3077 216 3156 peruenit
246 3077 289 3144 ad
319 3079 538 3160 monticulum,
579 3087 611 3145 et
640 3076 679 3146 de
710 3080 781 3165 ipso
811 3081 988 3148 montirulo
1020 3079 1189 3148 deseendit

85 3183 119 3248 ad
142 3190 255 3252 metam
286 3192 445 3270 terream;
468 3184 545 3252 inde
575 3185 618 3251 ad
635 3207 785 3272 magnam
802 3187 930 3275 vallem,
957 3189 1071 3272 inqua
1097 3189 1194 3255 eurrit

85 3289 281 3380 Soryzauuyk
310 3293 463 3380 pothoka,
494 3295 697 3379 transitoque
727 3297 798 3382 ipso
816 3296 937 3381 pothek
972 3297 1120 3382 peruenit
1150 3295 1196 3361 ad

86 3397 159 3466 latus
173 3400 336 3467 euinsdum
356 3401 486 3489 lapidis,
514 3410 686 3487 separatur
710 3423 731 3469 a
747 3410 834 3469 terra
850 3403 989 3469 filiorum
1005 3403 1131 3488 Negau,
1166 3409 1196 3468 et

85 3515 280 3577 commotatur
312 3518 397 3576 terre
427 3509 511 3598 Apa,
542 3510 700 3596 Stephani
717 3517 749 3578 at
780 3509 959 3593 Laustahij,
990 3509 1125 3578 tendens
1152 3511 1194 3576 ad

86 3621 210 3683 montem
241 3617 425 3707 maximum,
466 3625 498 3686 et
529 3639 625 3705 super
656 3619 822 3703 quandam
851 3639 989 3706 vyneam
1020 3626 1070 3687 est
1101 3620 1196 3687 arbor

86 3719 211 3805 horazth,
244 3732 277 3792 et
300 3725 362 3792 sub
379 3731 483 3794 esest
499 3734 730 3808 metaterrea;
750 3725 827 3792 inde
842 3725 1010 3796 deseendit
1035 3727 1078 3794 ad
1095 3728 1193 3811 quod·

85 3824 149 3896 dam
164 3833 295 3917 potbok,
326 3843 359 3900 et
374 3836 511 3903 transito
543 3837 615 3922 ipso
647 3837 770 3921 pothok
802 3838 948 3905 aseendit
978 3838 1021 3904 ad
1051 3845 1192 3904 montem

84 3937 237 4030 botrybyg
253 3943 372 4029 voeati,
389 3947 421 4009 et
439 3943 474 4008 in
489 3942 554 4009 fine
570 3943 673 4028 ipsius
683 3944 800 4010 montis
811 3965 909 4029 supra
919 3945 1037 4012 siluam
1048 3951 1097 4012 est
1110 3953 1195 4010 meta

85 4051 192 4137 terrea;
216 4049 296 4117 inde
312 4050 478 4118 deseendit
494 4049 537 4118 ad
552 4050 683 4134 vallem,
694 4057 728 4118 et
741 4052 881 4119 transita
896 4051 970 4139 ipsa
986 4053 1072 4119 ruite
1088 4071 1196 4118 aseen-

85 4151 124 4218 dit
137 4157 176 4224 ad
190 4158 277 4226 mam
294 4177 358 4243 que
373 4167 509 4226 voeatur
524 4159 660 4236 Bausta,
678 4158 881 4242 transitaque
897 4159 970 4242 ipsa
995 4158 1048 4226 via
1065 4161 1097 4225 iu
1129 4160 1193 4224 fiua
1259 4189 1261 4198 ·

87 4264 238 4336 cuiusdam
269 4268 387 4336 montis
419 4278 470 4337 est
500 4277 585 4337 meta
615 4279 740 4350 terrea;
763 4269 880 4337 deinde
900 4267 989 4334 eadit
1004 4267 1045 4335 ad
1061 4267 1194 4334 fluuium

86 4371 264 4462 Prezeloleh,
281 4387 313 4445 et
330 4398 387 4462 per
401 4379 506 4463 ipsum
522 4375 646 4462 pothok
662 4374 751 4444 vadit
767 4376 809 4442 ad
833 4376 1000 4466 Zelemen,
1018 4386 1050 4446 et
1067 4378 1115 4446 ibi
1146 4386 1196 4444 est

86 4481 170 4548 arbor
197 4485 256 4552 has
287 4504 381 4551 oruee
412 4485 552 4570 signata,
582 4483 691 4568 ibique
721 4489 893 4570 separatur
923 4491 1047 4550 aterra
1072 4486 1147 4571 Apa
1163 4493 1195 4550 et

86 4589 227 4676 Stephani
243 4593 508 4680 supradictorum,
524 4600 557 4660 et
578 4597 788 4660 eemmetatur
806 4597 888 4664 terre
913 4591 1062 4676 Magistri
1093 4591 1193 4658 Beue·
