3096 5160
602 299 761 397 *aar*

111 493 185 560 kem
204 493 246 560 ab
263 495 366 560 altera
381 511 489 558 eoram
507 490 652 577 prediolo
671 491 819 578 Capitulo
836 492 1001 585 constituti
1033 495 1238 578 recitassent,
1255 479 1259 487 ’

112 601 198 685 quod
229 621 301 667 eum
332 598 418 664 idem
450 599 566 666 Comes
597 601 712 665 Petrus
744 599 850 686 ipsum
867 595 1027 666 Comitem
1044 601 1177 668 Markus
1193 602 1237 669 ad

110 708 316 796 presenoiam
332 705 455 774 domini
471 706 599 772 Nioolai
616 705 758 772 Palatini
774 705 887 772 ordine
899 705 1076 790 judioiario
1109 727 1241 776 euocas-

111 824 161 884 set
192 836 291 901 super
321 817 406 884 laeto
439 814 583 884 eiusdem
617 822 714 900 terre,
743 835 806 900 que
837 815 1003 882 aHerena
1034 821 1066 882 et
1092 816 1185 902 Gugo
1201 817 1242 885 do

110 923 333 1008 propinquiori
366 923 457 989 linea
488 921 800 1007 consanguineitatis
833 922 965 988 Comitis
996 923 1137 1007 Ilemerij
1170 922 1241 991 des·
1328 987 1331 994 .

110 1029 324 1098 eendontibus
355 1028 418 1116 ipsi
450 1029 567 1095 Comiti
598 1029 731 1096 Markus
761 1029 977 1114 prouenisset,
1002 1030 1122 1115 etipsa
1139 1051 1240 1099 eausa
1302 1049 1305 1056 ·

109 1138 196 1204 inter
226 1144 337 1224 partes
369 1137 570 1222 aliquamdiu
602 1136 715 1204 luisset
745 1136 932 1204 ventilata:
965 1137 1096 1205 tandem
1129 1145 1239 1224 partes

109 1252 244 1330 propter
261 1245 378 1310 bonum
395 1245 487 1328 paeis
503 1245 596 1310 iuxta
612 1243 810 1310 sentenciam
828 1249 859 1311 et
874 1242 1044 1311 arbitrium
1062 1247 1235 1330 proborum

108 1354 251 1421 virorum
283 1353 318 1417 in
348 1353 444 1420 talem
477 1351 569 1437 paeis
600 1359 631 1418 et
663 1351 834 1419 eonoordis
850 1350 988 1438 tytulum
1004 1351 1232 1420 deuenissont:

109 1459 196 1544 quod
226 1461 422 1546 presoriptus
465 1461 580 1527 Comes
611 1458 745 1526 Markus
777 1459 916 1545 receptis
940 1464 1063 1544 septem
1081 1460 1239 1529 marcisa

109 1565 236 1635 Gemite
275 1567 380 1653 Petro,
421 1555 607 1652 reliquisset
655 1567 762 1652 ipsam
802 1573 933 1651 terram,
972 1566 1103 1634 raeione
1142 1568 1234 1635 euius

108 1675 269 1759 agebatur
299 1681 412 1742 eontra
427 1673 542 1761 ipsum,
560 1674 624 1761 ipsi
651 1673 768 1742 domiti
783 1674 878 1742 Petro
894 1680 1050 1761 perpetuo
1066 1674 1238 1761 possiden-

109 1780 186 1848 dam
201 1799 310 1848 eoram
328 1778 477 1867 Oapitnlo
501 1780 699 1867 supradioto.
732 1782 816 1848 Mete
847 1801 924 1849 vero
956 1780 1066 1869 ipsius·
1088 1787 1173 1849 terre
1204 1781 1235 1848 in

109 1887 232 1956 eisdem
264 1889 377 1957 litteris
416 1891 609 1976 eonseripte.
638 1889 763 1969 Quibus
799 1889 929 1974 quidem
960 1892 1020 1958 stb.
1051 1891 1171 1957 Datum
1202 1890 1236 1956 in

109 1997 310 2082 Wysaegrad
342 1996 535 2064 duodecimo
567 1998 620 2065 die
654 1997 781 2065 termini
825 1999 986 2082 prenotati
1028 1996 1234 2084 (oetaunrum

108 2103 181 2171 sesti
213 2103 403 2172 Natiuitatis
433 2103 526 2172 Beati
557 2105 721 2174 Johonnis
759 2101 926 2192 Baptista)
973 2125 1057 2174 anno
1105 2105 1236 2172 Domini

108 2209 398 2278 MUGO⁰LXXX⁰
415 2219 539 2281 ootauo.

316 2409 454 2470 (Eredstie
473 2425 490 2461 a
506 2410 591 2462 budai
608 2410 662 2464 kir.
681 2410 807 2462 kamarai
828 2409 1022 2476 lanistrarum.)

633 3337 709 3406 439.

336 3533 507 3606 Cbuakudi
522 3539 654 3610 Mu'rton
669 3495 884 3624 oe‘preaddete.
909 3537 1007 3600 1292.

210 3731 396 3802 conuentus
427 3732 664 3802 Grueilerorum
696 3735 818 3800 Domus
834 3730 1016 3818 Hospitalis
1035 3731 1076 3798 ds
1102 3729 1233 3799 Jerusa-

95 3839 164 3910 lem
182 3840 225 3907 de
241 3841 328 3908 Alba
343 3841 491 3910 omnibns
509 3839 626 3909 Christi
642 3840 791 3908 fidelibus
807 3846 873 3909 mm
898 3841 1104 3927 presentibus
1137 3861 1233 3925 quam

93 3946 218 4016 suturis
249 3949 387 4017 salntem
411 3949 445 4016 in
462 3951 577 4017 salutis
610 3948 770 4034 largitore.
793 3947 899 4028 Quum
915 3954 1061 4033 tempora
1077 3958 1233 4018 eteorum

94 4055 189 4124 saeta
220 4057 373 4126 labuntur
405 4077 477 4124 eum
521 4056 656 4145 eisdem,
697 4076 758 4124 nee
800 4075 841 4122 ea
880 4055 1049 4137 memoria,
1068 4057 1234 4126 bominum

90 4163 186 4232 ualet
217 4163 357 4232 retinere
374 4189 381 4230 :
399 4162 535 4251 dignum
568 4172 627 4250 est,
660 4169 694 4232 ut
725 4185 765 4230 ea
797 4185 860 4248 que
892 4169 1032 4250 aguntur
1047 4165 1232 4233 litterarum

90 4272 285 4341 testimonio
326 4272 596 4358 comprobentur.'
627 4271 769 4340 Proinde
815 4271 859 4341 ad
901 4271 1123 4340 uniuersorum
1163 4281 1232 4341 tarn

90 4379 303 4465 presentium
335 4398 431 4464 quam
464 4378 645 4448 futurorum
677 4376 832 4446 noticiam
864 4378 1014 4446 uolumus
1045 4381 1229 4470 peruenire,

93 4487 185 4572 quod
201 4505 275 4553 eum
292 4487 451 4554 Martinus
466 4489 554 4556 filins
571 4486 664 4555 Poka
680 4486 797 4555 nobilis
813 4486 854 4554 de
887 4485 1047 4554 Chunkud
1080 4487 1115 4554 in
1146 4489 1230 4556 leuto

92 4592 296 4681 egritudinis
325 4593 450 4680 positus
480 4601 577 4683 esset,
609 4594 697 4663 diem
718 4593 865 4666 ultimum
890 4613 1065 4682 properare
1081 4594 1226 4665 conside·
