3148 5146
838 419 884 485 ta

300 617 356 686 ubi
387 635 459 681 enm
490 611 686 680 laudabilem
718 610 911 696 agnouimus
935 629 1042 675 rerum
1061 609 1272 695 experiencia
1288 631 1447 696 compro-
1566 573 1567 612 ἶ

301 725 412 792 bantet
427 723 466 788 Iu
483 717 690 807 expedicione
707 719 811 784 eciam
826 725 948 800 nostra,
962 735 1059 801 qnam
1086 723 1202 788 contra
1232 720 1448 790 Austrenses

300 831 462 898 mmimm
501 833 632 914 propter
671 823 853 893 namuciam
883 828 917 890 et
930 821 1129 892 iniusticiam
1159 823 1265 908 Regis
1296 825 1445 897 Roemie
1567 861 1568 878 ,

300 935 586 1024 comprimendam,
603 932 657 1018 qui
673 931 778 1000 Nobis
794 930 1016 1017 multipliciter
1030 931 1129 999 fidem
1142 931 1249 1016 fregit,
1273 934 1434 1003 lnlideles

303 1053 431 1116 nostros
462 1044 497 1110 in
529 1061 621 1110 suum
652 1038 830 1108 dominium
861 1038 1072 1122 admittendo,
1090 1045 1122 1107 et
1137 1045 1312 1110 tesaurum
1327 1043 1442 1126 Regni
1568 1095 1569 1104 ,

300 1153 404 1221 nostri
419 1170 500 1220 ausu
515 1147 688 1214 temerario
703 1145 949 1230 contractando,
967 1145 1091 1214 dictum
1108 1147 1237 1214 Bannm
1254 1147 1440 1236 sollertem,

300 1256 471 1344 prouidum
487 1261 521 1322 et
534 1251 660 1321 bellicis
675 1251 847 1319 sudoribus
878 1251 1062 1336 expositum
1078 1251 1278 1339 inuenimus,
1294 1261 1328 1322 et
1344 1257 1443 1324 circa

303 1363 411 1434 omnia
427 1368 538 1428 nostra
554 1357 760 1444 exsequenda
775 1357 933 1424 mandata
964 1357 1245 1444 promptissimum
1262 1368 1296 1430 et
1326 1369 1438 1431 atten-

300 1477 369 1536 tum
399 1489 459 1556 pro
488 1466 645 1535 fidelitate
677 1464 801 1532 (torono
830 1463 950 1548 debita,
985 1471 1019 1532 et
1034 1468 1294 1534 oonsernaciooe
1319 1468 1442 1540 Patrio

302 1595 371 1657 sne,
401 1583 476 1662 post
500 1579 626 1658 tergum
651 1573 759 1639 omnia
782 1569 1007 1656 relinquendo,
1024 1577 1057 1638 et
1087 1572 1241 1639 continue
1256 1574 1293 1641 in
1322 1585 1444 1646 nostro

305 1681 446 1748 exercitu
479 1687 593 1748 contra
607 1678 791 1764 potenciam
806 1677 908 1763 Regis
923 1677 1055 1744 Boemie
1072 1677 1287 1747 landabiliter
1302 1701 1437 1750 concer-

304 1786 414 1874 tando,
431 1788 493 1856 sibi
509 1807 576 1854 non
591 1805 740 1871 parcens,
756 1802 817 1850 nce
832 1783 910 1871 vite,
927 1784 1103 1867 gloriosam
1134 1783 1242 1852 uitam
1273 1795 1441 1874 reputans

303 1916 363 1980 pro
394 1896 500 1984 patria
530 1892 694 1977 dimicare,
727 1890 806 1975 quin
837 1909 914 1976 ymo
947 1909 1020 1956 cnm
1036 1889 1239 1974 proclamato
1256 1900 1288 1960 ot
1314 1905 1438 1966 uocato

303 2011 413 2070 nostro
431 2002 574 2070 exercitu
589 2005 702 2066 contra
716 1997 870 2065 insultum
885 1995 1005 2083 prelati
1022 1997 1123 2082 Regis
1141 1997 1277 2068 Boemic
1308 2005 1444 2088 paulis--

305 2115 490 2194 pernostra
520 2128 556 2175 se
570 2105 692 2173 milicia
708 2113 910 2191 prepararet,
926 2103 1047 2172 dictum
1072 2106 1290 2174 Laurencinm
1305 2109 1441 2179 Bonum

306 2213 349 2282 de
364 2233 423 2280 sua
440 2214 503 2280 fide
518 2220 551 2280 et
566 2211 726 2280 industria
741 2233 800 2298 per
815 2211 919 2280 multa
935 2211 1081 2298 auspicia
1092 2213 1303 2300 confidentes,
1320 2238 1445 2301 quam·
1572 2260 1573 2290 2

307 2323 358 2388 uis
389 2320 550 2388 continuis
580 2319 661 2389 belli
690 2318 860 2388 sudoribes
886 2319 1068 2404 fatigatum,
1101 2323 1287 2390 necessario
1317 2331 1444 2409 premi-

307 2430 407 2496 simus
435 2435 510 2496 ante
542 2427 716 2495 exercitum
748 2425 792 2492 od
820 2427 928 2510 Regni
959 2425 1100 2494 confinia
1133 2427 1352 2499 defendenda.
1371 2436 1445 2504 Pro

308 2535 492 2603 huiusmodi
522 2535 621 2619 igitur
650 2533 796 2601 eiusdem
825 2532 997 2618 Laurencij
1030 2533 1121 2618 Bani,
1153 2534 1263 2602 dilecti
1280 2545 1313 2605 et
1327 2538 1443 2612 fidelis

308 2643 418 2728 nostri,
435 2649 466 2710 et
482 2643 590 2710 multis
606 2642 681 2728 aliJs
696 2641 822 2707 meritis
837 2651 870 2708 et
886 2641 1053 2727 obsequijs
1082 2643 1256 2732 graciosis,
1288 2664 1352 2728 quc
1368 2670 1443 2720 non

308 2757 443 2839 possunt
472 2772 531 2836 per
561 2750 692 2836 singula
722 2747 894 2835 recenseri,
920 2768 962 2814 ex
978 2749 1227 2817 mansuetudine
1242 2753 1348 2837 Regia
1363 2777 1444 2841 pre-

307 2857 492 2926 cordialiter
520 2855 678 2944 inclinati,
696 2861 732 2922 vt
762 2855 832 2922 eins
863 2855 1012 2940 exemplo
1041 2857 1183 2941 reliquos
1197 2860 1305 2944 Regni
1327 2867 1439 2932 nostri

306 2965 419 3033 fideles
450 2962 494 3032 ad
525 2969 637 3032 nostra
664 2963 874 3048 beneplacita
905 2971 937 3030 et
961 2963 1068 3046 Regni
1098 2964 1239 3033 seruicia
1270 2967 1443 3041 efficasius

306 3068 400 3158 (igy,)
416 3071 633 3157 attendamus,
649 3071 726 3137 licet
741 3069 900 3137 modicum
932 3069 1082 3137 uideatur
1112 3069 1267 3157 inspectis
1298 3095 1437 3145 snorum

307 3179 517 3263 qualitatibus
548 3178 743 3261 meritorum,
761 3175 926 3262 quandam
951 3177 1194 3262 possessionem
1211 3181 1319 3268 Vyhel
1337 3205 1441 3254 noca-

306 3293 385 3374 tam,
403 3307 475 3356 cum
493 3287 640 3354 omnibus
656 3286 725 3352 suis
738 3283 955 3371 pertinenciJs,
986 3285 1129 3352 Debrete
1159 3288 1298 3378 scilicet,
1329 3289 1440 3382 Lybo,

306 3393 488 3462 Potworich
519 3400 551 3460 et
566 3391 726 3460 Zerdahel
755 3391 889 3478 uocatis,
921 3391 986 3477 ipsi
1000 3391 1181 3460 Laurencio
1208 3395 1310 3483 Bano,
1328 3403 1361 3465 et
1375 3420 1443 3485 per

308 3519 382 3567 cum
421 3500 490 3566 suis
526 3499 700 3567 heredibus
738 3497 962 3583 heredumque
1001 3500 1235 3588 sucessoribus,
1277 3503 1441 3596 dedimus,

309 3605 511 3694 donauimns,
527 3605 721 3674 contulimus
738 3615 770 3673 et
786 3605 980 3674 tradidimus
997 3606 1067 3674 iure
1082 3615 1242 3696 perpetuo
1260 3617 1292 3678 et
1307 3610 1442 3683 inseno-

309 3713 456 3781 cabiliter
474 3712 715 3802 possidendam,
733 3719 765 3778 et
781 3733 854 3781 enm
871 3733 929 3799 per
961 3714 1124 3783 hominem
1154 3723 1301 3784 nostrum
1317 3719 1350 3785 in
1365 3740 1445 3789 oor·

308 3823 454 3908 poralem
506 3819 797 3908 apprehensionem
845 3820 930 3889 dicte
971 3823 1191 3907 possessionis
1234 3827 1437 3897 auctoritate

307 3929 443 3997 lecimus
459 3928 563 4014 Regia
578 3926 748 3995 introduci.
784 3927 826 3994 vt
841 3929 942 4012 igitur
973 3927 1161 3998 huiusmodi
1193 3939 1305 4000 nostra
1336 3932 1441 4004 dona-

307 4039 356 4106 cio
368 4058 425 4124 pro
435 4043 501 4104 tam
511 4035 690 4124 perspicuis
706 4036 916 4104 seruiciorum
933 4037 1068 4123 premijs
1083 4035 1215 4104 illibata
1230 4048 1440 4130 permaneat,

306 4153 339 4214 et
353 4145 451 4214 robur
471 4145 616 4231 optineat
638 4148 794 4232 perpetue
823 4143 995 4233 firmitatis,
1027 4165 1088 4213 nec
1119 4145 1155 4211 in
1185 4152 1352 4232 posterum
1366 4148 1442 4218 ullo

307 4275 450 4339 unquam
460 4252 591 4337 ingenio
607 4252 662 4319 vel
678 4249 794 4320 lrande
808 4251 976 4320 hominum
993 4251 1162 4321 maliciose
1183 4254 1299 4322 ualeat
1315 4261 1442 4324 retrac-

306 4363 379 4447 tari,
397 4363 640 4450 inperpetuum
656 4361 702 4430 rei
718 4361 909 4428 memoriam
924 4367 1092 4448 presentes
1112 4361 1243 4429 litteras
1274 4366 1442 4431 concessi·

307 4489 379 4537 mus
408 4468 571 4556 duppliois
612 4469 712 4555 sigilli
741 4471 842 4538 nostri
874 4469 1051 4538 munimine
1091 4472 1273 4539 roboratas.
1313 4467 1441 4538 Datum

306 4596 366 4664 per
380 4596 499 4646 manus
523 4577 672 4662 Magistri
688 4577 854 4646 Benedicti
870 4576 1061 4648 Orodiensis
1090 4577 1242 4647 Reclusis
1272 4577 1443 4664 Prcpositi

305 4687 382 4756 aule
411 4691 519 4756 nostre
549 4683 851 4776 llice-(lancellarij,
882 4687 992 4756 dilecti
1024 4694 1057 4756 et
1080 4685 1187 4758 fidelis
1203 4687 1321 4774 nostri,
1346 4707 1442 4758 anno
