3112 5154
851 845 926 914 lca.

309 1045 384 1112 JV.
401 1045 519 1113 Lacte
532 1044 712 1130 kirdlycale
723 1042 845 1131 Hclpcs
854 1041 965 1128 scilciet
976 1049 1135 1132 tdrpyaaci
1143 1047 1329 1136 adcredere
1339 1045 1455 1115 Simon

537 1173 649 1231 comes,
665 1148 944 1238 Salamcnaakfia
960 1153 1118 1220 uramara.
1142 1155 1237 1248 1277.

431 1347 498 1414 Nos
514 1345 685 1422 Ladiztaus
701 1346 763 1414 Dei
788 1347 899 1430 gracia
929 1349 999 1416 Rex
1030 1347 1199 1433 Hungarie
1230 1349 1454 1434 significamus

323 1455 485 1522 uniuersis
501 1453 706 1542 presencium
720 1471 782 1540 per
796 1461 939 1522 tenorem
956 1478 964 1520 ε
981 1455 1067 1539 quod
1085 1455 1200 1524 Comes
1216 1457 1340 1543 Symun
1366 1457 1453 1525 tilius

186 1635 187 1640 ,
322 1561 505 1630 Salomonis
521 1563 566 1628 ad
584 1568 728 1628 nostram
745 1560 904 1628 accedens
921 1563 1121 1648 presenciam
1138 1584 1159 1629 a
1176 1563 1271 1630 nubis
1288 1564 1453 1634 instantis-

324 1672 404 1738 sime
419 1668 632 1756 supplicando
649 1667 839 1753 postulauit,
866 1673 901 1732 ut
916 1668 980 1736 sibi
997 1669 1163 1753 quandam
1194 1677 1312 1738 terram
1345 1673 1455 1738 condi·

322 1777 539 1846 eicnariorum
554 1784 736 1844 nostrornm
752 1775 874 1859 Helgas
891 1782 1041 1844 vocatam
1057 1795 1099 1843 ex
1115 1777 1318 1862 benignitate
1349 1779 1456 1864 Regia

324 1886 470 1954 conferre
486 1885 705 1969 dignaremur.
731 1881 851 1950 Verum
867 1883 946 1968 quia
963 1884 1003 1950 de
1020 1884 1180 1968 qualitate
1210 1893 1242 1950 ct
1274 1888 1455 1970 quantitate

314 1991 412 2062 dicte
427 2001 511 2059 terre
536 1991 628 2058 nobis
659 2010 725 2058 nou
756 1992 936 2075 constabat,
968 1991 1118 2060 fidelibus
1150 1994 1269 2060 nestris
1302 1991 1454 2080 capitulo

311 2099 460 2166 Albensi
476 2097 622 2166 dedimus
636 2097 670 2164 in
686 2095 859 2184 mandatis,
890 2107 925 2166 ut
941 2119 1079 2166 unacum
1096 2099 1194 2166 Petro
1210 2099 1276 2166 filio
1307 2100 1455 2187 Gregorij

320 2207 455 2273 homine
470 2211 580 2272 nostro
598 2203 758 2270 hominem
774 2205 918 2290 ipsorum
949 2205 1215 2290 transmitterent,
1250 2226 1358 2274 coram
1393 2229 1455 2292 quc

323 2313 413 2383 idem
430 2314 524 2380 humo
540 2319 649 2378 nester
665 2311 826 2396 prefatam
851 2319 969 2380 terram
1000 2314 1219 2380 reambularet
1249 2316 1456 2399 presentibus

314 2421 477 2490 -cmnibus
494 2419 732 2507 commeteneis,
748 2426 780 2484 et
795 2419 823 2487 si
836 2439 973 2487 uacuam
989 2419 1161 2508 inueniret,
1181 2427 1213 2487 et
1229 2427 1338 2489 nostre
1356 2421 1456 2488 colia-

327 2531 416 2600 cioni
432 2527 601 2616 pertinere,
619 2533 736 2594 extunc
751 2531 908 2597 statueret
924 2527 1031 2596 eidem
1047 2527 1165 2595 Gomiti
1180 2527 1326 2616 Symnni,
1342 2529 1374 2596 si
1391 2548 1456 2596 nen

326 2639 417 2706 tieret
432 2631 679 2704 contradictum.
704 2627 766 2709 Qui
792 2631 923 2716 quidem
939 2633 1033 2701 nobis
1063 2633 1298 2720 rescripserunt
1328 2635 1365 2702 in
1398 2637 1457 2703 hec

316 2747 449 2814 tvnarba:

436 2846 717 2918 Excellentissimo
733 2844 861 2914 domino
878 2866 937 2914 sua
952 2845 1109 2913 Ladizlac
1124 2847 1186 2914 stb.
1204 2845 1457 2935 (ktretkcztka
1539 2927 1540 2940 χ

326 2951 737 3045 tehsrrtrilrtptalannak
772 2952 907 3023 lert-ki
934 2954 1106 3040 jelentese‚
1138 2954 1219 3020 mint
1250 2953 1347 3020 alabb
1384 2959 1457 3026 179.

316 3087 371 3136 sn.
388 3063 498 3147 alate)

437 3173 506 3240 Nos
521 3171 621 3256 igitur
636 3169 850 3237 consideratis
866 3167 1017 3253 seruicijs
1034 3173 1065 3233 et
1089 3165 1304 3236 fidelitatibus
1336 3167 1459 3254 prefati

327 3282 464 3349 Comitis
479 3279 642 3368 Symonis‚
674 3298 736 3364 quc
751 3277 838 3345 idem
854 3275 950 3345 nubis
967 3283 1001 3343 et
1032 3275 1155 3342 Oorcne
1188 3273 1290 3359 Regia
1319 3274 1460 3345 fideliter

318 3387 475 3474 ,inpendit
491 3393 524 3453 et
540 3385 667 3470 deuote,
683 3385 844 3472 prefatam
860 3391 979 3452 terram
996 3386 1173 3449 memorate
1190 3379 1307 3447 Camiri
1322 3383 1459 3469 Symoni

278 3493 280 3498 ’
327 3495 400 3561 iure
416 3501 570 3579 perpetuo
587 3493 736 3562 duximus
752 3489 989 3560 conterendam.
1022 3490 1063 3556 Et
1093 3509 1191 3576 snper
1222 3487 1284 3556 hcc
1315 3499 1460 3559 nesunm

331 3601 437 3668 eidem
454 3601 661 3687 priuilegium
679 3599 889 3688 conteremus,
921 3621 993 3668 cum
1017 3605 1183 3685 presentes
1212 3597 1308 3663 ncbis
1338 3600 1463 3667 fuerint

329 3715 503 3795 reportate.
543 3709 661 3774 Datum
687 3707 722 3774 in
738 3708 865 3793 Segusd
892 3710 925 3774 in
942 3707 1066 3774 octams
1081 3707 1183 3775 Beate
1198 3705 1382 3790 Margarate
1398 3708 1463 3774 sir·

330 3819 428 3901 ginis,
445 3835 532 3884 anno
547 3815 677 3880 Domini
694 3813 926 3884 M0000Lxx⁰
942 3815 1088 3899 septimo.

320 4015 476 4078 ·(Eredetie
497 4013 682 4078 berhartyam
702 4029 719 4064 a
737 4014 818 4064 hatul
837 4015 891 4066 oda
911 4017 1042 4078 nyomott
1060 4013 1153 4077 pacset
1171 4017 1322 4080 elveszatt;
1342 4029 1360 4066 a
1373 4017 1465 4068 budai

688 4103 741 4154 kir.
761 4102 890 4154 kamarai
909 4103 1104 4166 levelttrbam)
