3148 5164
821 363 885 428 :itt

275 560 369 627 dicto
401 557 531 625 Judicio
563 557 665 640 Regio
681 553 904 643 interfuerunt,
921 575 980 640 per
1005 555 1111 641 ipsum
1130 555 1289 623 Comitem
1308 557 1423 623 Domi·

267 669 389 733 nicam
405 667 439 732 in
456 665 559 733 forma
574 661 693 748 Judicij
713 663 875 746 exhibitis,
894 671 1007 730 contra
1023 663 1111 748 ipsos
1129 663 1163 728 in
1189 671 1267 730 nota
1300 663 1423 730 calum-

283 771 360 857 pnie
391 771 552 856 legittime
584 768 724 837 conuicti
755 767 907 857 luissent,
940 789 998 853 pro
1016 789 1054 836 eo
1070 771 1149 851 quia
1164 769 1270 856 ipsam
1286 790 1425 839 causum

282 879 318 944 in
334 879 423 945 lacto
455 876 691 947 destruccionis
723 877 964 962 possessionum
996 895 1103 942 eorum
1136 883 1281 960 ternpore
1315 875 1425 962 ipsius

284 985 407 1052 domini
437 985 539 1069 Regis
566 981 711 1050 Ladialai
729 987 761 1047 et
779 981 1000 1050 Vioeiudicum
1017 981 1161 1049 eiusdem
1178 983 1291 1048 ordine
1302 982 1425 1066 judiei-

283 1091 354 1157 ario
370 1091 559 1175 requisitam
576 1098 607 1155 et
621 1089 760 1173 sopitam
777 1088 999 1155 suscitassent.
1019 1090 1059 1153 ut
1074 1087 1153 1171 quia
1167 1087 1253 1154 idem
1270 1087 1420 1154 Thomas

285 1199 386 1266 frater
418 1219 496 1266 suus
527 1203 693 1280 tamquam
726 1195 872 1264 conscius
899 1197 949 1264 sci
966 1195 1112 1263 criminis
1128 1215 1149 1260 a
1164 1196 1266 1278 Regia
1282 1197 1424 1262 Prosen-

284 1307 338 1372 cis
356 1309 543 1373 recessisset
578 1303 723 1389 fugitiue,
756 1305 927 1388 ipsumque
959 1299 1115 1370 Comitem
1148 1303 1288 1389 Petrum,
1320 1310 1422 1386 prout

284 1411 354 1496 ipse
385 1411 471 1478 idem
499 1411 691 1493 affirmabat,
708 1431 767 1494 pro
784 1408 966 1476 huiusmodi
982 1411 1110 1475 notorio
1128 1410 1314 1494 calumpnia
1331 1411 1422 1478 vicio

285 1517 434 1587 dominus
450 1521 520 1586 Rex
536 1519 641 1586 eidem
658 1517 775 1586 Comiti
790 1518 931 1582 Martinc
959 1521 1124 1598 tamquam
1155 1513 1262 1581 Judici
1293 1517 1336 1582 ad
1369 1541 1426 1587 as-

287 1625 426 1690 sandum
459 1647 529 1693 cum
562 1625 647 1693 ferro
676 1624 828 1690 candenti
852 1624 885 1689 in
903 1643 965 1690 sua
981 1621 1076 1708 facie,
1094 1621 1365 1706 quemadmodum
1383 1629 1422 1692 in

285 1729 467 1800 huiusmodi
484 1731 667 1820 calumpnia
684 1731 766 1798 vicio
783 1730 924 1798 conuicti
951 1729 1042 1797 iuxta
1073 1730 1178 1812 Regni
1211 1733 1423 1798 consuetudi-

287 1859 361 1904 nem
378 1841 593 1926 approbatum
611 1837 734 1922 signari
754 1839 884 1924 debent,
902 1843 1031 1923 captum
1047 1837 1249 1920 tradidisset,
1275 1859 1333 1923 pro
1351 1861 1423 1925 qua

289 1947 419 2030 quidem
436 1945 615 2014 assaoionis
632 1951 709 2011 nota
740 1943 825 2010 idem
857 1945 971 2012 Comes
1003 1941 1129 2030 Petrus,
1162 1963 1203 2010 ne
1234 1945 1421 2014 huiusmodi

288 2053 525 2138 turpitudinem
557 2053 590 2118 in
608 2050 690 2118 facie
708 2049 775 2118 eius
793 2053 826 2116 in
841 2071 934 2118 suum
961 2051 1168 2136 opprobrium
1184 2053 1423 2137 sempiternum

288 2166 504 2246 supportaret,
523 2159 687 2244 quandam
703 2158 941 2243 possessionem
967 2178 1058 2225 suam
1090 2179 1154 2224 non
1185 2167 1324 2247 coactns,
1360 2181 1426 2228 nec

290 2269 482 2353 compulsus,
494 2264 591 2332 Wdal
603 2271 760 2352 vocatam,
770 2266 803 2330 in
821 2263 982 2332 Comitutu
999 2263 1162 2332 Borsicnsi
1177 2267 1267 2332 iuxta
1283 2266 1423 2334 fluuium

271 2371 409 2459 domn,
426 2393 497 2440 cum
513 2371 623 2440 insula
648 2391 710 2455 que
740 2377 790 2438 est
820 2372 854 2438 in
885 2371 965 2458 ipsis
996 2373 1090 2456 aquis
1123 2372 1244 2457 Geron,
1276 2383 1308 2441 et
1339 2375 1417 2462 alijs

289 2478 483 2545 utilitatibus
499 2497 539 2545 ec
554 2477 742 2564 pertinecijs
759 2477 904 2546 eiusdem
921 2478 1090 2561 uniuersis,
1105 2481 1165 2546 sub
1183 2481 1305 2559 eisdem
1321 2484 1419 2550 metis

269 2593 319 2653 xet
360 2587 517 2672 terminis,
547 2585 607 2654 sub
653 2585 768 2670 quibus
808 2606 867 2670 per
899 2585 1035 2654 eundem
1082 2585 1238 2655 Comitem
1284 2587 1422 2656 Petrum

289 2692 400 2758 habita
429 2691 530 2760 fuisse
559 2693 737 2761 dinoscitur
768 2699 800 2759 et
831 2713 994 2780 possessa,
1017 2714 1075 2780 pro
1106 2694 1256 2764 ducentis
1273 2699 1415 2780 etquin-

289 2799 450 2886 quaginta
466 2801 584 2867 marcis
601 2802 727 2884 argenti
752 2799 924 2885 Eudousia,
958 2799 1057 2885 dedit,
1086 2801 1222 2868 tradidit
1253 2809 1285 2870 et
1314 2807 1422 2889 assig-

291 2907 384 2974 nauit
415 2908 478 2994 ipsi
509 2906 624 2974 Comiti
656 2905 795 2973 Martino
827 2911 860 2972 et
876 2928 933 2993 per
966 2926 1038 2973 eum
1054 2908 1123 2974 suis
1139 2907 1315 2978 heredibus
1331 2910 1424 2979 here·

290 3015 431 3098 dumque
448 3036 576 3082 suorum
601 3015 842 3105 successoribus
873 3014 1130 3083 irreuooabiliter
1160 3015 1230 3082 iure
1261 3026 1423 3102 perpetuo

290 3121 530 3208 possidendam.
561 3123 744 3207 desumpsit
783 3121 1012 3190 nichilominus
1041 3120 1126 3189 idem
1158 3120 1272 3192 Comes
1304 3125 1425 3195 Petrus

290 3229 412 3296 dictum
444 3230 599 3298 Comitem
639 3229 814 3298 Martinam
849 3235 881 3295 et
913 3249 989 3296 suos
1029 3228 1165 3298 heredes
1196 3233 1238 3297 ab
1271 3233 1423 3302 omnihus

290 3336 528 3422 impetitoribus
561 3336 691 3403 racione
724 3337 811 3404 dicte
834 3337 1059 3422 ¹possessionis
1076 3337 1331 3424 molestantibus,
1350 3349 1383 3407 et
1400 3362 1424 3407 a

289 3445 573 3531 propinquioribus
590 3443 631 3510 de
646 3443 861 3528 generacionc
878 3465 947 3528 sus,
978 3443 1208 3510 commetaneis
1239 3453 1272 3514 et
1305 3447 1424 3515 vicinis

290 3551 506 3638 possessionis
536 3557 712 3618 memorate
742 3550 915 3618 defendere
948 3558 980 3620 et
996 3551 1134 3618 liberare
1159 3571 1216 3619 suo
1232 3551 1344 3620 labore
1361 3575 1422 3640 pro

291 3661 361 3746 prio
379 3667 410 3726 et
427 3658 599 3745 expensis3
624 3657 797 3726 cumidem
823 3659 940 3726 Comes
972 3657 1088 3726 Petrus
1119 3657 1250 3744 diceret,
1281 3661 1423 3729 eandem

290 3767 546 3854 prossessionem
593 3763 690 3832 Wdol
726 3765 768 3833 ad
799 3785 834 3832 se
880 3763 1113 3851 solumpmodo,
1156 3765 1300 3852 exceptis
1341 3768 1421 3854 alijs

285 3874 559 3960 generacionibus
569 3873 645 3955 suis,
661 3873 833 3957 pertinere.
847 3873 1033 3958 Assumpsit
1047 3872 1180 3959 insuper
1198 3871 1283 3940 idem
1302 3874 1420 3944 Comes

290 3985 413 4064 Petrus,
444 3987 525 4048 etse
542 3979 584 4044 ad
609 3977 670 4044 hoo
686 3977 817 4045 firmiter
841 3979 1011 4068 obligauit,
1026 3987 1061 4046 vt
1077 3980 1105 4045 si
1122 3981 1229 4065 ipsam
1245 3985 1423 4066 possessio·

276 4110 364 4156 nem
381 4085 478 4154 Wdol
495 4085 599 4153 eidem
616 4083 734 4151 (lorniti
765 4085 903 4152 Martino
936 4087 1031 4153 modo
1063 4089 1220 4171 promisso
1252 4088 1422 4157 venditam

290 4218 356 4265 non
382 4201 490 4281 posset
505 4194 663 4278 liberare3
688 4201 807 4260 extunc
824 4217 883 4281 pro
901 4193 988 4262 dicta
1007 4203 1084 4263 nota
1100 4198 1287 4281 calumpnia
1303 4220 1425 4284 graua-

290 4311 379 4374 retur
395 4303 490 4370 modo
507 4301 702 4389 supradicto,
721 4309 754 4368 et
781 4302 914 4386 insuper
945 4309 1045 4369 totam
1076 4303 1262 4388 porcionem
1294 4326 1425 4390 posses-

290 4412 392 4482 sionis
424 4431 491 4496 sue,
524 4429 619 4493 quam
650 4407 794 4496 haberet,
827 4409 987 4477 amitteret
1007 4411 1079 4497 ipso
1096 4410 1192 4479 facto.
1212 4411 1248 4479 ln
1264 4415 1357 4481 cuius
1375 4416 1425 4482 rei

290 4520 480 4588 memoriam
511 4523 763 4602 perpetuamque
794 4517 976 4585 firmitatem
1008 4525 1175 4606 presentes
1201 4523 1425 4591 concessimus

279 4621 410 4694 :litteras
442 4625 542 4708 sigilli
574 4627 676 4692 nostri
702 4625 878 4719 munimine
895 4628 1076 4696 roboratas.
1094 4627 1214 4696 Datum
1230 4648 1289 4714 per
1304 4652 1426 4700 manus
