3148 5164
661 325 725 388 bur

123 529 445 608 eompar·alam‚cum
479 518 627 585 omuibus
661 517 855 584 utilitatibus
872 521 903 582 et
935 517 1148 604 pertinencijs
1178 520 1259 602 suis,

128 629 210 696 dixit
226 638 258 696 et
275 630 442 698 coufessus
460 635 509 694 est
525 625 712 693 uendidisse
738 623 979 709 quinquaginta
1011 626 1129 695 marcis
1162 627 1258 711 plens

120 735 243 805 habitis
260 739 293 802 et
310 735 449 820 receptis
465 735 556 801 Beud
572 733 637 800 tilio
654 734 753 819 Bene,
788 739 820 799 et
835 752 892 818 per
910 752 981 798 eum
998 732 1067 799 suis
1084 733 1258 818 posterita-

122 843 210 910 tibus
222 843 298 926 jure
315 851 470 928 perpetuo
488 847 519 908 et
535 839 790 906 irreuocabiliter
805 837 1050 925 possidendam,
1081 838 1255 906 tenendam

124 957 156 1016 et
173 950 369 1018 habendam.
394 947 452 1015 Cui
470 948 599 1034 quidem
616 947 819 1033 possessioni
836 966 895 1013 sen
912 953 995 1014 terre
1011 948 1119 1014 Malus
1139 955 1255 1016 uocate

125 1065 256 1142 aparte
273 1057 422 1124 orientali
441 1063 528 1124 terra
544 1055 662 1142 prefati
679 1054 865 1122 Sebastiam
894 1055 935 1120 de
960 1055 1078 1138 Malus,
1110 1075 1131 1120 a
1163 1062 1254 1138 parte

123 1171 233 1233 autem
250 1153 464 1246 meridionali,
482 1160 674 1229 occidentali
691 1170 722 1229 et
747 1161 1003 1248 septemtrionali
1028 1167 1117 1226 terra
1142 1181 1256 1247 preno-

124 1273 241 1339 minati
257 1273 350 1339 Pauli
367 1271 423 1355 filij
443 1269 554 1338 Pasira
571 1272 612 1337 de
628 1272 734 1338 Malus
751 1271 955 1354 uiciuautur3
978 1271 1061 1338 sicut
1076 1269 1255 1353 apartibus

125 1377 305 1464 premissis,
340 1380 571 1445 commelaueis
606 1385 638 1444 et
668 1377 784 1444 vicinis
815 1377 1048 1463 prenominatis
1081 1376 1256 1445 didicimus

122 1485 282 1552 scriatim.
308 1482 445 1570 insuper
462 1485 547 1552 idem
563 1485 681 1552 ¹(lomes
697 1485 860 1552 Adrianus
878 1485 918 1550 de
933 1485 1039 1552 Malus
1066 1505 1124 1570 pro
1149 1505 1194 1572 se,
1223 1492 1255 1552 et

125 1615 182 1679 pro
200 1596 296 1661 Pelro
315 1613 355 1659 ac
371 1592 525 1660 Ladiulao
542 1595 598 1678 filij
616 1594 695 1680 suis,
712 1602 743 1661 et
761 1615 819 1679 pro
837 1594 968 1661 Simone
984 1593 1085 1660 fratre
1101 1616 1171 1677 suo,
1202 1595 1254 1660 fir·

124 1703 220 1769 miter
235 1709 270 1769 et
284 1701 500 1784 solempniter
517 1707 695 1788 assumpsit
711 1702 818 1788 ipsum
836 1702 927 1769 Beud
957 1701 1056 1768 tilium
1091 1703 1189 1787 Bene,
1222 1707 1255 1768 et

122 1828 200 1874 suos
217 1815 375 1893 posteros,
407 1809 538 1875 racione
555 1809 699 1894 predicte
716 1808 934 1895 possessionis
949 1808 1053 1876 Malus
1070 1815 1183 1876 uocate
1208 1809 1252 1876 ab

121 1915 275 1982 omnibus
291 1915 531 2001 impetitoribus
548 1923 580 1982 ct
595 1916 769 1982 molestare
787 1918 973 1983 uolentibus
998 1917 1151 2002 expedire
1182 1916 1251 1984 suis

121 2024 290 2090 laboribus
309 2029 340 2089 et
356 2023 520 2108 expensis.
559 2025 595 2088 lu
613 2024 705 2090 euius
721 2024 766 2089 rei
784 2023 970 2090 memoriam
1003 2031 1035 2090 et
1060 2031 1252 2110 perpetuam

118 2128 306 2194 firmitatem
324 2129 368 2196 ad
385 2130 577 2214 peticionem
595 2138 626 2198 et
643 2131 837 2200 instanciam
863 2131 1006 2218 parcium
1033 2132 1252 2218 predictarum

122 2241 294 2319 presentes
311 2239 529 2304 concessimus
545 2237 645 2320 sigilli
662 2239 764 2306 nostri
781 2239 955 2306 munimine
970 2239 1148 2307 roboratas.
1187 2239 1255 2306 Da-

121 2347 188 2407 tum
206 2361 293 2408 auno
309 2343 441 2411 Domini
454 2331 625 2410 ‘millesimo
643 2344 712 2411 000
729 2345 939 2429 nonagesimo
956 2353 1081 2429 quarto.

119 2538 267 2599 OEredetie
287 2540 471 2604 bonhartyam
501 2557 517 2590 a
536 2541 714 2606 sarge-vitriis
746 2543 988 2608 selyemzsinbron
1016 2545 1133 2611 fiiggiitt
1162 2507 1257 2610 pecsdt

323 2630 473 2692 alreszett;
500 2645 516 2680 a
535 2629 620 2680 budai
639 2631 691 2681 1111.
712 2631 843 2681 kamarat
861 2631 1056 2700 levslttrban.)

554 2913 823 2924 σ--ι-ιι--ι--ιι-

656 3447 731 3514 tus.

115 3641 152 3710 Α
170 3642 321 3708 zolueciri
336 3642 467 3706 bouvent
483 3643 590 3725 11111Ὶά
605 3641 651 3706 II.
669 3641 782 3706 Eodre
799 3643 977 3727 tirulpnat·
1002 3645 1143 3732 Edclycb
1169 3646 1255 3732 belp-

309 3749 389 3832 sdpet
405 3751 563 3833 tdrpyozd
579 3750 946 3834 1214-lciaclomcinpctr.
973 3751 1070 3816 1294.

230 3940 417 4012 conuentus
433 3939 619 4028 ldouasterij
638 3945 731 4010 Beati
757 3946 894 4011 Adriani
920 3946 961 4011 ds
991 3944 1070 4013 Zala
1103 3946 1253 4016 omnibus

112 4049 241 4117 Christi
271 4049 422 4117 fidelibus
448 4051 650 4136 presentibus
683 4052 805 4136 pariter
838 4060 870 4118 et
901 4053 1017 4119 futuris
1049 4057 1253 4139 presencium

110 4155 277 4223 noticiam
294 4157 455 4224 habituris
479 4159 616 4224 salutem
643 4157 677 4222 in
711 4179 785 4226 vero
819 4160 934 4226 salutis
968 4161 1132 4243 largitore.
1171 4164 1250 4229 (ium

110 4261 235 4328 mundi
268 4262 374 4330 labilis
405 4264 551 4331 condicio
583 4264 624 4330 sit
640 4265 765 4333 caduca
781 4275 813 4332 ct
829 4276 918 4348 geste
935 4268 982 4332 rei
1000 4269 1155 4334 memoria
1181 4289 1252 4352 pro·

110 4378 197 4458 pter
214 4369 315 4436 vitam
341 4371 475 4440 breuem
507 4373 670 4440 hominurn
702 4373 844 4456 ealigine
876 4373 1049 4441 obliuionis
1081 4373 1253 4443 obfuscata

109 4485 263 4563 nequeat
279 4478 312 4544 iu
331 4499 412 4545 ewur
430 4480 626 4567 perdurare;
652 4481 787 4566 prouida
808 4502 896 4548 mens
912 4489 943 4547 et
958 4479 1130 4548 solicitudo
1161 4483 1254 4550 adiu·

110 4585 222 4670 uenit,
250 4589 285 4651 ut
312 4604 375 4668 que
391 4583 425 4651 in
443 4593 587 4673 tempore
603 4592 768 4672 geruntur,
801 4608 840 4654 ue
867 4586 963 4656 simul
996 4587 1148 4655 labantur
1179 4609 1253 4657 eum

1082 4695 1145 4768 36*
