3112 5154
743 319 903 416 ...15ss-

249 516 423 602 ,Stephano
440 513 693 600 erohiepisoopo
709 511 919 592 Obolooensi3
936 519 969 580 et
984 511 1114 581 domino
1129 519 1241 580 nostro
1255 512 1393 588 Andrea

256 623 434 692 venerabili
451 629 543 708 patre
559 621 711 706 Agriensi
726 621 887 706 Episcopo
904 621 1076 688 existente.

255 821 292 883 (A
311 824 416 888 szepesi
434 822 628 888 kdptalsrmek
649 821 761 872 leet-ki
780 819 943 882 serstsbol,
975 820 1052 885 mely
1070 820 1139 871 tono
1159 820 1219 870 mss
1249 820 1391 884 okmdny·

254 912 323 976 nyal
344 915 421 962 1401.
441 912 517 962 feria
536 914 637 974 quarta
655 911 787 975 proxima
805 913 873 960 ante
892 911 995 960 festum
1015 910 1098 960 Beati
1117 909 1232 978 Georgij
1259 911 1389 960 martiris

254 1002 377 1052 abudsi
395 1001 534 1067 keptalan
554 1003 625 1052 eltsl
644 1001 724 1068 djbdl
743 1000 879 1052 dtiratott
907 999 1061 1065 zsigmond
1088 999 1182 1064 kirdly
1213 1001 1388 1064 paranosdra

255 1092 305 1141 »vt
325 1093 392 1154 quia
411 1093 487 1144 idem
506 1093 637 1144 dominus
657 1095 753 1142 noster
771 1091 833 1141 Rex
852 1089 994 1155 predictas
1013 1089 1126 1140 litteras
1156 1089 1189 1139 de
1219 1088 1303 1139 domo
1335 1103 1387 1140 sua

257 1181 439 1232 Tausrnioali
460 1182 493 1232 de
513 1181 576 1234 loeo
595 1182 631 1232 sd
649 1182 744 1233 loonm
763 1181 906 1232 destinare
925 1179 1051 1244 nollet‹;
1079 1205 1110 1216 -
1143 1193 1161 1230 s
1173 1178 1259 1230 budai
1279 1179 1388 1243 sirslyi

647 1271 776 1322 kamarai
795 1269 994 1332 leveltdrbsn.)

685 1573 952 1584 ———-

779 2051 851 2120 135.

249 2253 282 2316 A
298 2252 455 2318 ososzmai
471 2249 697 2336 soptalausab
713 2249 990 2336 disonyedplsoole,
1015 2253 1098 2337 bopp
1123 2251 1236 2318 Iesse
1261 2250 1383 2340 Spoeb·

249 2359 376 2443 aakfia
393 2357 557 2426 Hruseuob
572 2363 654 2424 meod
661 2358 774 2444 f'o'lddt
791 2357 960 2446 Sampson,
985 2358 1101 2426 Boleta
1119 2358 1236 2440 fidnale
1263 2359 1381 2426 eladio.

757 2465 855 2531 1275.

357 2662 426 2730 Nos
456 2660 640 2748 Capitulum
658 2659 868 2727 Obasmensis
884 2658 1030 2728 Eoolesie
1046 2659 1195 2728 omnibus
1208 2667 1377 2747 presentes

246 2769 373 2838 litteras
388 2769 583 2855 inspecturis
599 2766 739 2836 salutem
750 2768 785 2834 in
809 2767 950 2836 Domino
967 2766 1205 2854 sempiternam.
1237 2767 1291 2836 Ad
1307 2769 1377 2836 vni-

247 2895 414 2945 uersornm
424 2876 576 2943 noticiam
587 2881 699 2943 tenore
708 2874 912 2960 preseneiom
928 2874 1079 2944 volumus
1094 2875 1275 2962 peruenire,
1292 2876 1380 2961 quod

247 2985 414 3052 constituti
429 3004 539 3052 eoram
555 2983 649 3051 nobis
665 2982 881 3069 personaliter
896 2983 938 3050 sb
970 3002 1036 3050 rna
1066 2989 1160 3068 parte
1190 2981 1376 3069 Stephanus

246 3092 333 3160 filius
364 3091 481 3178 Spooh,
513 3111 554 3159 ex
577 3091 682 3158 altero
712 3109 789 3156 uero
819 3090 978 3176 Sampson
1009 3089 1095 3158 filins
1122 3091 1255 3174 Boleta;
1279 3091 1378 3180 ydem

243 3198 427 3285 Stephanus
443 3205 562 3265 terram
577 3195 765 3264 Hrnseueoh
782 3203 944 3282 uooatam,
961 3217 1059 3281 quam
1090 3197 1238 3266 Bolebna
1269 3199 1369 3268 frater

244 3305 360 3374 Bolets
390 3305 494 3392 patris
524 3302 661 3389 predioti
691 3302 882 3388 Sampsonis
914 3304 1091 3389 empoionis
1118 3305 1210 3372 titulo
1225 3306 1372 3391 predioto

244 3414 412 3500 Stephano
427 3411 608 3479 tradiderat
618 3432 677 3497 pro
687 3431 835 3497 snmpma
845 3411 981 3498 peounie
1001 3411 1172 3481 dnodeoim
1183 3427 1372 3499 marearum,

244 3519 350 3587 eidem
361 3519 535 3604 Semproni
547 3524 579 3585 et
594 3519 661 3586 suis
672 3536 729 3606 per
745 3539 818 3586 enm
830 3519 1005 3588 heredibus
1015 3519 1236 3605 heredumque
1245 3541 1372 3590 snooes-

243 3627 370 3696 soribus
379 3647 439 3713 pro
449 3626 571 3696 eisdem
582 3625 751 3692 dnodeoim
763 3628 880 3694 mareis
889 3627 985 3712 plene
995 3627 1150 3714 acceptis,
1157 3629 1241 3696 siout
1250 3630 1369 3713 retulit,

244 3736 423 3804 numeratis
454 3741 487 3800 et
502 3733 636 3820 habitis,
654 3730 835 3800 reddidisse
851 3753 908 3800 seu
923 3732 1110 3804 uendidisse
1126 3741 1177 3802 est
1192 3735 1369 3806 eonsessus.

241 3841 328 3909 Mete
344 3849 455 3910 antem
470 3840 574 3926 ipsius
589 3847 681 3926 terre,
698 3840 782 3908 siout
798 3839 893 3908 nobis
925 3840 1019 3909 homo
1050 3848 1158 3910 noster
1192 3843 1301 3912 Veron
1318 3865 1369 3911 sa·

239 3950 354 4018 oerdos
383 3949 530 4017 Eoelesie
561 3947 663 4016 Beate
693 3947 797 4014 Maris
819 3946 963 4032 Virginis
983 3948 1025 4015 de
1037 3949 1205 4036 Superiori
1219 3949 1368 4038 Izdeneb,

242 4077 336 4142 quem
352 4055 397 4125 ad
411 4055 527 4124 faeiem
544 4055 648 4142 ipsius
668 4061 752 4122 terre
777 4054 977 4142 miseremus,
1010 4056 1101 4124 nullo
1132 4059 1367 4126 eontradietore

239 4166 397 4233 existente
426 4162 537 4230 taliter
568 4161 788 4246 distinguntur
805 4188 813 4228 ι
830 4162 941 4231 Prima
971 4170 1057 4233 meta
1089 4167 1206 4254 inoipit
1221 4167 1264 4237 de
1284 4187 1367 4253 equa

207 4351 211 4356 Ι
238 4269 426 4355 Hruseuoh;
452 4268 570 4338 deinde
584 4269 631 4337 ad
646 4270 794 4338 arborem
812 4271 958 4357 gortian5
983 4271 1100 4340 deinde
1130 4293 1244 4342 uersus
1276 4275 1367 4342 meri·

237 4376 326 4444 diem
357 4397 416 4464 per
444 4378 598 4462 antiquas
631 4381 733 4446 metas
750 4376 795 4444 ad
811 4379 957 4448 arborem
978 4381 1058 4467 bes3
1081 4381 1200 4451 deiude
1215 4383 1365 4452 similiter

240 4485 283 4552 ad
298 4485 447 4554 arborem
463 4486 570 4572 pomi;
595 4483 713 4553 deinde
733 4484 776 4552 ad
807 4489 961 4554 orientem
978 4491 1022 4558 ad
1054 4491 1201 4559 arborem
1233 4491 1363 4574 barabt3

237 4590 357 4658 deinde
389 4593 481 4658 iuxta
510 4591 621 4658 feners
651 4593 800 4678 superius
831 4593 949 4662 siluam
978 4616 1148 4683 peronam
1164 4597 1306 4666 mlaksm
1322 4593 1362 4663 ed
