3124 5152
598 311 661 378 261

551 401 712 412 ——qu-

81 504 283 594 propulsamur
313 505 484 590 instantia,
515 507 625 580 uteie
660 507 864 590 preficiamus
894 511 981 578 viros
1017 514 1195 581 secundnm

81 635 125 681 cor
149 618 289 681 nostrum
319 613 459 698 idoneos
476 613 510 680 in
526 620 685 700 pastores.
703 615 831 682 Dudum
848 616 1008 702 siquidem
1028 621 1196 704 Ragusina
1254 609 1259 623 ⁸

80 721 207 788 Ecclesia
236 741 296 807 per
327 728 464 788 mortem
480 723 564 788 bone
581 723 735 790 memorie
761 722 864 809 Salvij
881 725 1041 810 Ragusini
1058 729 1187 798 Archie-

81 829 185 914 pisoopi
199 831 344 916 pastoris
361 829 479 898 solatio
496 831 665 918 destituta,
684 831 838 899 (bononici
866 833 1010 900 eiusdem
1042 837 1194 903 Ecclesie

81 937 231 1022 quemdam
258 936 394 1006 fratrem
426 940 568 1004 Marcum
601 938 642 1006 de
667 939 811 1025 Venitijs
828 940 962 1009 Ordinis
982 942 1143 1010 Minorum
1158 946 1194 1010 in

82 1045 355 1131 lrolriepiscopum
371 1047 582 1134 Ragnsinum,
597 1053 631 1112 vt
647 1046 775 1134 dicitur,
793 1049 981 1132 elegerunt;
1006 1050 1064 1117 sed
1080 1051 1193 1118 eodem

81 1153 164 1219 trabe
191 1155 310 1240 blaroc,
343 1161 516 1238 antequam
534 1162 621 1220 esset
640 1156 710 1223 eius
727 1156 845 1222 electio
861 1155 1062 1242 confirmata,
1077 1165 1193 1226 nature

84 1261 207 1328 debitum
242 1262 459 1347 persoluente,
490 1261 625 1346 predicti
658 1261 812 1328 Canonioi
844 1259 887 1327 ad
920 1263 1123 1332 tractandum
1153 1265 1195 1332 de

83 1363 175 1436 futuri
196 1369 427 1436 substitutione
448 1370 588 1454 pastoris
606 1370 735 1438 insimul
752 1379 980 1460 conuenerunt,
998 1381 1032 1439 et
1048 1373 1194 1441 dubitan-

82 1485 130 1562 tes,
144 1495 181 1542 nc
196 1478 226 1543 si
242 1476 287 1543 ad
302 1478 490 1544 electionem
517 1478 738 1564 procederent,
757 1484 789 1545 et
821 1499 884 1544 non
917 1487 1053 1564 possent
1083 1500 1193 1548 omnes

81 1585 188 1670 pariter
218 1583 251 1650 in
269 1605 369 1650 unam
395 1584 593 1652 concordare
617 1595 800 1671 personam,
821 1585 939 1653 exinde
958 1589 1097 1654 oriretur
1111 1589 1195 1653 inter

81 1693 157 1777 ipsos
171 1692 390 1762 dissensionis
415 1693 563 1780 materia,
596 1713 654 1779 per
686 1715 780 1778 qnam
813 1696 860 1760 eis
891 1699 924 1760 et
954 1695 1016 1780 ipsi
1048 1697 1194 1764 Ecclesie

81 1799 240 1885 dispendia
272 1802 492 1883 imminerent;
516 1799 780 1868 deliberauerunt
806 1803 966 1868 communi
986 1821 1145 1870 consensu
1161 1809 1194 1870 et

81 1909 210 1976 unanimi
226 1911 406 1998 voluntate,
421 1915 456 1976 ut
470 1912 563 1978 nobis
580 1909 720 1977 humiles
736 1930 846 1995 preces
863 1911 1075 1998 porrigerent,
1107 1911 1194 1994 quod

80 2017 277 2101 dignaremur
309 2019 414 2086 eidem
428 2018 575 2088 Ecolesie
591 2019 780 2085 auctoritate
800 2019 989 2103 Apostoliea
1004 2019 1045 2085 de
1060 2024 1193 2105 pastore

79 2123 180 2192 idoneo
194 2126 383 2212 prouidere3
410 2148 449 2194 ac
464 2145 560 2212 super
576 2125 638 2192 hcc
653 2133 887 2210 consequenter
902 2133 968 2192 tam
991 2127 1066 2212 ipsi,
1092 2147 1190 2210 quarn

80 2233 174 2302 dilecti
203 2234 275 2320 filij,
293 2232 414 2302 nobilis
438 2235 488 2300 vir
504 2234 630 2321 Comes,
642 2233 828 2318 Consilium,
852 2234 1027 2300 Commune
1043 2233 1192 2301 Ciuitatis

79 2341 229 2427 Ragnsine
244 2342 340 2410 nobis
356 2362 433 2410 snas
449 2342 703 2430 supplicatorias
723 2341 848 2408 litteras
865 2361 925 2428 per
940 2348 1061 2410 eertum
1081 2361 1192 2408 eorum

79 2451 216 2516 nuncium
240 2449 456 2517 destinarunt.
474 2450 542 2516 Nos
556 2449 656 2534 igitur
676 2447 836 2516 dictorum
853 2447 1088 2514 Canonicorum
1104 2450 1192 2515 rotis

79 2560 211 2626 uolentes
226 2559 453 2626 fauorabiliter
470 2577 612 2626 annuere
621 2559 655 2624 in
665 2557 727 2624 hac
748 2563 848 2642 parte,
870 2555 911 2622 de
927 2557 1029 2642 ipsius
1045 2557 1193 2623 Ecclesia

79 2665 268 2736 ordinatione
293 2667 404 2750 celeri,
421 2687 461 2732 ne
476 2665 662 2752 prolixioris
687 2665 868 2732 vacationis
884 2664 1034 2750 exposita
1050 2669 1195 2731 maneret

79 2773 285 2860 incommodis,
319 2780 444 2841 attente
475 2773 627 2841 duximus
657 2772 885 2858 cogitandum
910 2777 1032 2856 etpost
1051 2771 1193 2856 uigilem,

79 2901 160 2963 quam
176 2883 219 2949 ad
235 2881 421 2967 ponendam
437 2881 557 2949 ibidem
589 2882 805 2968 approbatam
836 2880 1052 2962 idoneamque
1083 2896 1190 2962 perso·

78 3010 140 3057 nam
170 2991 383 3080 apposuimus
415 2988 627 3072 diligentiam,
643 2989 676 3053 in
694 2995 727 3054 te
743 2987 860 3072 prefati
882 2984 1016 3054 Ordinis
1036 2983 1194 3070 professo·

77 3119 141 3184 rem,
156 3105 232 3166 tnnc
246 3097 427 3165 executioni
453 3097 550 3183 officij
583 3097 807 3182 Inquisitionis
841 3101 956 3163 eontra
986 3091 1143 3161 hereticos
1159 3093 1194 3158 in

76 3205 209 3276 llarelria
239 3206 415 3275 Taruisina
440 3207 603 3276 commissi
623 3206 682 3274 tibi
699 3227 720 3273 a
735 3205 824 3273 Sede
839 3203 1027 3292 Apostolica
1043 3203 1194 3270 insisten-

76 3321 141 3403 tem,
170 3338 265 3402 quem
297 3317 399 3383 Nobis
430 3321 462 3383 et
476 3314 630 3382 iratribus
647 3315 767 3380 nostris
784 3313 824 3380 de
845 3313 1026 3380 litterarum
1045 3311 1193 3393 scientia,

76 3443 186 3492 morum
218 3425 412 3508 maturitate,
446 3422 630 3509 prudentia,
666 3420 883 3508 spiritualium
916 3427 949 3486 ct
969 3417 1194 3505 temporalium

75 3533 274 3614 prouidencia
305 3530 537 3614 fidedignorunr
569 3529 753 3598 testimonia
784 3528 1056 3611 commendarunt,
1075 3525 1192 3593 direxi·

75 3659 138 3706 mus
152 3643 263 3708 oculos
278 3647 388 3708 nostre
405 3639 531 3706 mentis.
562 3637 770 3725 Quapropter
798 3645 856 3704 etc.
888 3643 921 3702 le
953 3635 1017 3721 ipsi
1048 3635 1193 3701 Ecclesie

75 3747 251 3828 preficimus
281 3749 315 3815 in
330 3747 618 3830 Archiepiscopum
643 3753 676 3814 et
691 3751 856 3832 pastorem
875 3749 936 3812 etc.
954 3745 1074 3810 Datum
1090 3744 1192 3809 Rome

78 3856 157 3936 apud
173 3856 323 3925 Sanctum
343 3858 473 3923 Petrum
501 3855 614 3940 quinto
645 3854 719 3922 idue
751 3851 951 3937 Decembris,
983 3850 1194 3918 Pontificatus

80 3963 171 4028 nostri
187 3985 268 4032 anno
283 3965 434 4033 secundo.

272 4163 403 4226 (Palati,
422 4163 568 4226 Illyricum
588 4161 705 4212 Sacrum
723 4161 770 4210 VI.
791 4160 851 4210 kbt.
874 4161 935 4208 114.
953 4157 984 4216 l.)

496 4447 765 4458 -n—-n—-n-—n—
