3096 5160
583 923 660 991 410.

58 1120 115 1186 IV.
132 1122 250 1188 Ldsdo
264 1121 376 1205 Ismdly
391 1122 573 1206 maneronta
597 1120 737 1188 Konood
750 1131 880 1201 noestert,
913 1123 1089 1188 Istocinnak
1104 1123 1180 1210 ficit,

188 1229 283 1294 Szent
298 1229 432 1294 Marion
448 1231 479 1296 6⁸
493 1227 621 1292 Znerkh
638 1229 837 1295 birtokdhan.
869 1207 920 1294 Eo
935 1230 1052 1296 mimi.

161 1425 230 1492 Nos
247 1423 422 1492 Ladinlaus
438 1423 499 1490 Dei
515 1423 626 1510 grania
641 1424 711 1490 Rex
727 1423 894 1508 Hungarie
919 1424 1071 1493 memorie
1097 1445 1182 1492 oom-

55 1529 247 1598 mendantes
273 1529 494 1616 significamus
524 1529 697 1618 uniuersis,
727 1529 813 1614 qnod
845 1530 1041 1600 constitutus
1073 1551 1183 1598 eoram

54 1639 147 1707 nobis
163 1639 321 1723 Magister
336 1638 499 1706 conanus
516 1639 601 1705 filins
619 1638 665 1706 st
681 1637 829 1706 exhibuit
853 1639 947 1706 nobis
978 1639 1184 1726 priuilegium

55 1745 181 1813 domini
207 1746 308 1831 Regis
338 1746 421 1813 Bele
450 1747 507 1812 aui
538 1745 641 1812 nostri
672 1743 846 1813 karissimi.
881 1752 914 1811 et
945 1745 1027 1814 alias
1057 1747 1185 1812 litteras

55 1859 210 1937 patentes
226 1851 383 1937 eiusdem,
401 1858 433 1918 et
447 1851 574 1920 litteras
590 1857 741 1937 patentes
757 1849 876 1919 domini
892 1849 937 1918 St.
954 1852 1055 1935 Regis
1081 1851 1184 1938 patris

55 1959 166 2043 nostri,
183 1978 283 2046 snper
297 1958 392 2027 terris
409 1958 512 2025 Zenth
528 1959 653 2026 Marton
672 1965 704 2026 ei
719 1957 850 2026 Znerkh
865 1958 1000 2043 uocatis,
1017 1978 1099 2042 quas
1116 1958 1186 2040 qni-

56 2066 128 2132 dem
145 2073 254 2133 terras
270 2086 291 2133 a
305 2065 473 2133 Herbordo
489 2085 592 2151 paruo
609 2067 674 2132 eini
690 2063 778 2153 (igy)
794 2064 1006 2151 Musuniensi,
1039 2071 1070 2131 et
1096 2065 1185 2132 (inne

55 2193 177 2256 genero
197 2171 352 2250 eiusdem,
382 2178 477 2256 prout
492 2173 525 2237 in
542 2173 614 2257 ipso
629 2171 802 2259 priuilegio
818 2179 851 2238 et
865 2171 982 2239 litteris
999 2171 1186 2257 potentibus

56 2279 203 2346 uidimus
229 2278 398 2360 contineri·
425 2278 534 2362 preeio
566 2278 742 2348 dinoscitur
774 2296 990 2366 comparasse,
1022 2279 1136 2365 petiuit
1165 2300 1187 2346 a

56 2388 114 2474 bis,
131 2393 169 2454 nt
187 2393 318 2453 nostras
336 2385 439 2452 eeiam
456 2385 559 2451 eidem
576 2391 725 2471 patentes
741 2385 866 2454 litteras
884 2386 1017 2471 elargiri
1037 2385 1186 2471 dignare·

56 2516 134 2562 mnr.
160 2494 235 2560 Nos
249 2494 359 2577 itaque
374 2492 471 2560 iustis
487 2492 702 2576 petioionibns
718 2491 861 2558 eiusdem
876 2491 1024 2576 Magistri
1051 2493 1186 2560 (tor-radi
1294 2573 1297 2578 Ι

56 2609 254 2688 annuentes,
269 2607 304 2666 nt
319 2599 391 2685 ipse
407 2605 439 2666 et
453 2599 503 2665 sui
520 2599 665 2685 heredes,
682 2619 877 2683 suorumque
893 2600 1046 2667 heredum
1063 2621 1188 2670 sucees-

55 2730 145 2776 sores
161 2715 273 2775 terras
290 2709 356 2773 iam
372 2705 557 2774 nominatus
574 2705 700 2793 possint
728 2705 908 2792 possidere,
938 2714 1066 2776 nostras
1099 2707 1185 2796 (tgy)

55 2817 160 2884 eidem
178 2811 314 2881 nostras
329 2821 481 2898 patentes
498 2814 623 2882 litteras
639 2814 868 2882 consensimus.
910 2815 1030 2880 Datum
1046 2813 1080 2879 in
1106 2815 1186 2882 Ohe·

55 2926 130 3008 gled
147 2923 242 2990 serie
257 2923 359 2990 tercia
374 2929 448 3008 post
462 2921 581 2990 festum
597 2921 709 2988 Sancti
724 2921 850 2990 Jaeobi.

57 3123 209 3184 (Eredetie
227 3121 411 3186 borhtrtyan,
430 3121 559 3183 melynek
577 3119 665 3170 haitan
684 3134 717 3172 az
735 3119 790 3169 oda
808 3121 938 3182 nyomott
956 3116 1103 3180 possetnek
1115 3119 1190 3167 titre·

125 3213 203 3262 riske
222 3209 289 3274 meg
308 3223 444 3274 megran3
463 3225 481 3259 a
498 3207 575 3262 malt.
595 3209 664 3258 baro
683 3207 780 3271 Revay
799 3207 893 3258 esalad
910 3203 1123 3266 revertor-snas.)
