3170 5166
593 361 755 481 Q

101 559 290 660 Molparele
305 559 453 656 Virginis
467 585 571 656 prope
595 565 770 639 ciuitatem
801 567 1033 643 Posoniensenr
1066 560 1232 643 celebrals'

103 679 226 750 nobilis
241 677 374 746 domina
390 673 486 744 Anna
501 683 630 763 vocata,
657 676 728 745 filia
758 677 905 761 Fareusij
939 680 996 767 filij
1030 680 1138 750 'Pharo
1168 681 1228 770 filij

104 784 254 856 Ludislni
268 785 326 872 filij
343 782 500 871 Stephani
516 781 558 852 de
582 783 707 853 Alfolw
730 786 797 855 alio
828 789 960 856 nomine
991 788 1085 878 Arus,
1117 791 1236 866 coniux

107 915 186 964 uero
202 891 358 962 Huanreh
374 891 543 960 Teutonici
560 891 723 961 demedio
739 893 876 963 oliorum
894 897 1093 986 exurgendo,
1120 902 1233 964 eontra

105 1003 238 1073 Petrum
254 1001 355 1070 filium
373 999 502 1086 Georgii
527 999 586 1084 filij
617 1003 735 1070 Jacobi
765 1003 823 1092 lilij
855 1005 976 1091 prelati
1006 1006 1164 1093 Stephani
1194 1003 1235 1073 de

105 1111 222 1182 eadem
237 1111 361 1180 Alsalw
376 1111 549 1198 proposuit
564 1131 603 1180 eo
618 1113 726 1202 modo,
758 1115 918 1198 quomodo
943 1115 1089 1202 prefatus
1119 1115 1235 1182 Petrus

105 1221 194 1290 filius
210 1217 342 1306 Georgii
360 1217 524 1304 quandam
540 1219 780 1307 possessionem
797 1221 918 1311 Byllye
943 1233 1092 1294 vocatam
1118 1222 1236 1290 Distri-

97 1323 486 1400 otusOhallolrwztitulo
506 1327 658 1413 emptieio
669 1328 731 1396 sibi
747 1330 911 1416 pertinere
921 1329 1100 1417 debentem,
1112 1336 1237 1400 teneret

92 1439 471 1521 'etrteretur3preterea
487 1433 528 1501 de
546 1435 774 1504 medietatibus
801 1438 1045 1524 possessionum
1055 1443 1138 1508 Arus
1163 1441 1236 1508 siue

104 1541 238 1632 Vytalw
251 1542 441 1628 prescripto,
453 1561 493 1612 ac
503 1541 656 1631 Thylrwd
671 1545 920 1622 nominatarum,
930 1546 1136 1632 porcionibus
1145 1545 1234 1614 vide-

102 1650 183 1719 lieet
190 1649 360 1737 prescripti
369 1649 519 1718 Ladislai
528 1649 584 1736 filij
596 1650 754 1738 Stephani
764 1653 819 1720 aui
828 1653 887 1734 sni,
897 1654 948 1721 ius
958 1675 1051 1723 suum
1068 1655 1230 1741 quartale,

106 1779 146 1826 eo
162 1757 249 1844 quod
263 1757 337 1844 ipsa
352 1763 508 1824 annotato
524 1758 679 1826 Hnanreh
694 1760 883 1848 Teutonico,
899 1761 1021 1828 homini
1035 1761 1174 1848 ignobili
1199 1765 1232 1828 et

103 1865 394 1953 impossesrionato
411 1870 513 1950 nupta
528 1863 652 1952 luisset,
685 1885 757 1934 cnm
774 1869 980 1952 possessione
995 1869 1118 1937 habere
1134 1869 1231 1936 debe-

103 1979 155 2042 ret
169 1977 229 2040 etc.
246 1972 461 2042 instrumenta
478 1973 582 2040 eciam
599 1973 756 2042 litteralia
771 1975 893 2044 factum
909 1976 995 2044 dicte
1011 1976 1230 2062 possessionis

103 2077 247 2168 Thyeud
261 2079 488 2166 contingencia
513 2100 593 2166 erga
618 2083 776 2168 prosatum
802 2083 934 2151 Petrum
965 2084 1065 2153 filium
1097 2081 1231 2168 Georgij

103 2187 321 2275 haberentur3
344 2187 428 2256 vnde
443 2189 518 2274 ipsa
532 2193 600 2255 tam
624 2191 839 2277 prescriptam
869 2211 961 2260 suam
993 2191 1230 2276 possessionem

102 2295 221 2384 Byllye
236 2295 430 2382 empticium,
446 2304 543 2381 quam
560 2296 662 2365 eciam
677 2299 891 2385 prescriptum
907 2319 1002 2368 snum
1017 2301 1070 2368 ins
1079 2299 1231 2384 quartale

102 2402 145 2472 de
159 2401 389 2473 medietatibus
405 2401 563 2470 dictarum
580 2404 822 2490 possessionum
838 2406 991 2494 'lhthd
1007 2413 1039 2477 et
1054 2407 1138 2474 Arus
1159 2405 1230 2476 sine

102 2510 227 2580 Attalus
242 2511 480 2598 appellaturum
497 2512 757 2598 possessionaria
773 2513 909 2584 da'cione
925 2513 1091 2583 mediante
1107 2537 1128 2583 a
1144 2514 1230 2582 dicto

101 2619 200 2686 Petro
214 2617 283 2686 filio
298 2615 431 2702 Georgij
464 2617 630 2705 rehabere,
660 2620 813 2705 dietaque
845 2623 1061 2692 instrumenta
1078 2623 1111 2689 in
1140 2623 1229 2691 facto

101 2725 188 2794 dicte
202 2725 418 2812 possessionis
449 2725 602 2813 Thykwd
633 2735 786 2796 emunata
816 2750 875 2816 pro
906 2730 1066 2799 habendis
1096 2731 1231 2814 paribus

101 2857 213 2905 eorum
229 2855 287 2923 per
302 2835 441 2904 eundem
458 2835 587 2904 Petrum
602 2837 748 2905 exhiberi
764 2838 866 2906 vellet
888 2858 997 2906 eoram
1023 2839 1128 2906 nobis.
1167 2835 1231 2904 vui

101 2946 174 3030 ipse
189 2942 304 3014 Petrus
319 2942 403 3011 filius
421 2943 554 3030 Georgij
570 2944 697 3012 litteras
713 2945 855 3031 Capituli
870 2943 1079 3013 Posoniensis
1089 2943 1229 3011 sabbato

100 3051 339 3139 proximoante
354 3051 550 3120 dominicam
573 3052 868 3138 Ramispalmarum
898 3072 985 3120 anno
1017 3052 1149 3120 Domini
1180 3051 1231 3117 Me

100 3158 326 3229 ueoentesimo
342 3157 448 3227 editas
463 3159 698 3228 demonstrauit
715 3161 927 3249 explicantes,
944 3159 1029 3245 quod
1046 3159 1231 3228 constitutis

100 3266 298 3354 eoramipso
315 3265 467 3353 Capitale
483 3267 675 3335 Posoniensi
702 3267 827 3336 Comite
852 3270 994 3335 Abraam
1023 3266 1091 3333 filio
1116 3267 1226 3334 Abrae

99 3375 143 3443 de
160 3375 280 3442 Sancto
297 3373 438 3460 Georgio
454 3395 513 3461 pro
530 3393 566 3442 se
585 3379 618 3442 et
633 3395 692 3460 pro
709 3373 812 3442 fratre
827 3395 886 3444 suo
913 3373 1071 3459 Magistro
1101 3374 1230 3441 'l'honra

99 3481 144 3551 ab
160 3501 225 3550 vna
241 3487 354 3568 parte;
376 3489 410 3550 et
434 3481 591 3567 Magistro
621 3483 747 3551 Jacobo
779 3503 819 3551 uc
849 3483 976 3551 Gemite
1005 3483 1158 3550 Ladislao
1190 3481 1231 3548 de

98 3589 192 3659 circa
206 3589 381 3658 Homorow
396 3592 439 3657 ab
455 3590 570 3677 altera,
587 3588 673 3658 idem
689 3591 805 3669 Comes
821 3591 964 3659 Abruam
979 3589 1094 3658 luisset
1106 3588 1234 3657 conses-

96 3717 156 3768 sus
171 3695 339 3786 riuauooe,
355 3697 442 3783 quod
457 3699 529 3784 ipse
545 3705 578 3765 et
594 3699 679 3767 filius
695 3719 774 3767 suus
799 3699 963 3785 quandam
988 3699 1229 3785 possessionum

96 3823 191 3875 suam
206 3801 438 3872 hereditariam
452 3805 596 3894 shykud
620 3813 781 3896 vocatam,
805 3807 897 3874 iuxta
928 3813 1032 3874 terras
1062 3805 1164 3875 sze
1195 3809 1228 3870 et

94 3912 175 3982 lllra
188 3915 323 3980 vocatas
339 3912 427 3980 circa
441 3911 569 3980 Buldnr
585 3913 760 3982 existentes
777 3933 850 3981 cnm
865 3913 1015 3982 omnibus
1041 3913 1110 3982 suis
1140 3910 1228 3980 rtili-

95 4019 223 4090 tatibus
238 4018 384 4088 dedisset
407 4027 440 4088 et
455 4019 648 4089 contnlisset
671 4022 829 4108 predictis
856 4021 979 4088 Jacobo
1010 4025 1043 4088 et
1072 4019 1233 4089 Ladislao

95 4127 419 4212 suisqueheredibus
436 4149 496 4213 pro
527 4129 708 4218 meritorijs
739 4128 889 4214 seruieijs
921 4149 1042 4218 eorum,
1075 4148 1137 4213 qne
1167 4127 1232 4196 sibi

93 4233 321 4322 multiplieiter
360 4235 607 4322 inpendimus,
645 4257 755 4304 assum
764 4236 903 4322 pmendo
943 4255 1001 4304 eos
1031 4235 1166 4324 pacifice
1199 4236 1234 4302 in

93 4341 216 4412 eadem
232 4361 434 4411 conseruare.
458 4343 542 4411 Mete
557 4349 666 4411 autem
682 4345 785 4430 ipsius
806 4342 1033 4431 possessionis,
1060 4344 1145 4411 sicut
1159 4343 1231 4430 My·

91 4451 192 4520 chael
208 4450 370 4538 sacerdos,
386 4451 482 4520 homo
498 4451 602 4538 ipsius
618 4451 760 4540 Capituli
775 4452 994 4538 Posoniensis,
1012 4451 1224 4520 etFarcasins

88 4558 181 4627 tilius
195 4559 272 4630 Zele
286 4559 382 4628 homo
397 4557 531 4630 Comitis
547 4561 764 4646 Posoniensie‚
780 4561 836 4646 qui
852 4561 896 4628 ad
906 4561 968 4628 hoe
978 4559 1117 4629 tuissent
1129 4557 1234 4626 desti-

67 4667 178 4758 unti,
192 4665 297 4740 eidem
312 4665 464 4757 Capitale
478 4669 682 4756 recitassent,
696 4676 804 4740 essent
818 4669 902 4738 tales
920 4693 928 4738 r
945 4669 1031 4754 quod
1057 4667 1143 4754 incip
1149 4689 1212 4737 eren
