3170 5166
810 892 890 958 tuo.

276 1092 393 1158 Laudo
408 1113 505 1158 comas
521 1089 776 1178 orazdpbc'ronak
794 1091 973 1176 oizaydluti
982 1113 1152 1178 paraneto
1166 1117 1187 1158 a
1214 1095 1312 1180 9μῦτί
1337 1093 1413 1179 ku'p·

271 1196 431 1265 amantor
445 1222 467 1264 a
482 1195 622 1263 Herbort
638 1197 719 1264 attat
741 1171 849 1266 όυάνὶ
865 1197 1005 1264 Koarcid
1020 1209 1130 1266 matter
1148 1199 1227 1265 clleo
1250 1201 1411 1267 attonuere

462 1303 766 1372 tudmmtotcoot
787 1306 984 1392 torqya'bco.
1009 1305 1108 1374 1273.
1125 1306 1235 1374 korut.

388 1497 510 1568 Amicis
527 1497 595 1566 suia
611 1495 762 1586 Capitulo
779 1497 947 1566 Jauricusi
963 1497 1079 1567 Comes
1104 1498 1283 1569 Ladizlaus
1307 1501 1328 1568 J
1331 1499 1413 1569 urlex

275 1603 377 1674 Curio
392 1605 514 1676 domini
529 1607 630 1694 Regis
644 1605 831 1673 amiciciam
846 1613 1007 1692 paratam.
1032 1607 1123 1675 Dixit
1138 1607 1232 1676 nobis
1257 1607 1413 1693 Magister

276 1715 455 1784 conatum
470 1714 512 1782 de
527 1711 639 1802 Ossan,
665 1711 755 1797 quod
770 1713 959 1782 Herbordus
974 1715 1062 1784 filius
1077 1710 1251 1804 Hcrbordi,
1285 1715 1413 1784 Cbovau

279 1823 428 1891 officialis
444 1821 600 1908 eiusdem,
616 1821 731 1908 populi
757 1819 861 1908 ipsius
887 1822 927 1889 de
958 1821 1038 1892 uilia
1068 1823 1212 1908 Igmclch
1242 1843 1315 1890 cnm
1347 1823 1412 1891 suis

275 1929 489 2017 complicibus
504 1927 586 1996 ieria
602 1929 715 2012 quinta
732 1927 894 2016 {proxima
919 1937 996 1996 ante
1026 1929 1143 1998 festum
1175 1931 1271 1998 Beati
1303 1929 1407 2016 ugidij

277 2037 476 2106 confessoris
491 2035 552 2104 hoc
568 2054 656 2102 auno
672 2055 770 2122 super
787 2035 903 2102 villam
929 2055 1022 2103 suam
1054 2034 1232 2107 Pothfolua
1262 2045 1411 2104 vocatam

279 2159 380 2212 manu
396 2153 523 2212 armata
538 2143 767 2230 potencialiter
782 2141 961 2230 uenissent,
978 2150 1011 2210 et
1027 2143 1133 2230 ipsam
1149 2144 1276 2232 penitus
1287 2143 1410 2214 destru-

277 2255 412 2339 xissent,
446 2252 622 2338 dampnum
640 2249 673 2318 in
690 2251 765 2338 ipsa
790 2249 1017 2320 destructione
1047 2249 1081 2317 in
1112 2251 1215 2337 cquis,
1247 2251 1351 2320 bobus
1381 2259 1413 2322 et

276 2359 356 2445 aiijs
371 2359 467 2428 robur
483 2357 659 2428 mobilibus
676 2365 710 2428 ot
727 2358 936 2426 inmobilibus
963 2365 1091 2428 centum
1117 2379 1300 2428 marcarum
1332 2361 1410 2428 infe·

279 2468 379 2534 nendo
394 2467 451 2534 iitc
467 2463 631 2554 pendente
646 2466 730 2536 inter
750 2469 848 2552 ipsos.
887 2463 1049 2544 Quocirca
1066 2467 1251 2536 amiciciam
1269 2473 1408 2536 vostram

275 2577 417 2663 petimus
434 2573 616 2663 diligenter,
633 2581 798 2658 quatenus
814 2583 960 2642 uestrum
977 2573 1061 2643 detis
1076 2575 1298 2643 testimonium
1309 2576 1407 2644 Paulo

274 2685 342 2752 tilio
359 2681 518 2752 Andnrka
535 2683 656 2750 homini
673 2681 798 2750 domini
814 2681 922 2766 Regis,
939 2682 994 2768 qui
1012 2683 1053 2750 dc
1069 2684 1241 2770 premissis
1259 2685 1408 2754 omnibus

273 2793 359 2860 sciat
375 2797 408 2860 et
423 2791 565 2876 inquirat
581 2791 623 2856 ab
639 2789 790 2858 omnibus
807 2792 926 2874 quibus
942 2791 1036 2859 decet
1066 2793 1251 2878 ueritatem,
1276 2791 1407 2861 citando

274 2921 351 2984 psos
368 2897 583 2994 Harbordum,
627 2899 760 2967 Ohovaz
777 2905 809 2966 et
824 2900 938 2966 villam
954 2899 1101 2986 Igmelch
1116 2911 1229 2970 contra
1254 2903 1408 2971 Comitem

276 3007 467 3076 Corraldum
488 3007 533 3074 ad
547 3007 685 3092 Regiam
701 3007 906 3075 Presenciam
917 3006 961 3075 ad
971 3009 1142 3076 terminum
1153 3017 1407 3098 competentem

274 3124 349 3204 post
364 3113 424 3182 hcc
440 3113 525 3182 diem
542 3113 722 3200 citacionis‚
750 3116 922 3182 terminum
938 3117 1141 3202 assignatum
1158 3126 1190 3185 et
1206 3120 1313 3188 tocius
1330 3120 1408 3186 facti

273 3224 391 3293 seriem
407 3221 537 3288 domiuo
553 3221 636 3304 Regi
667 3222 872 3290 rescribatis.
912 3223 1033 3291 Datum
1065 3225 1154 3292 Bude
1186 3230 1325 3313 septimo
1357 3227 1408 3294 die

273 3330 509 3416 quindenarum
527 3327 639 3396 Sancti
656 3329 755 3415 Regia
773 3329 944 3416 Stephani.
960 3333 1095 3419 Propter
1104 3335 1295 3402 absenciam
1306 3335 1406 3422 sigilli

275 3438 377 3506 nostri
392 3444 560 3524 presentes
578 3440 638 3506 sub
655 3437 764 3522 sigillo
782 3437 919 3506 Comitis
936 3439 1119 3508 Salomonis
1151 3443 1304 3511 duximus
1336 3463 1406 3512 con·

274 3542 448 3613 cedendas.

382 3651 514 3718 Krvtl
532 3677 540 3718 :
557 3651 707 3737 Capitulo
724 3653 893 3721 Jauriensi
912 3676 970 3742 pro
987 3655 1330 3742 Magistracorratdo.

274 3849 416 3905 (Eredetie
435 3850 617 3915 bb'rbtrtytn,
650 3868 666 3904 a
695 3853 841 3918 zarpeosbt
873 3855 1023 3920 elvcszett;
1056 3871 1072 3906 a
1102 3856 1179 3908 molt.
1210 3859 1279 3908 barb
1310 3858 1405 3922 Bovay

680 3943 773 3994 caalad
789 3943 1002 4008 levclttraban.)
