<?xml version="1.0" encoding="UTF-8"?>
<!DOCTYPE html PUBLIC "-//W3C//DTD XHTML 1.0 Transitional//EN"
    "http://www.w3.org/TR/xhtml1/DTD/xhtml1-transitional.dtd">
<html xmlns="http://www.w3.org/1999/xhtml" xml:lang="en" lang="en">
 <head>
  <title>
</title>
<meta http-equiv="Content-Type" content="text/html;charset=utf-8" />
  <meta name='ocr-system' content='tesseract 3.04.00' />
  <meta name='ocr-capabilities' content='ocr_page ocr_carea ocr_par ocr_line ocrx_word'/>
</head>
<body>
  <div class='ocr_page' id='page_1' title='image "./codexdiplomatic06wenzgoog_0645.png"; bbox 0 0 3148 5164; ppageno 0'>
   <div class='ocr_carea' id='block_1_1' title="bbox 835 250 900 311">
    <p class='ocr_par' dir='ltr' id='par_1_1' title="bbox 835 250 900 311">
     <span class='ocr_line' id='line_1_1' title="bbox 835 250 900 311; baseline 0.046 -4"><span class='ocrx_word' id='word_1_1' title='bbox 835 250 900 311; x_wconf 54' lang='lat' dir='ltr'>:ib-t</span> 
     </span>
    </p>
   </div>
   <div class='ocr_carea' id='block_1_2' title="bbox 288 441 1438 1810">
    <p class='ocr_par' dir='ltr' id='par_1_2' title="bbox 288 441 1438 1810">
     <span class='ocr_line' id='line_1_2' title="bbox 288 441 1432 530; baseline 0.003 -21"><span class='ocrx_word' id='word_1_2' title='bbox 288 441 691 510; x_wconf 81' lang='lat' dir='ltr'>&#39;alteraveroLadislaus</span> <span class='ocrx_word' id='word_1_3' title='bbox 722 441 807 507; x_wconf 86' lang='lat' dir='ltr'>lilius</span> <span class='ocrx_word' id='word_1_4' title='bbox 839 441 996 528; x_wconf 76' lang='lat' dir='ltr'><strong>Stephani</strong></span> <span class='ocrx_word' id='word_1_5' title='bbox 1028 442 1070 509; x_wconf 92' lang='lat' dir='ltr'>de</span> <span class='ocrx_word' id='word_1_6' title='bbox 1102 444 1305 530; x_wconf 63' lang='lat' dir='ltr'>CbalIolrwa</span> <span class='ocrx_word' id='word_1_7' title='bbox 1335 446 1432 530; x_wconf 87' lang='lat' dir='ltr'>ijdem</span> 
     </span>
     <span class='ocr_line' id='line_1_3' title="bbox 291 550 1431 620; baseline 0.003 -5"><span class='ocrx_word' id='word_1_8' title='bbox 291 550 422 615; x_wconf 68' lang='lat' dir='ltr'>⁴Abram</span> <span class='ocrx_word' id='word_1_9' title='bbox 440 556 472 614; x_wconf 89' lang='lat' dir='ltr'>et</span> <span class='ocrx_word' id='word_1_10' title='bbox 488 550 632 616; x_wconf 77' lang='lat' dir='ltr'>Thomas</span> <span class='ocrx_word' id='word_1_11' title='bbox 658 551 876 615; x_wconf 79' lang='lat' dir='ltr'>asseruissent</span> <span class='ocrx_word' id='word_1_12' title='bbox 908 552 1040 616; x_wconf 90' lang='lat' dir='ltr'>oraculo</span> <span class='ocrx_word' id='word_1_13' title='bbox 1074 553 1149 616; x_wconf 85' lang='lat' dir='ltr'>uiue</span> <span class='ocrx_word' id='word_1_14' title='bbox 1181 554 1270 620; x_wconf 76' lang='lat' dir='ltr'>uocis</span> <span class='ocrx_word' id='word_1_15' title='bbox 1304 573 1431 618; x_wconf 88' lang='lat' dir='ltr'>corum:</span> 
     </span>
     <span class='ocr_line' id='line_1_4' title="bbox 302 623 1434 740; baseline 0.004 -20"><span class='ocrx_word' id='word_1_16' title='bbox 302 656 387 740; x_wconf 86' lang='lat' dir='ltr'>quod</span> <span class='ocrx_word' id='word_1_17' title='bbox 404 655 574 738; x_wconf 89' lang='lat' dir='ltr'>quandam</span> <span class='ocrx_word' id='word_1_18' title='bbox 592 655 704 722; x_wconf 81' lang='lat' dir='ltr'>villam</span> <span class='ocrx_word' id='word_1_19' title='bbox 733 677 842 722; x_wconf 80' lang='lat' dir='ltr'>coruum</span> <span class='ocrx_word' id='word_1_20' title='bbox 871 623 965 722; x_wconf 79' lang='lat' dir='ltr'>Bsstie</span> <span class='ocrx_word' id='word_1_21' title='bbox 997 665 1145 722; x_wconf 77' lang='lat' dir='ltr'>vocatam</span> <span class='ocrx_word' id='word_1_22' title='bbox 1177 659 1212 724; x_wconf 92' lang='lat' dir='ltr'>in</span> <span class='ocrx_word' id='word_1_23' title='bbox 1246 658 1434 726; x_wconf 85' lang='lat' dir='ltr'>Cballolrwr</span> 
     </span>
     <span class='ocr_line' id='line_1_5' title="bbox 301 761 1435 849; baseline 0.003 -21"><span class='ocrx_word' id='word_1_24' title='bbox 301 763 493 828; x_wconf 77' lang='lat' dir='ltr'><strong>existentem</strong></span> <span class='ocrx_word' id='word_1_25' title='bbox 511 763 577 827; x_wconf 92' lang='lat' dir='ltr'>iam</span> <span class='ocrx_word' id='word_1_26' title='bbox 594 762 680 827; x_wconf 85' lang='lat' dir='ltr'>dicto</span> <span class='ocrx_word' id='word_1_27' title='bbox 698 761 853 828; x_wconf 88' lang='lat' dir='ltr'>Ladlslao</span> <span class='ocrx_word' id='word_1_28' title='bbox 869 783 927 848; x_wconf 92' lang='lat' dir='ltr'>pro</span> <span class='ocrx_word' id='word_1_29' title='bbox 944 763 1011 829; x_wconf 88' lang='lat' dir='ltr'>suis</span> <span class='ocrx_word' id='word_1_30' title='bbox 1028 765 1190 849; x_wconf 86' lang='lat' dir='ltr'>seruicijs,</span> <span class='ocrx_word' id='word_1_31' title='bbox 1208 765 1363 831; x_wconf 78' lang='lat' dir='ltr'>eteniam</span> <span class='ocrx_word' id='word_1_32' title='bbox 1381 787 1435 847; x_wconf 92' lang='lat' dir='ltr'>pro</span> 
     </span>
     <span class='ocr_line' id='line_1_6' title="bbox 301 867 1435 956; baseline 0.002 -22"><span class='ocrx_word' id='word_1_33' title='bbox 301 889 352 948; x_wconf 88' lang='lat' dir='ltr'>eo,</span> <span class='ocrx_word' id='word_1_34' title='bbox 369 867 454 951; x_wconf 79' lang='lat' dir='ltr'>quorl</span> <span class='ocrx_word' id='word_1_35' title='bbox 472 868 544 952; x_wconf 91' lang='lat' dir='ltr'>ipse</span> <span class='ocrx_word' id='word_1_36' title='bbox 560 867 665 934; x_wconf 89' lang='lat' dir='ltr'>eidem</span> <span class='ocrx_word' id='word_1_37' title='bbox 683 869 792 934; x_wconf 82' lang='lat' dir='ltr'><strong>Abrae</strong></span> <span class='ocrx_word' id='word_1_38' title='bbox 809 887 926 951; x_wconf 86' lang='lat' dir='ltr'>equrun</span> <span class='ocrx_word' id='word_1_39' title='bbox 945 877 976 936; x_wconf 88' lang='lat' dir='ltr'>et</span> <span class='ocrx_word' id='word_1_40' title='bbox 993 889 1082 934; x_wconf 88' lang='lat' dir='ltr'>arma</span> <span class='ocrx_word' id='word_1_41' title='bbox 1099 871 1258 937; x_wconf 88' lang='lat' dir='ltr'>militaria</span> <span class='ocrx_word' id='word_1_42' title='bbox 1275 873 1435 956; x_wconf 86' lang='lat' dir='ltr'>quinqua-</span> 
     </span>
     <span class='ocr_line' id='line_1_7' title="bbox 304 973 1434 1063; baseline 0.005 -23"><span class='ocrx_word' id='word_1_43' title='bbox 304 975 394 1056; x_wconf 81' lang='lat' dir='ltr'><strong>ginta</strong></span> <span class='ocrx_word' id='word_1_44' title='bbox 410 994 539 1040; x_wconf 90' lang='lat' dir='ltr'>marcas</span> <span class='ocrx_word' id='word_1_45' title='bbox 556 975 709 1042; x_wconf 81' lang='lat' dir='ltr'>valencia</span> <span class='ocrx_word' id='word_1_46' title='bbox 726 973 881 1063; x_wconf 77' lang='lat' dir='ltr'>dedisset,</span> <span class='ocrx_word' id='word_1_47' title='bbox 899 979 931 1040; x_wconf 92' lang='lat' dir='ltr'>in</span> <span class='ocrx_word' id='word_1_48' title='bbox 949 975 1033 1042; x_wconf 90' lang='lat' dir='ltr'>filios</span> <span class='ocrx_word' id='word_1_49' title='bbox 1049 976 1183 1042; x_wconf 90' lang='lat' dir='ltr'>tiliorum</span> <span class='ocrx_word' id='word_1_50' title='bbox 1201 997 1273 1042; x_wconf 90' lang='lat' dir='ltr'>cum</span> <span class='ocrx_word' id='word_1_51' title='bbox 1285 981 1434 1046; x_wconf 88' lang='lat' dir='ltr'>omnibus</span> 
     </span>
     <span class='ocr_line' id='line_1_8' title="bbox 302 1080 1436 1168; baseline 0 -20"><span class='ocrx_word' id='word_1_52' title='bbox 302 1080 370 1148; x_wconf 87' lang='lat' dir='ltr'>suis</span> <span class='ocrx_word' id='word_1_53' title='bbox 388 1080 581 1148; x_wconf 85' lang='lat' dir='ltr'>vtilitatibus</span> <span class='ocrx_word' id='word_1_54' title='bbox 599 1089 754 1168; x_wconf 87' lang='lat' dir='ltr'>perpetuo</span> <span class='ocrx_word' id='word_1_55' title='bbox 770 1083 999 1164; x_wconf 83' lang='lat' dir='ltr'>possidendam</span> <span class='ocrx_word' id='word_1_56' title='bbox 1016 1083 1219 1147; x_wconf 91' lang='lat' dir='ltr'>contulisset.</span> <span class='ocrx_word' id='word_1_57' title='bbox 1246 1081 1347 1150; x_wconf 82' lang='lat' dir='ltr'>Cuius</span> <span class='ocrx_word' id='word_1_58' title='bbox 1367 1087 1436 1168; x_wconf 78' lang='lat' dir='ltr'>qui·</span> 
     </span>
     <span class='ocr_line' id='line_1_9' title="bbox 303 1186 1433 1274; baseline 0.004 -23"><span class='ocrx_word' id='word_1_59' title='bbox 303 1186 374 1253; x_wconf 88' lang='lat' dir='ltr'>dem</span> <span class='ocrx_word' id='word_1_60' title='bbox 392 1187 612 1272; x_wconf 77' lang='lat' dir='ltr'>possessionis</span> <span class='ocrx_word' id='word_1_61' title='bbox 629 1193 714 1254; x_wconf 89' lang='lat' dir='ltr'>meta</span> <span class='ocrx_word' id='word_1_62' title='bbox 731 1189 836 1272; x_wconf 87' lang='lat' dir='ltr'>prima</span> <span class='ocrx_word' id='word_1_63' title='bbox 850 1188 1007 1274; x_wconf 78' lang='lat' dir='ltr'>inciperet</span> <span class='ocrx_word' id='word_1_64' title='bbox 1022 1187 1056 1252; x_wconf 93' lang='lat' dir='ltr'>iu</span> <span class='ocrx_word' id='word_1_65' title='bbox 1072 1187 1196 1256; x_wconf 83' lang='lat' dir='ltr'>Elebcb</span> <span class='ocrx_word' id='word_1_66' title='bbox 1214 1210 1255 1256; x_wconf 81' lang='lat' dir='ltr'>ex</span> <span class='ocrx_word' id='word_1_67' title='bbox 1284 1190 1433 1256; x_wconf 88' lang='lat' dir='ltr'>meridio-</span> 
     </span>
     <span class='ocr_line' id='line_1_10' title="bbox 305 1293 1438 1380; baseline 0.004 -21"><span class='ocrx_word' id='word_1_68' title='bbox 305 1295 372 1359; x_wconf 88' lang='lat' dir='ltr'>nali</span> <span class='ocrx_word' id='word_1_69' title='bbox 387 1293 504 1380; x_wconf 68' lang='lat' dir='ltr'>parte};</span> <span class='ocrx_word' id='word_1_70' title='bbox 522 1293 598 1360; x_wconf 89' lang='lat' dir='ltr'>iude</span> <span class='ocrx_word' id='word_1_71' title='bbox 609 1293 729 1361; x_wconf 84' lang='lat' dir='ltr'>directe</span> <span class='ocrx_word' id='word_1_72' title='bbox 745 1295 952 1380; x_wconf 82' lang='lat' dir='ltr'>procedendo</span> <span class='ocrx_word' id='word_1_73' title='bbox 968 1295 1029 1362; x_wconf 89' lang='lat' dir='ltr'>iret</span> <span class='ocrx_word' id='word_1_74' title='bbox 1045 1296 1079 1360; x_wconf 91' lang='lat' dir='ltr'>in</span> <span class='ocrx_word' id='word_1_75' title='bbox 1096 1295 1258 1380; x_wconf 78' lang='lat' dir='ltr'>Zakalos3</span> <span class='ocrx_word' id='word_1_76' title='bbox 1278 1295 1438 1363; x_wconf 88' lang='lat' dir='ltr'>etdeinde</span> 
     </span>
     <span class='ocr_line' id='line_1_11' title="bbox 304 1399 1436 1490; baseline 0 -22"><span class='ocrx_word' id='word_1_77' title='bbox 304 1407 454 1485; x_wconf 84' lang='lat' dir='ltr'>pergeret</span> <span class='ocrx_word' id='word_1_78' title='bbox 472 1401 514 1466; x_wconf 88' lang='lat' dir='ltr'>ad</span> <span class='ocrx_word' id='word_1_79' title='bbox 531 1399 730 1468; x_wconf 88' lang='lat' dir='ltr'>occidentem</span> <span class='ocrx_word' id='word_1_80' title='bbox 748 1402 778 1466; x_wconf 92' lang='lat' dir='ltr'>in</span> <span class='ocrx_word' id='word_1_81' title='bbox 797 1423 893 1467; x_wconf 81' lang='lat' dir='ltr'>snam</span> <span class='ocrx_word' id='word_1_82' title='bbox 911 1402 1023 1468; x_wconf 85' lang='lat' dir='ltr'>villam</span> <span class='ocrx_word' id='word_1_83' title='bbox 1041 1402 1159 1469; x_wconf 87' lang='lat' dir='ltr'>Seauol</span> <span class='ocrx_word' id='word_1_84' title='bbox 1186 1409 1348 1490; x_wconf 85' lang='lat' dir='ltr'>vocatam,</span> <span class='ocrx_word' id='word_1_85' title='bbox 1374 1422 1436 1486; x_wconf 86' lang='lat' dir='ltr'>quc</span> 
     </span>
     <span class='ocr_line' id='line_1_12' title="bbox 303 1501 1431 1595; baseline 0.002 -21"><span class='ocrx_word' id='word_1_86' title='bbox 303 1515 390 1575; x_wconf 85' lang='lat' dir='ltr'>esset</span> <span class='ocrx_word' id='word_1_87' title='bbox 405 1508 674 1595; x_wconf 76' lang='lat' dir='ltr'>Tauarnicorum,</span> <span class='ocrx_word' id='word_1_88' title='bbox 689 1517 721 1575; x_wconf 91' lang='lat' dir='ltr'>ct</span> <span class='ocrx_word' id='word_1_89' title='bbox 736 1509 781 1574; x_wconf 92' lang='lat' dir='ltr'>ibi</span> <span class='ocrx_word' id='word_1_90' title='bbox 798 1510 1023 1577; x_wconf 84' lang='lat' dir='ltr'>terminaretur</span> <span class='ocrx_word' id='word_1_91' title='bbox 1038 1511 1102 1578; x_wconf 81' lang='lat' dir='ltr'>atb.</span> <span class='ocrx_word' id='word_1_92' title='bbox 1136 1501 1255 1574; x_wconf 88' lang='lat' dir='ltr'>Datum</span> <span class='ocrx_word' id='word_1_93' title='bbox 1274 1512 1431 1594; x_wconf 84' lang='lat' dir='ltr'>vigesimo</span> 
     </span>
     <span class='ocr_line' id='line_1_13' title="bbox 303 1613 1436 1701; baseline 0.008 -25"><span class='ocrx_word' id='word_1_94' title='bbox 303 1613 359 1682; x_wconf 84' lang='lat' dir='ltr'>die</span> <span class='ocrx_word' id='word_1_95' title='bbox 376 1613 655 1699; x_wconf 80' lang='lat' dir='ltr'>Congrcgacionis</span> <span class='ocrx_word' id='word_1_96' title='bbox 670 1623 777 1682; x_wconf 87' lang='lat' dir='ltr'>nostre</span> <span class='ocrx_word' id='word_1_97' title='bbox 801 1615 942 1701; x_wconf 88' lang='lat' dir='ltr'>predicte</span> <span class='ocrx_word' id='word_1_98' title='bbox 973 1617 1006 1682; x_wconf 92' lang='lat' dir='ltr'>in</span> <span class='ocrx_word' id='word_1_99' title='bbox 1038 1616 1111 1682; x_wconf 94' lang='lat' dir='ltr'>loco</span> <span class='ocrx_word' id='word_1_100' title='bbox 1142 1623 1322 1684; x_wconf 90' lang='lat' dir='ltr'>memorato</span> <span class='ocrx_word' id='word_1_101' title='bbox 1352 1639 1436 1685; x_wconf 88' lang='lat' dir='ltr'>anno</span> 
     </span>
     <span class='ocr_line' id='line_1_14' title="bbox 305 1722 1275 1810; baseline 0.003 -23"><span class='ocrx_word' id='word_1_102' title='bbox 305 1722 437 1788; x_wconf 89' lang='lat' dir='ltr'>Domini</span> <span class='ocrx_word' id='word_1_103' title='bbox 454 1723 626 1790; x_wconf 87' lang='lat' dir='ltr'>millesimo</span> <span class='ocrx_word' id='word_1_104' title='bbox 643 1723 966 1809; x_wconf 81' lang='lat' dir='ltr'>quadringentesimo</span> <span class='ocrx_word' id='word_1_105' title='bbox 983 1723 1142 1809; x_wconf 80' lang='lat' dir='ltr'>vigesimo</span> <span class='ocrx_word' id='word_1_106' title='bbox 1158 1726 1275 1810; x_wconf 90' lang='lat' dir='ltr'>primo.</span> 
     </span>
    </p>
   </div>
   <div class='ocr_carea' id='block_1_3' title="bbox 427 1919 1317 1985">
    <p class='ocr_par' dir='ltr' id='par_1_3' title="bbox 427 1919 1317 1985">
     <span class='ocr_line' id='line_1_15' title="bbox 427 1919 1317 1985; baseline 0 -15"><span class='ocrx_word' id='word_1_107' title='bbox 427 1920 567 1980; x_wconf 80' lang='lat' dir='ltr'>(Eredetie</span> <span class='ocrx_word' id='word_1_108' title='bbox 580 1919 755 1985; x_wconf 75' lang='lat' dir='ltr'>borhtrtyutn</span> <span class='ocrx_word' id='word_1_109' title='bbox 777 1921 891 1972; x_wconf 86' lang='lat' dir='ltr'>abudai</span> <span class='ocrx_word' id='word_1_110' title='bbox 905 1921 959 1971; x_wconf 89' lang='lat' dir='ltr'>kir.</span> <span class='ocrx_word' id='word_1_111' title='bbox 979 1921 1107 1972; x_wconf 82' lang='lat' dir='ltr'>kamarai</span> <span class='ocrx_word' id='word_1_112' title='bbox 1121 1921 1317 1984; x_wconf 75' lang='lat' dir='ltr'>leveltarban.)</span> 
     </span>
    </p>
   </div>
   <div class='ocr_carea' id='block_1_4' title="bbox 838 2731 913 2800">
    <p class='ocr_par' dir='ltr' id='par_1_4' title="bbox 838 2731 913 2800">
     <span class='ocr_line' id='line_1_16' title="bbox 838 2731 913 2800; baseline 0.013 -1"><span class='ocrx_word' id='word_1_113' title='bbox 838 2731 913 2800; x_wconf 76' lang='lat' dir='ltr'>tat.</span> 
     </span>
    </p>
   </div>
   <div class='ocr_carea' id='block_1_5' title="bbox 307 2929 1443 3208">
    <p class='ocr_par' dir='ltr' id='par_1_5' title="bbox 307 2929 1443 3208">
     <span class='ocr_line' id='line_1_17' title="bbox 307 2929 1443 3020; baseline 0.001 -25"><span class='ocrx_word' id='word_1_114' title='bbox 307 2929 339 2995; x_wconf 88' lang='lat' dir='ltr'><em>A</em></span> <span class='ocrx_word' id='word_1_115' title='bbox 356 2933 530 3020; x_wconf 70' lang='lat' dir='ltr'>uesapremi</span> <span class='ocrx_word' id='word_1_116' title='bbox 544 2929 768 3016; x_wconf 78' lang='lat' dir='ltr'>kdptalonouk</span> <span class='ocrx_word' id='word_1_117' title='bbox 793 2929 1068 3016; x_wconf 67' lang='lat' dir='ltr'>uaoaysaqtevete,</span> <span class='ocrx_word' id='word_1_118' title='bbox 1096 2929 1180 3017; x_wconf 71' lang='lat' dir='ltr'>hoqy</span> <span class='ocrx_word' id='word_1_119' title='bbox 1195 2931 1308 2998; x_wconf 79' lang='lat' dir='ltr'>Fodor</span> <span class='ocrx_word' id='word_1_120' title='bbox 1324 2933 1443 3000; x_wconf 73' lang='lat' dir='ltr'>Maelo</span> 
     </span>
     <span class='ocr_line' id='line_1_18' title="bbox 308 3035 1442 3126; baseline 0 -22"><span class='ocrx_word' id='word_1_121' title='bbox 308 3050 420 3105; x_wconf 79' lang='lat' dir='ltr'>mester</span> <span class='ocrx_word' id='word_1_122' title='bbox 437 3039 629 3106; x_wconf 75' lang='lat' dir='ltr'>birtokduak</span> <span class='ocrx_word' id='word_1_123' title='bbox 646 3059 705 3122; x_wconf 73' lang='lat' dir='ltr'>epp</span> <span class='ocrx_word' id='word_1_124' title='bbox 721 3038 817 3102; x_wconf 68' lang='lat' dir='ltr'>resset</span> <span class='ocrx_word' id='word_1_125' title='bbox 833 3036 1012 3100; x_wconf 68' lang='lat' dir='ltr'>abaestuet</span> <span class='ocrx_word' id='word_1_126' title='bbox 1027 3035 1235 3103; x_wconf 74' lang='lat' dir='ltr'>Erzsttetnet</span> <span class='ocrx_word' id='word_1_127' title='bbox 1262 3042 1442 3126; x_wconf 71' lang='lat' dir='ltr'>dtenyedte.</span> 
     </span>
     <span class='ocr_line' id='line_1_19' title="bbox 824 3145 919 3208; baseline 0 -2"><span class='ocrx_word' id='word_1_128' title='bbox 824 3145 919 3208; x_wconf 79' lang='lat'><strong><em>1296.</em></strong></span> 
     </span>
    </p>
   </div>
   <div class='ocr_carea' id='block_1_6' title="bbox 283 3336 1453 4604">
    <p class='ocr_par' dir='ltr' id='par_1_6' title="bbox 304 3336 1451 4390">
     <span class='ocr_line' id='line_1_20' title="bbox 417 3336 1446 3424; baseline 0.002 -20"><span class='ocrx_word' id='word_1_129' title='bbox 417 3339 606 3424; x_wconf 84' lang='lat' dir='ltr'>Capitulum</span> <span class='ocrx_word' id='word_1_130' title='bbox 622 3338 765 3406; x_wconf 75' lang='lat' dir='ltr'>Ecclesia</span> <span class='ocrx_word' id='word_1_131' title='bbox 780 3336 1045 3420; x_wconf 78' lang='lat' dir='ltr'>wesprimiensis</span> <span class='ocrx_word' id='word_1_132' title='bbox 1063 3337 1211 3406; x_wconf 87' lang='lat' dir='ltr'>omnibus</span> <span class='ocrx_word' id='word_1_133' title='bbox 1227 3337 1349 3406; x_wconf 80' lang='lat' dir='ltr'>Christi</span> <span class='ocrx_word' id='word_1_134' title='bbox 1367 3339 1446 3406; x_wconf 91' lang='lat' dir='ltr'>lide·</span> 
     </span>
     <span class='ocr_line' id='line_1_21' title="bbox 307 3443 1449 3533; baseline 0.003 -24"><span class='ocrx_word' id='word_1_135' title='bbox 307 3443 393 3512; x_wconf 89' lang='lat' dir='ltr'>libus</span> <span class='ocrx_word' id='word_1_136' title='bbox 410 3464 545 3531; x_wconf 88' lang='lat' dir='ltr'>presens</span> <span class='ocrx_word' id='word_1_137' title='bbox 565 3445 720 3530; x_wconf 87' lang='lat' dir='ltr'>scripturn</span> <span class='ocrx_word' id='word_1_138' title='bbox 738 3443 937 3511; x_wconf 82' lang='lat' dir='ltr'>intuentibus</span> <span class='ocrx_word' id='word_1_139' title='bbox 955 3445 1090 3511; x_wconf 88' lang='lat' dir='ltr'>salutem</span> <span class='ocrx_word' id='word_1_140' title='bbox 1107 3446 1142 3511; x_wconf 91' lang='lat' dir='ltr'>in</span> <span class='ocrx_word' id='word_1_141' title='bbox 1170 3445 1311 3513; x_wconf 89' lang='lat' dir='ltr'>Domino</span> <span class='ocrx_word' id='word_1_142' title='bbox 1327 3448 1449 3533; x_wconf 86' lang='lat' dir='ltr'>sempi-</span> 
     </span>
     <span class='ocr_line' id='line_1_22' title="bbox 304 3551 1449 3636; baseline 0.004 -18"><span class='ocrx_word' id='word_1_143' title='bbox 304 3559 442 3620; x_wconf 86' lang='lat' dir='ltr'>ternam.</span> <span class='ocrx_word' id='word_1_144' title='bbox 467 3552 517 3620; x_wconf 80' lang='lat' dir='ltr'>Ad</span> <span class='ocrx_word' id='word_1_145' title='bbox 539 3551 761 3619; x_wconf 89' lang='lat' dir='ltr'>uniuersorum</span> <span class='ocrx_word' id='word_1_146' title='bbox 778 3551 931 3617; x_wconf 88' lang='lat' dir='ltr'>noticiam</span> <span class='ocrx_word' id='word_1_147' title='bbox 947 3557 1059 3617; x_wconf 89' lang='lat' dir='ltr'>tenore</span> <span class='ocrx_word' id='word_1_148' title='bbox 1075 3552 1278 3636; x_wconf 86' lang='lat' dir='ltr'>presencium</span> <span class='ocrx_word' id='word_1_149' title='bbox 1294 3553 1449 3624; x_wconf 84' lang='lat' dir='ltr'>volomus</span> 
     </span>
     <span class='ocr_line' id='line_1_23' title="bbox 307 3657 1451 3745; baseline 0.001 -20"><span class='ocrx_word' id='word_1_150' title='bbox 307 3659 479 3745; x_wconf 90' lang='lat' dir='ltr'>peruenire</span> <span class='ocrx_word' id='word_1_151' title='bbox 497 3685 504 3726; x_wconf 95' lang='lat'><strong>:</strong></span> <span class='ocrx_word' id='word_1_152' title='bbox 522 3659 609 3742; x_wconf 86' lang='lat' dir='ltr'>quod</span> <span class='ocrx_word' id='word_1_153' title='bbox 627 3659 784 3744; x_wconf 79' lang='lat' dir='ltr'>Magister</span> <span class='ocrx_word' id='word_1_154' title='bbox 798 3657 973 3726; x_wconf 85' lang='lat' dir='ltr'>Ladialaus</span> <span class='ocrx_word' id='word_1_155' title='bbox 989 3657 1098 3724; x_wconf 83' lang='lat' dir='ltr'>Fudor</span> <span class='ocrx_word' id='word_1_156' title='bbox 1115 3658 1221 3725; x_wconf 89' lang='lat' dir='ltr'>dictus</span> <span class='ocrx_word' id='word_1_157' title='bbox 1245 3658 1331 3726; x_wconf 87' lang='lat' dir='ltr'>lilius</span> <span class='ocrx_word' id='word_1_158' title='bbox 1362 3661 1451 3726; x_wconf 86' lang='lat' dir='ltr'>llor-</span> 
     </span>
     <span class='ocr_line' id='line_1_24' title="bbox 306 3763 1447 3851; baseline 0 -19"><span class='ocrx_word' id='word_1_159' title='bbox 306 3773 407 3833; x_wconf 86' lang='lat' dir='ltr'>tunus</span> <span class='ocrx_word' id='word_1_160' title='bbox 422 3766 544 3835; x_wconf 85' lang='lat' dir='ltr'>nobilis</span> <span class='ocrx_word' id='word_1_161' title='bbox 562 3763 602 3832; x_wconf 87' lang='lat' dir='ltr'>de</span> <span class='ocrx_word' id='word_1_162' title='bbox 621 3763 815 3851; x_wconf 85' lang='lat' dir='ltr'>Wesprimio</span> <span class='ocrx_word' id='word_1_163' title='bbox 831 3783 940 3830; x_wconf 84' lang='lat' dir='ltr'>coram</span> <span class='ocrx_word' id='word_1_164' title='bbox 958 3765 1051 3831; x_wconf 92' lang='lat' dir='ltr'>nobis</span> <span class='ocrx_word' id='word_1_165' title='bbox 1076 3765 1294 3850; x_wconf 85' lang='lat' dir='ltr'>personaliter</span> <span class='ocrx_word' id='word_1_166' title='bbox 1325 3767 1447 3833; x_wconf 87' lang='lat' dir='ltr'>cousti-</span> 
     </span>
     <span class='ocr_line' id='line_1_25' title="bbox 309 3869 1447 3958; baseline 0.001 -18"><span class='ocrx_word' id='word_1_167' title='bbox 309 3881 397 3941; x_wconf 87' lang='lat' dir='ltr'>tutus</span> <span class='ocrx_word' id='word_1_168' title='bbox 413 3875 581 3940; x_wconf 82' lang='lat' dir='ltr'>uniuersas</span> <span class='ocrx_word' id='word_1_169' title='bbox 605 3871 828 3957; x_wconf 89' lang='lat' dir='ltr'>possessiones</span> <span class='ocrx_word' id='word_1_170' title='bbox 844 3889 921 3936; x_wconf 87' lang='lat' dir='ltr'>suas</span> <span class='ocrx_word' id='word_1_171' title='bbox 939 3871 972 3936; x_wconf 89' lang='lat' dir='ltr'>iu</span> <span class='ocrx_word' id='word_1_172' title='bbox 991 3869 1195 3958; x_wconf 89' lang='lat' dir='ltr'>Wesprimio,</span> <span class='ocrx_word' id='word_1_173' title='bbox 1222 3874 1256 3938; x_wconf 93' lang='lat' dir='ltr'>in</span> <span class='ocrx_word' id='word_1_174' title='bbox 1272 3871 1387 3940; x_wconf 81' lang='lat' dir='ltr'>Bosuk</span> <span class='ocrx_word' id='word_1_175' title='bbox 1412 3881 1447 3941; x_wconf 89' lang='lat' dir='ltr'>et</span> 
     </span>
     <span class='ocr_line' id='line_1_26' title="bbox 305 3978 1450 4066; baseline 0.002 -20"><span class='ocrx_word' id='word_1_176' title='bbox 305 3983 342 4046; x_wconf 87' lang='lat' dir='ltr'>io</span> <span class='ocrx_word' id='word_1_177' title='bbox 359 3980 473 4066; x_wconf 84' lang='lat' dir='ltr'>Kaynr</span> <span class='ocrx_word' id='word_1_178' title='bbox 490 3979 692 4046; x_wconf 88' lang='lat' dir='ltr'>hereditario</span> <span class='ocrx_word' id='word_1_179' title='bbox 708 3979 776 4045; x_wconf 89' lang='lat' dir='ltr'>iurc</span> <span class='ocrx_word' id='word_1_180' title='bbox 791 3978 923 4044; x_wconf 86' lang='lat' dir='ltr'>habitas</span> <span class='ocrx_word' id='word_1_181' title='bbox 940 3983 972 4043; x_wconf 90' lang='lat' dir='ltr'>et</span> <span class='ocrx_word' id='word_1_182' title='bbox 987 3995 1170 4065; x_wconf 87' lang='lat' dir='ltr'>possessas,</span> <span class='ocrx_word' id='word_1_183' title='bbox 1204 3997 1277 4044; x_wconf 86' lang='lat' dir='ltr'>curn</span> <span class='ocrx_word' id='word_1_184' title='bbox 1294 3979 1450 4048; x_wconf 84' lang='lat' dir='ltr'>omuibus</span> 
     </span>
     <span class='ocr_line' id='line_1_27' title="bbox 308 4083 1451 4172; baseline -0.003 -17"><span class='ocrx_word' id='word_1_185' title='bbox 308 4087 505 4156; x_wconf 86' lang='lat' dir='ltr'>utilitatibus</span> <span class='ocrx_word' id='word_1_186' title='bbox 523 4087 642 4154; x_wconf 84' lang='lat' dir='ltr'>suiset</span> <span class='ocrx_word' id='word_1_187' title='bbox 666 4083 883 4172; x_wconf 84' lang='lat' dir='ltr'>pertinencijs,</span> <span class='ocrx_word' id='word_1_188' title='bbox 899 4086 995 4152; x_wconf 89' lang='lat' dir='ltr'>rebus</span> <span class='ocrx_word' id='word_1_189' title='bbox 1011 4084 1115 4150; x_wconf 88' lang='lat' dir='ltr'>eciam</span> <span class='ocrx_word' id='word_1_190' title='bbox 1133 4085 1319 4172; x_wconf 83' lang='lat' dir='ltr'>mobilibus,</span> <span class='ocrx_word' id='word_1_191' title='bbox 1350 4105 1451 4170; x_wconf 90' lang='lat' dir='ltr'>peco-</span> 
     </span>
     <span class='ocr_line' id='line_1_28' title="bbox 311 4191 1449 4280; baseline 0 -20"><span class='ocrx_word' id='word_1_192' title='bbox 311 4196 399 4263; x_wconf 88' lang='lat' dir='ltr'>ribus</span> <span class='ocrx_word' id='word_1_193' title='bbox 416 4195 544 4263; x_wconf 89' lang='lat' dir='ltr'>scilicet</span> <span class='ocrx_word' id='word_1_194' title='bbox 561 4201 593 4260; x_wconf 91' lang='lat' dir='ltr'>et</span> <span class='ocrx_word' id='word_1_195' title='bbox 609 4193 786 4280; x_wconf 74' lang='lat' dir='ltr'>pecudibus</span> <span class='ocrx_word' id='word_1_196' title='bbox 800 4192 973 4278; x_wconf 86' lang='lat' dir='ltr'>uniuersis,</span> <span class='ocrx_word' id='word_1_197' title='bbox 1005 4211 1086 4276; x_wconf 89' lang='lat' dir='ltr'>quas</span> <span class='ocrx_word' id='word_1_198' title='bbox 1104 4191 1135 4257; x_wconf 89' lang='lat' dir='ltr'>in</span> <span class='ocrx_word' id='word_1_199' title='bbox 1162 4191 1286 4258; x_wconf 87' lang='lat' dir='ltr'>eisdem</span> <span class='ocrx_word' id='word_1_200' title='bbox 1304 4213 1449 4278; x_wconf 63' lang='lat' dir='ltr'>‘posses—</span> 
     </span>
     <span class='ocr_line' id='line_1_29' title="bbox 305 4297 1447 4390; baseline -0.006 -19"><span class='ocrx_word' id='word_1_201' title='bbox 305 4303 454 4371; x_wconf 89' lang='lat' dir='ltr'>sionibus</span> <span class='ocrx_word' id='word_1_202' title='bbox 472 4299 572 4390; x_wconf 88' lang='lat' dir='ltr'>(suis)</span> <span class='ocrx_word' id='word_1_203' title='bbox 589 4301 717 4367; x_wconf 86' lang='lat' dir='ltr'>dicebat</span> <span class='ocrx_word' id='word_1_204' title='bbox 733 4321 769 4367; x_wconf 90' lang='lat' dir='ltr'>se</span> <span class='ocrx_word' id='word_1_205' title='bbox 784 4300 913 4383; x_wconf 88' lang='lat' dir='ltr'>babere,</span> <span class='ocrx_word' id='word_1_206' title='bbox 946 4300 1032 4364; x_wconf 83' lang='lat' dir='ltr'>buce</span> <span class='ocrx_word' id='word_1_207' title='bbox 1056 4297 1124 4364; x_wconf 87' lang='lat' dir='ltr'>tilio</span> <span class='ocrx_word' id='word_1_208' title='bbox 1155 4298 1291 4366; x_wconf 87' lang='lat' dir='ltr'>Lulrach</span> <span class='ocrx_word' id='word_1_209' title='bbox 1323 4319 1447 4382; x_wconf 79' lang='lat' dir='ltr'>genero</span> 
     </span>
    </p>

    <p class='ocr_par' dir='ltr' id='par_1_7' title="bbox 283 4405 1453 4604">
     <span class='ocr_line' id='line_1_30' title="bbox 283 4405 1439 4496; baseline -0.002 -19"><span class='ocrx_word' id='word_1_210' title='bbox 283 4455 285 4460; x_wconf 17' lang='grc' dir='ltr'>ι</span> <span class='ocrx_word' id='word_1_211' title='bbox 306 4430 378 4496; x_wconf 87' lang='lat' dir='ltr'>suo,</span> <span class='ocrx_word' id='word_1_212' title='bbox 410 4417 442 4478; x_wconf 90' lang='lat' dir='ltr'>et</span> <span class='ocrx_word' id='word_1_213' title='bbox 458 4411 586 4477; x_wconf 89' lang='lat' dir='ltr'>dominc</span> <span class='ocrx_word' id='word_1_214' title='bbox 603 4407 777 4494; x_wconf 76' lang='lat' dir='ltr'>Elysabetb</span> <span class='ocrx_word' id='word_1_215' title='bbox 794 4408 895 4474; x_wconf 91' lang='lat' dir='ltr'>sorori</span> <span class='ocrx_word' id='word_1_216' title='bbox 912 4426 979 4492; x_wconf 88' lang='lat' dir='ltr'>sue,</span> <span class='ocrx_word' id='word_1_217' title='bbox 1010 4407 1148 4473; x_wconf 90' lang='lat' dir='ltr'>consorti</span> <span class='ocrx_word' id='word_1_218' title='bbox 1165 4405 1313 4473; x_wconf 85' lang='lat' dir='ltr'>eiusdem</span> <span class='ocrx_word' id='word_1_219' title='bbox 1336 4407 1439 4494; x_wconf 79' lang='lat' dir='ltr'>Luce,</span> 
     </span>
     <span class='ocr_line' id='line_1_31' title="bbox 302 4511 1453 4604; baseline -0.012 -10"><span class='ocrx_word' id='word_1_220' title='bbox 302 4547 348 4596; x_wconf 84' lang='lat' dir='ltr'>ac</span> <span class='ocrx_word' id='word_1_221' title='bbox 363 4524 504 4596; x_wconf 84' lang='lat' dir='ltr'>Jobanoi</span> <span class='ocrx_word' id='word_1_222' title='bbox 524 4519 592 4586; x_wconf 90' lang='lat' dir='ltr'>tilio</span> <span class='ocrx_word' id='word_1_223' title='bbox 609 4511 733 4581; x_wconf 84' lang='lat' dir='ltr'>eiusde</span> <span class='ocrx_word' id='word_1_224' title='bbox 750 4513 863 4579; x_wconf 90' lang='lat' dir='ltr'>eadem</span> <span class='ocrx_word' id='word_1_225' title='bbox 882 4532 990 4580; x_wconf 87' lang='lat' dir='ltr'>sorore</span> <span class='ocrx_word' id='word_1_226' title='bbox 1008 4531 1067 4578; x_wconf 84' lang='lat' dir='ltr'>sna</span> <span class='ocrx_word' id='word_1_227' title='bbox 1083 4519 1265 4600; x_wconf 87' lang='lat' dir='ltr'>procreato,</span> <span class='ocrx_word' id='word_1_228' title='bbox 1296 4515 1354 4598; x_wconf 87' lang='lat' dir='ltr'>qui</span> <span class='ocrx_word' id='word_1_229' title='bbox 1370 4513 1453 4604; x_wconf 76' lang='lat' dir='ltr'>ascle-¹</span> 
     </span>
    </p>
   </div>
   <div class='ocr_carea' id='block_1_7' title="bbox 0 0 1591 5156">
    <p class='ocr_par' dir='ltr' id='par_1_8' title="bbox 0 0 1591 5156">
     <span class='ocr_line' id='line_1_32' title="bbox 0 0 1591 5156; baseline 0 0"><span class='ocrx_word' id='word_1_230' title='bbox 0 0 1591 5156; x_wconf 95' lang='lat' dir='ltr'> </span> 
     </span>
    </p>
   </div>
  </div>
 </body>
</html>
