<?xml version="1.0" encoding="UTF-8"?>
<!DOCTYPE html PUBLIC "-//W3C//DTD XHTML 1.0 Transitional//EN"
    "http://www.w3.org/TR/xhtml1/DTD/xhtml1-transitional.dtd">
<html xmlns="http://www.w3.org/1999/xhtml" xml:lang="en" lang="en">
 <head>
  <title>
</title>
<meta http-equiv="Content-Type" content="text/html;charset=utf-8" />
  <meta name='ocr-system' content='tesseract 3.04.00' />
  <meta name='ocr-capabilities' content='ocr_page ocr_carea ocr_par ocr_line ocrx_word'/>
</head>
<body>
  <div class='ocr_page' id='page_1' title='image "./codexdiplomatic06wenzgoog_0565.png"; bbox 0 0 3096 5160; ppageno 0'>
   <div class='ocr_carea' id='block_1_1' title="bbox 840 945 916 1015">
    <p class='ocr_par' dir='ltr' id='par_1_1' title="bbox 840 945 916 1015">
     <span class='ocr_line' id='line_1_1' title="bbox 840 945 916 1015; baseline 0.013 -1"><span class='ocrx_word' id='word_1_1' title='bbox 840 945 916 1015; x_wconf 80' lang='lat'>424.</span> 
     </span>
    </p>
   </div>
   <div class='ocr_carea' id='block_1_2' title="bbox 314 1091 1540 1428">
    <p class='ocr_par' dir='ltr' id='par_1_2' title="bbox 314 1091 1540 1428">
     <span class='ocr_line' id='line_1_2' title="bbox 315 1091 1540 1252; baseline -0.007 -36"><span class='ocrx_word' id='word_1_2' title='bbox 315 1149 442 1216; x_wconf 70' lang='lat' dir='ltr'>Mikros</span> <span class='ocrx_word' id='word_1_3' title='bbox 453 1147 628 1215; x_wconf 69' lang='lat' dir='ltr'>sudomir</span> <span class='ocrx_word' id='word_1_4' title='bbox 646 1147 850 1226; x_wconf 68' lang='lat' dir='ltr'>mloklooole,</span> <span class='ocrx_word' id='word_1_5' title='bbox 876 1147 960 1234; x_wconf 74' lang='lat' dir='ltr'>boqy</span> <span class='ocrx_word' id='word_1_6' title='bbox 977 1145 1099 1252; x_wconf 65' lang='lat' dir='ltr'>Mibldo</span> <span class='ocrx_word' id='word_1_7' title='bbox 1114 1146 1186 1230; x_wconf 72' lang='lat' dir='ltr'>bria,</span> <span class='ocrx_word' id='word_1_8' title='bbox 1203 1167 1220 1208; x_wconf 81' lang='lat' dir='ltr'>a</span> <span class='ocrx_word' id='word_1_9' title='bbox 1237 1145 1400 1212; x_wconf 78' lang='lat' dir='ltr'>Bertalaa</span> <span class='ocrx_word' id='word_1_10' title='bbox 1416 1148 1447 1208; x_wconf 77' lang='grc' dir='ltr'>έε</span> <span class='ocrx_word' id='word_1_11' title='bbox 1539 1091 1540 1096; x_wconf 12' lang='lat'>¹</span> 
     </span>
     <span class='ocr_line' id='line_1_3' title="bbox 314 1251 1443 1341; baseline -0.006 -19"><span class='ocrx_word' id='word_1_12' title='bbox 314 1253 448 1322; x_wconf 65' lang='lat' dir='ltr'>Korma</span> <span class='ocrx_word' id='word_1_13' title='bbox 480 1253 612 1322; x_wconf 74' lang='lat' dir='ltr'>comeaelr</span> <span class='ocrx_word' id='word_1_14' title='bbox 636 1279 657 1318; x_wconf 89' lang='lat' dir='ltr'>a</span> <span class='ocrx_word' id='word_1_15' title='bbox 682 1251 793 1320; x_wconf 75' lang='lat' dir='ltr'>kozruk</span> <span class='ocrx_word' id='word_1_16' title='bbox 800 1253 897 1340; x_wconf 79' lang='lat' dir='ltr'>folyo&#39;</span> <span class='ocrx_word' id='word_1_17' title='bbox 908 1265 983 1341; x_wconf 78' lang='lat' dir='ltr'>peri</span> <span class='ocrx_word' id='word_1_18' title='bbox 999 1253 1167 1320; x_wconf 75' lang='lat' dir='ltr'>oozaszaort</span> <span class='ocrx_word' id='word_1_19' title='bbox 1182 1252 1313 1336; x_wconf 63' lang='lat' dir='ltr'>birontio</span> <span class='ocrx_word' id='word_1_20' title='bbox 1329 1251 1443 1316; x_wconf 66' lang='lat' dir='ltr'>elusio</span> 
     </span>
     <span class='ocr_line' id='line_1_4' title="bbox 718 1361 1039 1428; baseline -0.003 -3"><span class='ocrx_word' id='word_1_21' title='bbox 718 1361 786 1426; x_wconf 62' lang='lat' dir='ltr'>sire</span> <span class='ocrx_word' id='word_1_22' title='bbox 803 1361 921 1427; x_wconf 74' lang='lat' dir='ltr'>bizidk.</span> <span class='ocrx_word' id='word_1_23' title='bbox 944 1361 1039 1428; x_wconf 84' lang='lat'><strong><em>1291.</em></strong></span> 
     </span>
    </p>
   </div>
   <div class='ocr_carea' id='block_1_3' title="bbox 314 1553 1540 2292">
    <p class='ocr_par' dir='ltr' id='par_1_3' title="bbox 314 1553 1540 2292">
     <span class='ocr_line' id='line_1_5' title="bbox 422 1553 1447 1643; baseline -0.002 -19"><span class='ocrx_word' id='word_1_24' title='bbox 422 1559 492 1626; x_wconf 83' lang='lat' dir='ltr'>Nos</span> <span class='ocrx_word' id='word_1_25' title='bbox 507 1558 546 1625; x_wconf 89' lang='lat' dir='ltr'>N.</span> <span class='ocrx_word' id='word_1_26' title='bbox 563 1555 732 1626; x_wconf 86' lang='lat' dir='ltr'>Palatinus</span> <span class='ocrx_word' id='word_1_27' title='bbox 748 1557 864 1624; x_wconf 81' lang='lat' dir='ltr'>Comes</span> <span class='ocrx_word' id='word_1_28' title='bbox 882 1554 1095 1643; x_wconf 83' lang='lat' dir='ltr'>Symigiensis</span> <span class='ocrx_word' id='word_1_29' title='bbox 1111 1561 1144 1622; x_wconf 86' lang='lat' dir='ltr'>et</span> <span class='ocrx_word' id='word_1_30' title='bbox 1159 1553 1267 1623; x_wconf 81' lang='lat' dir='ltr'>Judox</span> <span class='ocrx_word' id='word_1_31' title='bbox 1284 1555 1447 1622; x_wconf 79' lang='lat' dir='ltr'>Cumano-</span> 
     </span>
     <span class='ocr_line' id='line_1_6' title="bbox 314 1661 1447 1750; baseline -0.005 -16"><span class='ocrx_word' id='word_1_32' title='bbox 314 1687 385 1734; x_wconf 86' lang='lat' dir='ltr'>rum</span> <span class='ocrx_word' id='word_1_33' title='bbox 402 1667 518 1734; x_wconf 81' lang='lat' dir='ltr'>damus</span> <span class='ocrx_word' id='word_1_34' title='bbox 535 1683 593 1750; x_wconf 85' lang='lat' dir='ltr'>pro</span> <span class='ocrx_word' id='word_1_35' title='bbox 609 1665 775 1748; x_wconf 86' lang='lat' dir='ltr'>memoria,</span> <span class='ocrx_word' id='word_1_36' title='bbox 808 1663 895 1750; x_wconf 89' lang='lat' dir='ltr'>quod</span> <span class='ocrx_word' id='word_1_37' title='bbox 926 1663 1043 1732; x_wconf 81' lang='lat' dir='ltr'>Oomss</span> <span class='ocrx_word' id='word_1_38' title='bbox 1074 1661 1184 1730; x_wconf 77' lang='lat' dir='ltr'>madro</span> <span class='ocrx_word' id='word_1_39' title='bbox 1215 1681 1273 1746; x_wconf 88' lang='lat' dir='ltr'>pro</span> <span class='ocrx_word' id='word_1_40' title='bbox 1308 1663 1447 1730; x_wconf 85' lang='lat' dir='ltr'>Nioolao</span> 
     </span>
     <span class='ocr_line' id='line_1_7' title="bbox 316 1771 1447 1857; baseline -0.005 -15"><span class='ocrx_word' id='word_1_41' title='bbox 316 1775 407 1842; x_wconf 81' lang='lat' dir='ltr'>Bono</span> <span class='ocrx_word' id='word_1_42' title='bbox 424 1773 547 1841; x_wconf 78' lang='lat' dir='ltr'>comite</span> <span class='ocrx_word' id='word_1_43' title='bbox 563 1771 604 1841; x_wconf 86' lang='lat' dir='ltr'>de</span> <span class='ocrx_word' id='word_1_44' title='bbox 621 1772 727 1841; x_wconf 85' lang='lat' dir='ltr'>Volko</span> <span class='ocrx_word' id='word_1_45' title='bbox 743 1771 874 1840; x_wconf 87' lang='lat' dir='ltr'>domino</span> <span class='ocrx_word' id='word_1_46' title='bbox 889 1792 948 1841; x_wconf 86' lang='lat' dir='ltr'>suo</span> <span class='ocrx_word' id='word_1_47' title='bbox 965 1773 1007 1840; x_wconf 93' lang='lat' dir='ltr'>ab</span> <span class='ocrx_word' id='word_1_48' title='bbox 1036 1790 1102 1838; x_wconf 87' lang='lat' dir='ltr'>una</span> <span class='ocrx_word' id='word_1_49' title='bbox 1130 1775 1232 1857; x_wconf 80' lang='lat' dir='ltr'>parba,</span> <span class='ocrx_word' id='word_1_50' title='bbox 1265 1775 1298 1836; x_wconf 88' lang='lat' dir='ltr'>et</span> <span class='ocrx_word' id='word_1_51' title='bbox 1329 1771 1447 1838; x_wconf 75' lang='lat' dir='ltr'>Comes</span> 
     </span>
     <span class='ocr_line' id='line_1_8' title="bbox 317 1876 1447 1966; baseline -0.005 -18"><span class='ocrx_word' id='word_1_52' title='bbox 317 1881 564 1950; x_wconf 85' lang='lat' dir='ltr'>Bartholomeus</span> <span class='ocrx_word' id='word_1_53' title='bbox 580 1879 665 1948; x_wconf 86' lang='lat' dir='ltr'>filius</span> <span class='ocrx_word' id='word_1_54' title='bbox 683 1879 777 1948; x_wconf 84' lang='lat' dir='ltr'>Pauli</span> <span class='ocrx_word' id='word_1_55' title='bbox 794 1900 853 1966; x_wconf 86' lang='lat' dir='ltr'>pro</span> <span class='ocrx_word' id='word_1_56' title='bbox 870 1898 906 1948; x_wconf 84' lang='lat' dir='ltr'>se</span> <span class='ocrx_word' id='word_1_57' title='bbox 921 1885 954 1946; x_wconf 82' lang='lat' dir='ltr'>et</span> <span class='ocrx_word' id='word_1_58' title='bbox 968 1877 1094 1947; x_wconf 81' lang='lat' dir='ltr'>Comito</span> <span class='ocrx_word' id='word_1_59' title='bbox 1110 1878 1267 1944; x_wconf 86' lang='lat' dir='ltr'>Kalmoro</span> <span class='ocrx_word' id='word_1_60' title='bbox 1278 1876 1447 1958; x_wconf 72' lang='lat' dir='ltr'>absimus,</span> 
     </span>
     <span class='ocr_line' id='line_1_9' title="bbox 317 1985 1448 2080; baseline -0.003 -26"><span class='ocrx_word' id='word_1_61' title='bbox 317 2007 425 2057; x_wconf 82' lang='lat' dir='ltr'>eoram</span> <span class='ocrx_word' id='word_1_62' title='bbox 442 1988 535 2056; x_wconf 84' lang='lat' dir='ltr'>uobis</span> <span class='ocrx_word' id='word_1_63' title='bbox 550 1987 726 2074; x_wconf 81' lang='lat' dir='ltr'>constituti,</span> <span class='ocrx_word' id='word_1_64' title='bbox 756 2008 889 2056; x_wconf 89' lang='lat' dir='ltr'>oausam</span> <span class='ocrx_word' id='word_1_65' title='bbox 906 2007 1003 2080; x_wconf 88' lang='lat' dir='ltr'>quam</span> <span class='ocrx_word' id='word_1_66' title='bbox 1019 1985 1105 2054; x_wconf 87' lang='lat' dir='ltr'>idem</span> <span class='ocrx_word' id='word_1_67' title='bbox 1122 1985 1232 2052; x_wconf 88' lang='lat' dir='ltr'>Banus</span> <span class='ocrx_word' id='word_1_68' title='bbox 1259 1985 1292 2051; x_wconf 88' lang='lat' dir='ltr'>iu</span> <span class='ocrx_word' id='word_1_69' title='bbox 1319 1987 1448 2052; x_wconf 83' lang='lat' dir='ltr'>octauis</span> 
     </span>
     <span class='ocr_line' id='line_1_10' title="bbox 317 2093 1449 2182; baseline -0.004 -19"><span class='ocrx_word' id='word_1_70' title='bbox 317 2097 410 2164; x_wconf 83' lang='lat' dir='ltr'>Beati</span> <span class='ocrx_word' id='word_1_71' title='bbox 425 2093 555 2163; x_wconf 81' lang='lat' dir='ltr'>Andros</span> <span class='ocrx_word' id='word_1_72' title='bbox 570 2095 718 2182; x_wconf 84' lang='lat' dir='ltr'><strong>Apostoli</strong></span> <span class='ocrx_word' id='word_1_73' title='bbox 734 2113 842 2164; x_wconf 84' lang='lat' dir='ltr'>eoram</span> <span class='ocrx_word' id='word_1_74' title='bbox 858 2095 987 2163; x_wconf 86' lang='lat' dir='ltr'>domino</span> <span class='ocrx_word' id='word_1_75' title='bbox 1003 2094 1093 2178; x_wconf 80' lang='lat' dir='ltr'>Rege</span> <span class='ocrx_word' id='word_1_76' title='bbox 1109 2100 1222 2162; x_wconf 80' lang='lat' dir='ltr'>eontra</span> <span class='ocrx_word' id='word_1_77' title='bbox 1247 2093 1335 2177; x_wconf 89' lang='lat' dir='ltr'>ipsos</span> <span class='ocrx_word' id='word_1_78' title='bbox 1368 2093 1449 2158; x_wconf 84' lang='lat' dir='ltr'>Bar·</span> 
     </span>
     <span class='ocr_line' id='line_1_11' title="bbox 319 2199 1540 2292; baseline -0.003 -21"><span class='ocrx_word' id='word_1_79' title='bbox 319 2205 516 2284; x_wconf 85' lang='lat' dir='ltr'>tholomaum</span> <span class='ocrx_word' id='word_1_80' title='bbox 532 2211 564 2271; x_wconf 88' lang='lat' dir='ltr'>et</span> <span class='ocrx_word' id='word_1_81' title='bbox 578 2204 767 2284; x_wconf 81' lang='lat' dir='ltr'>Kalmarum</span> <span class='ocrx_word' id='word_1_82' title='bbox 785 2203 937 2292; x_wconf 72' lang='lat' dir='ltr'>habebat,</span> <span class='ocrx_word' id='word_1_83' title='bbox 953 2202 1027 2288; x_wconf 86' lang='lat' dir='ltr'>pari</span> <span class='ocrx_word' id='word_1_84' title='bbox 1044 2203 1209 2269; x_wconf 80' lang='lat' dir='ltr'>uoluntate</span> <span class='ocrx_word' id='word_1_85' title='bbox 1225 2199 1362 2274; x_wconf 83' lang='lat' dir='ltr'>arbitrio</span> <span class='ocrx_word' id='word_1_86' title='bbox 1378 2200 1449 2267; x_wconf 84' lang='lat' dir='ltr'>Ma·</span> <span class='ocrx_word' id='word_1_87' title='bbox 1539 2225 1540 2228; x_wconf 43' lang='lat'>¹</span> 
     </span>
    </p>
   </div>
   <div class='ocr_carea' id='block_1_4' title="bbox 319 2307 1540 2394">
    <p class='ocr_par' dir='ltr' id='par_1_4' title="bbox 319 2307 1540 2394">
     <span class='ocr_line' id='line_1_12' title="bbox 319 2307 1540 2394; baseline -0.002 -18"><span class='ocrx_word' id='word_1_88' title='bbox 319 2311 412 2394; x_wconf 82' lang='lat' dir='ltr'>gistri</span> <span class='ocrx_word' id='word_1_89' title='bbox 428 2310 587 2377; x_wconf 63' lang='lat' dir='ltr'>,lobannis</span> <span class='ocrx_word' id='word_1_90' title='bbox 603 2309 714 2378; x_wconf 78' lang='lat' dir='ltr'>fratris</span> <span class='ocrx_word' id='word_1_91' title='bbox 730 2311 832 2378; x_wconf 81' lang='lat' dir='ltr'>nostri</span> <span class='ocrx_word' id='word_1_92' title='bbox 848 2317 880 2378; x_wconf 85' lang='lat' dir='ltr'>st</span> <span class='ocrx_word' id='word_1_93' title='bbox 895 2315 1005 2378; x_wconf 86' lang='lat' dir='ltr'>nostro</span> <span class='ocrx_word' id='word_1_94' title='bbox 1030 2329 1069 2377; x_wconf 83' lang='lat' dir='ltr'>aa</span> <span class='ocrx_word' id='word_1_95' title='bbox 1099 2307 1239 2376; x_wconf 88' lang='lat' dir='ltr'>aliorum</span> <span class='ocrx_word' id='word_1_96' title='bbox 1271 2307 1452 2392; x_wconf 86' lang='lat' dir='ltr'>Nobilium,</span> <span class='ocrx_word' id='word_1_97' title='bbox 1539 2359 1540 2362; x_wconf 63' lang='lat'>,</span> 
     </span>
    </p>
   </div>
   <div class='ocr_carea' id='block_1_5' title="bbox 319 2415 1455 3029">
    <p class='ocr_par' dir='ltr' id='par_1_5' title="bbox 319 2415 1451 2830">
     <span class='ocr_line' id='line_1_13' title="bbox 321 2415 1451 2506; baseline -0.004 -20"><span class='ocrx_word' id='word_1_98' title='bbox 321 2437 403 2503; x_wconf 90' lang='lat' dir='ltr'>quos</span> <span class='ocrx_word' id='word_1_99' title='bbox 426 2419 460 2486; x_wconf 85' lang='lat' dir='ltr'>iu</span> <span class='ocrx_word' id='word_1_100' title='bbox 484 2417 589 2486; x_wconf 90' lang='lat' dir='ltr'>sooios</span> <span class='ocrx_word' id='word_1_101' title='bbox 620 2419 715 2486; x_wconf 89' lang='lat' dir='ltr'>nobis</span> <span class='ocrx_word' id='word_1_102' title='bbox 746 2419 992 2506; x_wconf 74' lang='lat' dir='ltr'>assumpsimus,</span> <span class='ocrx_word' id='word_1_103' title='bbox 1023 2416 1240 2486; x_wconf 81' lang='lat' dir='ltr'>submiserunt</span> <span class='ocrx_word' id='word_1_104' title='bbox 1271 2415 1451 2482; x_wconf 82' lang='lat' dir='ltr'>reformau-</span> 
     </span>
     <span class='ocr_line' id='line_1_14' title="bbox 320 2509 1451 2614; baseline -0.005 -22"><span class='ocrx_word' id='word_1_105' title='bbox 320 2509 419 2610; x_wconf 81' lang='lat' dir='ltr'>‹iam3</span> <span class='ocrx_word' id='word_1_106' title='bbox 443 2525 542 2593; x_wconf 79' lang='lat' dir='ltr'>itaut</span> <span class='ocrx_word' id='word_1_107' title='bbox 573 2525 606 2592; x_wconf 84' lang='lat' dir='ltr'>in</span> <span class='ocrx_word' id='word_1_108' title='bbox 639 2528 766 2596; x_wconf 82' lang='lat' dir='ltr'>ootauis</span> <span class='ocrx_word' id='word_1_109' title='bbox 796 2525 959 2614; x_wconf 82' lang='lat' dir='ltr'>Epifamio</span> <span class='ocrx_word' id='word_1_110' title='bbox 989 2525 1121 2593; x_wconf 87' lang='lat' dir='ltr'>Domini</span> <span class='ocrx_word' id='word_1_111' title='bbox 1154 2543 1261 2592; x_wconf 85' lang='lat' dir='ltr'>eoram</span> <span class='ocrx_word' id='word_1_112' title='bbox 1295 2522 1451 2608; x_wconf 71' lang='lat' dir='ltr'>capitulo</span> 
     </span>
     <span class='ocr_line' id='line_1_15' title="bbox 319 2629 1451 2722; baseline -0.003 -22"><span class='ocrx_word' id='word_1_113' title='bbox 319 2633 427 2702; x_wconf 76' lang='lat' dir='ltr'>Casiri</span> <span class='ocrx_word' id='word_1_114' title='bbox 443 2634 552 2702; x_wconf 77' lang='lat' dir='ltr'>Ferroi</span> <span class='ocrx_word' id='word_1_115' title='bbox 570 2635 797 2703; x_wconf 77' lang='lat' dir='ltr'>arbitrabimur</span> <span class='ocrx_word' id='word_1_116' title='bbox 813 2635 897 2712; x_wconf 78' lang='lat' dir='ltr'>inter</span> <span class='ocrx_word' id='word_1_117' title='bbox 913 2642 1033 2722; x_wconf 81' lang='lat' dir='ltr'>partos.</span> <span class='ocrx_word' id='word_1_118' title='bbox 1049 2635 1169 2703; x_wconf 84' lang='lat' dir='ltr'>Datum</span> <span class='ocrx_word' id='word_1_119' title='bbox 1186 2634 1218 2702; x_wconf 89' lang='lat' dir='ltr'>in</span> <span class='ocrx_word' id='word_1_120' title='bbox 1235 2633 1316 2700; x_wconf 84' lang='lat' dir='ltr'>villa</span> <span class='ocrx_word' id='word_1_121' title='bbox 1332 2629 1451 2698; x_wconf 88' lang='lat' dir='ltr'>Dobsa</span> 
     </span>
     <span class='ocr_line' id='line_1_16' title="bbox 320 2729 1060 2830; baseline 0.005 -22"><span class='ocrx_word' id='word_1_122' title='bbox 320 2729 403 2821; x_wconf 75' lang='lat' dir='ltr'>issia</span> <span class='ocrx_word' id='word_1_123' title='bbox 418 2741 518 2810; x_wconf 84' lang='lat' dir='ltr'>teroia</span> <span class='ocrx_word' id='word_1_124' title='bbox 533 2749 605 2828; x_wconf 86' lang='lat' dir='ltr'>post</span> <span class='ocrx_word' id='word_1_125' title='bbox 620 2743 739 2812; x_wconf 85' lang='lat' dir='ltr'>festum</span> <span class='ocrx_word' id='word_1_126' title='bbox 755 2743 857 2810; x_wconf 80' lang='lat' dir='ltr'>Beate</span> <span class='ocrx_word' id='word_1_127' title='bbox 872 2741 1060 2830; x_wconf 78' lang='lat' dir='ltr'>Elysabeth.</span> 
     </span>
    </p>

    <p class='ocr_par' dir='ltr' id='par_1_6' title="bbox 320 2847 1455 3029">
     <span class='ocr_line' id='line_1_17' title="bbox 429 2847 1455 2939; baseline -0.006 -21"><span class='ocrx_word' id='word_1_128' title='bbox 429 2851 462 2918; x_wconf 89' lang='grc' dir='ltr'><strong>Κ</strong></span> <span class='ocrx_word' id='word_1_129' title='bbox 478 2851 589 2920; x_wconf 81' lang='lat' dir='ltr'>iviil</span> <span class='ocrx_word' id='word_1_130' title='bbox 612 2877 620 2922; x_wconf 74' lang='grc' dir='ltr'><strong>ε</strong></span> <span class='ocrx_word' id='word_1_131' title='bbox 644 2851 697 2920; x_wconf 84' lang='lat' dir='ltr'>Ad</span> <span class='ocrx_word' id='word_1_132' title='bbox 728 2855 862 2920; x_wconf 79' lang='lat' dir='ltr'>octabas</span> <span class='ocrx_word' id='word_1_133' title='bbox 900 2851 1049 2939; x_wconf 83' lang='lat' dir='ltr'>Epifanie</span> <span class='ocrx_word' id='word_1_134' title='bbox 1087 2849 1216 2916; x_wconf 85' lang='lat' dir='ltr'>Domini</span> <span class='ocrx_word' id='word_1_135' title='bbox 1256 2853 1372 2916; x_wconf 78' lang='lat' dir='ltr'>eontra</span> <span class='ocrx_word' id='word_1_136' title='bbox 1414 2847 1455 2913; x_wconf 89' lang='lat' dir='ltr'>N.</span> 
     </span>
     <span class='ocr_line' id='line_1_18' title="bbox 320 2958 455 3029; baseline 0.03 -5"><span class='ocrx_word' id='word_1_137' title='bbox 320 2958 455 3029; x_wconf 90' lang='lat' dir='ltr'>Banum.</span> 
     </span>
    </p>
   </div>
   <div class='ocr_carea' id='block_1_6' title="bbox 322 3145 1540 3314">
    <p class='ocr_par' dir='ltr' id='par_1_7' title="bbox 322 3145 1540 3314">
     <span class='ocr_line' id='line_1_19' title="bbox 322 3145 1540 3222; baseline -0.002 -15"><span class='ocrx_word' id='word_1_138' title='bbox 322 3145 464 3218; x_wconf 80' lang='lat' dir='ltr'>OErsdstie</span> <span class='ocrx_word' id='word_1_139' title='bbox 482 3157 665 3222; x_wconf 73' lang='lat' dir='ltr'>borhsrtysm</span> <span class='ocrx_word' id='word_1_140' title='bbox 697 3172 715 3207; x_wconf 79' lang='lat' dir='ltr'>a</span> <span class='ocrx_word' id='word_1_141' title='bbox 733 3155 876 3222; x_wconf 69' lang='lat' dir='ltr'>zarpeosat</span> <span class='ocrx_word' id='word_1_142' title='bbox 896 3157 1046 3220; x_wconf 73' lang='lat' dir='ltr'>eivoszeit3</span> <span class='ocrx_word' id='word_1_143' title='bbox 1077 3171 1094 3206; x_wconf 84' lang='lat' dir='ltr'>a</span> <span class='ocrx_word' id='word_1_144' title='bbox 1123 3155 1208 3208; x_wconf 86' lang='lat' dir='ltr'>budai</span> <span class='ocrx_word' id='word_1_145' title='bbox 1242 3157 1294 3207; x_wconf 82' lang='lat' dir='ltr'>kir.</span> <span class='ocrx_word' id='word_1_146' title='bbox 1322 3153 1457 3206; x_wconf 81' lang='lat' dir='ltr'>kamarai</span> <span class='ocrx_word' id='word_1_147' title='bbox 1539 3179 1540 3194; x_wconf 43' lang='lat' dir='ltr'><em>z</em></span> 
     </span>
     <span class='ocr_line' id='line_1_20' title="bbox 785 3246 979 3314; baseline -0.005 -16"><span class='ocrx_word' id='word_1_148' title='bbox 785 3246 979 3314; x_wconf 66' lang='lat' dir='ltr'>levabas-bau.)</span> 
     </span>
    </p>
   </div>
   <div class='ocr_carea' id='block_1_7' title="bbox 0 0 1567 5160">
    <p class='ocr_par' dir='ltr' id='par_1_8' title="bbox 0 0 1567 5160">
     <span class='ocr_line' id='line_1_21' title="bbox 0 0 1567 5160; baseline 0 0"><span class='ocrx_word' id='word_1_149' title='bbox 0 0 1567 5160; x_wconf 95' lang='lat' dir='ltr'> </span> 
     </span>
    </p>
   </div>
  </div>
 </body>
</html>
