3168 5150
705 185 749 250 33

645 265 816 287 Ἢ.

159 383 243 469 nytt
259 377 537 468 Okmtnyttmnk
551 377 612 446 XI.
631 378 750 465 vagyis
766 399 787 446 o
801 378 975 449 harmodik
990 379 1112 469 folyom
1136 384 1163 452 1.
1195 381 1296 453 trote

157 488 256 555 tehen
271 489 349 558 569.
364 483 404 574 l.)
427 488 477 554 Ex
492 485 577 554 sorio
607 483 766 571 siquidem
798 487 981 572 prescripto
1005 487 1149 558 secunde
1180 471 1288 562 littero

154 595 259 681 ipsius
275 593 399 662 domini
415 592 574 679 Stephani
589 593 688 678 Regis
704 591 739 658 in
755 593 864 660 Veteri
879 593 973 662 Buda
988 595 1074 664 ferio
1089 597 1204 682 quinta
1213 616 1286 684 pro·

155 703 247 772 ximo
261 707 338 787 post
351 701 470 770 festum
486 699 713 768 Exultocionis
728 698 850 768 Sancte
865 701 980 772 erucis
996 722 1083 770 ormo
1114 703 1286 776 Dominioe

155 809 404 877 Inocmocionis
423 805 543 876 M⁰OG⁰
559 795 803 892 septuagesimo
819 805 979 892 emcnote,
996 809 1104 896 ipsum
1121 811 1287 882 dominnm

155 916 359 1004 Stephanum
374 917 495 1000 Regem
512 914 676 1001 predictas
692 913 821 984 litteras
838 915 945 1002 ipsius
961 915 1085 984 domini
1094 919 1173 987 Belo
1183 921 1284 1006 Regis

154 1028 308 1110 patentes
323 1028 414 1089 totos
431 1020 582 1088 habendo
592 1020 803 1089 confirmasse
813 1021 1026 1108 comperimus
1038 1023 1210 1095 manifeste
1219 1031 1283 1101 stb.
1341 1060 1342 1064 ¹

153 1130 277 1197 Datum
293 1128 387 1197 Bnde
402 1127 621 1210 octuagesimo
637 1127 692 1194 die
708 1133 895 1196 octonarum
911 1129 1004 1199 Beati
1023 1131 1155 1218 Georgij
1174 1153 1244 1202 mar

153 1237 200 1306 ris
215 1259 305 1306 anno
321 1237 452 1305 Domini
468 1234 615 1302 M⁰COG⁰
630 1237 852 1322 octuagesimo
870 1246 996 1322 quarto.

151 1436 295 1498 (Er-edetie
313 1450 331 1486 a
349 1434 437 1486 budai
453 1433 506 1486 nir.
526 1433 654 1484 kamarsi
675 1432 861 1484 levtlttrban.
891 1435 925 1486 V·
941 1435 971 1490 o.
997 1435 1079 1502 Pejor
1109 1435 1174 1491 (iod.
1206 1443 1283 1508 Dipl.

571 1525 605 1574 V.
624 1523 683 1576 rot.
706 1529 728 1574 1.
742 1541 763 1576 r.
784 1527 826 1573 56.
844 1523 877 1585 1.)

592 1805 841 1818 —fflnun-——u——Q

682 2337 734 2405 31.

153 2538 191 2604 V.
214 2539 329 2604 istorio
344 2535 518 2622 kirdlynok
535 2535 810 2620 bizooysoiqlcoelc,
841 2541 925 2622 hoyy
941 2539 1032 2604 Peter·
1063 2542 1094 2606 ts
1125 2539 1228 2606 Jdoos
1259 2566 1281 2607 a

145 2647 282 2734 soprooi
297 2647 359 2709 vor
374 2641 505 2708 creberet
521 2639 654 2707 Sodooi
669 2641 856 2707 hirtokukot
872 2667 893 2708 o
917 2645 1161 2712 bor-sowoostrai
1185 2653 1279 2734 apcit-

491 2751 616 2835 odqools
631 2749 825 2834 dteoyedttk.
849 2752 946 2816 1270.

256 2943 305 3012 St.
337 2943 399 3010 Dei
430 2943 545 3027 gracie
575 2943 644 3008 Rex
677 2941 819 3026 Vngerio
835 2945 989 3011 memorie
1014 2945 1279 3015 commendantes

142 3051 368 3137 significamus
378 3049 536 3117 rniucrsis
553 3048 670 3131 quibus
687 3047 818 3132 expedit
833 3050 1036 3134 presencium
1054 3071 1112 3138 per
1127 3059 1280 3138 tenorem,

142 3158 236 3244 qnod
266 3158 382 3224 Petrus
398 3161 431 3224 et
447 3155 615 3224 Johennes
646 3161 827 3224 castrenses
858 3154 965 3224 (taetri
981 3159 1220 3244 Suprvnienses
1237 3161 1279 3226 de

143 3265 231 3334 uilla
246 3263 368 3350 Sodan,
386 3270 452 3332 tom
469 3283 527 3349 pro
543 3283 579 3330 se
598 3283 695 3348 quem
725 3283 785 3348 pro
817 3263 892 3348 elijs
925 3265 1073 3348 cognatis
1106 3286 1165 3332 seu
1180 3268 1278 3352 socijs

140 3371 217 3441 snis
249 3369 289 3438 de
304 3371 452 3458 predicta
484 3371 568 3438 nilla
598 3369 710 3436 Sodan
742 3390 852 3436 eorem
877 3369 973 3437 nobis
994 3369 1170 3458 constituti,
1186 3370 1279 3440 dimi-

140 3479 304 3546 dietatem
319 3476 490 3546 oniusdom
506 3483 591 3544 terre
607 3473 721 3543 Sadon
746 3481 872 3564 uocate,
904 3495 1000 3560 quam
1034 3478 1165 3547 nomine
1196 3480 1278 3546 iuris

139 3585 255 3654 Gastri
284 3585 386 3671 ijdcm
416 3591 600 3654 cestrenses
632 3583 675 3649 ab
702 3583 850 3651 Ecclesia
881 3584 1000 3652 Montis
1031 3583 1151 3652 Sancte
1175 3586 1279 3653 Mario

135 3693 364 3782 requirebant,
382 3691 575 3762 dimiserunt
591 3698 624 3759 et
639 3689 842 3774 reliquerunt
873 3691 978 3759 eidem
1009 3691 1160 3760 Ecclesie
1191 3692 1279 3776 paci-

134 3805 205 3871 fice
236 3799 479 3888 possidendam.
511 3803 631 3867 Datum
664 3801 699 3866 in
732 3799 842 3885 Erchy
877 3819 964 3866 anno
994 3797 1128 3866 Domini
1159 3797 1281 3863 ΜῦΟΟο

134 3908 238 3976 LXX
246 3920 266 3972 ⁰.

132 4104 288 4170 (Eredetie
307 4103 493 4167 borhtrtytm
513 4119 530 4154 a
549 4103 645 4166 penset
663 4104 813 4166 elveszett3
839 4117 857 4154 a
874 4103 960 4154 nudat
973 4103 1026 4152 kir.
1047 4103 1175 4152 kamsrci
1194 4099 1278 4151 level·

653 4192 775 4256 tirben.)

581 4369 836 4378 m*-

250 4538 358 4610 HOffl.
373 4570 457 4610 EUM.
472 4573 542 4608 mer.
561 4582 605 4595 ··
621 4573 692 4613 DIPB.
707 4573 775 4612 1111.
