3170 5166
844 934 920 1012 61οζ

314 1143 346 1204 Α
362 1139 484 1228 εἰορωὶ
498 1137 719 1229 kopntooook
727 1143 876 1230 jelsnte'se
907 1135 973 1209 III.
1005 1139 1117 1208 Eodrs
1147 1139 1331 1230 kirtlytoa,
1360 1137 1444 1230 kopp

314 1249 429 1338 Joooe,
446 1251 634 1318 Minturnae
642 1251 705 1334 fio,
723 1249 805 1317 Zeek
820 1257 904 1316 mott
911 1250 991 1336 fo'ld
1009 1249 1199 1318 &amotos
1214 1253 1445 1320 eompassus.

829 1358 925 1426 1299.

420 1550 699 1622 Excellentissimo
730 1549 869 1622 Domino
885 1572 942 1622 suo
968 1551 1098 1624 Andree
1114 1553 1176 1622 Dei
1192 1551 1307 1638 greoiu
1321 1547 1451 1622 illustri

312 1659 394 1746 Regi
408 1661 577 1745 Hungerie
591 1661 777 1746 Capitulum
792 1659 938 1731 Eoolssie
957 1663 1068 1730 Senoti
1099 1660 1228 1728 Martini
1245 1659 1288 1730 de
1316 1657 1442 1749 Sespns

312 1768 558 1836 iuotiosoionom
590 1773 623 1834 et
638 1763 824 1836 oraoionum
841 1784 973 1834 suornm
990 1767 1149 1853 suffragiu
1163 1765 1366 1837 denotatum
1380 1770 1443 1838 Ex·

313 1873 468 1942 estiensis
483 1881 590 1943 resne
605 1875 731 1943 litteras
746 1877 929 1962 recepimus
944 1876 978 1942 iu
993 1875 1054 1944 heo
1068 1875 1170 1944 verbe
1184 1879 1195 1943 ε’

418 1983 568 2052 Andreas
583 1985 624 2052 D.
640 2003 686 2067 gr.
704 1984 773 2050 Rex
789 1983 959 2068 Hungsrie
983 1983 1046 2056 stb.
1063 1978 1214 2070 Gepituio
1229 1981 1442 2069 Soepusiensi

312 2092 374 2158 stb.
391 2088 604 2178 (konetkeuik
620 2091 681 2158 ΙΙΙ.
698 2091 806 2159 Endre
836 2091 1016 2178 kirtlynuk
1050 2090 1187 2159 1298-ki
1217 2084 1354 2158 inmtssr
1386 2089 1445 2178 pn·

310 2217 437 2283 runesu,
453 2199 534 2266 mint
549 2199 683 2267 ientebb
699 2202 775 2268 495.
792 2219 836 2266 su.
855 2195 902 2287 e.)

417 2307 485 2374 Nos
500 2309 612 2392 itsqoe
631 2307 833 2374 Excelleneie
863 2306 981 2374 Uestre
1012 2305 1194 2386 mendatis,
1224 2309 1324 2391 prout
1353 2305 1446 2374 isne'

309 2429 389 2498 mur,
421 2413 455 2478 in
473 2417 622 2480 omuibus
654 2412 786 2481 obedire
815 2413 998 2502 cupientes,
1038 2413 1123 2482 ieris
1153 2415 1259 2482 teroin
1288 2415 1439 2501 proxime

308 2527 385 2587 ente
400 2527 550 2590 outonem
574 2523 679 2590 Beate
708 2521 847 2607 Agnetis
878 2521 1024 2590 misimus
1055 2521 1250 2606 Magistrum
1281 2519 1439 2588 Cosmum

202 2623 211 2635 ’
307 2627 452 2696 Eeotesie
483 2635 594 2697 nostre
622 2630 895 2708 concanonicum,
928 2649 1038 2698 eorum
1070 2648 1134 2715 quo
1164 2627 1323 2712 tinmster
1347 2628 1438 2697 Elius

307 2734 402 2803 homo
418 2743 524 2806 uester
555 2737 771 2806 reembuieuit
803 2737 924 2806 dietum
956 2745 1075 2807 terrum
1106 2739 1142 2805 in
1173 2737 1263 2804 Zeek
1295 2736 1341 2804 ssi
1371 2738 1437 2806 duo

307 2851 418 2912 aratra
448 2843 674 2932 sufficientem,
706 2851 739 2912 et
753 2847 868 2914 statuit
899 2845 1045 2932 prodiero
1062 2843 1216 2932 Johnuni,
1230 2845 1439 2930 presentibus

306 2953 536 3030 eommetsneis
552 2961 585 3020 et
600 2953 727 3040 uieinis,
745 2953 837 3022 nullo
852 2955 1093 3022 oontrsdietore
1108 2953 1237 3039 penitus
1261 2954 1438 3022 existunto.

305 3061 393 3128 Mete
422 3081 499 3130 nero
530 3061 675 3128 eiusdem
706 3068 791 3128 terre
822 3061 884 3129 hoe
914 3062 1027 3130 ordine
1057 3061 1302 3146 distinguntur:
1325 3059 1441 3130 Prinos

308 3175 397 3236 mete
412 3167 526 3252 insipit
548 3187 650 3254 prope
664 3169 799 3235 fluuium
829 3168 992 3238 Ghsnnuk
1023 3159 1211 3238 uomtomo
1240 3173 1336 3255 purte
1366 3187 1440 3256 sep·

306 3273 503 3342 temtrionuli
515 3274 548 3344 in
579 3297 619 3344 eo
635 3276 715 3360 loeo,
732 3275 786 3344 vbi
803 3275 879 3364 ipse
908 3285 996 3347 terro
1011 3277 1054 3345 ed
1074 3283 1193 3345 terrem
1208 3277 1377 3343 Saxonum
1394 3277 1436 3345 do

306 3383 466 3452 Suburbio
481 3384 650 3471 eiciuntur,
682 3385 775 3454 stibi
799 3392 849 3454 est
879 3392 966 3457 metu
995 3393 1123 3471 terres3
1147 3383 1266 3454 deinde
1297 3384 1436 3453 transito

305 3493 377 3578 ipso
407 3492 505 3559 fluuio
535 3511 593 3577 per
623 3497 751 3579 pratum
790 3494 927 3564 medens
965 3493 1090 3562 direoto
1121 3511 1235 3561 uersus
1265 3492 1435 3562 meridiem

306 3599 455 3670 suditsd
471 3619 567 3668 ruem
586 3602 734 3670 arborem
765 3601 850 3688 piri;
875 3601 993 3670 deinde
1023 3621 1082 3690 per
1119 3595 1278 3669 diree'tum
1308 3599 1434 3668 lineum

304 3727 419 3777 uersus
450 3709 618 3776 meridiem
635 3707 727 3776 uouit
743 3709 788 3778 ed
804 3717 945 3778 montem
962 3707 1160 3780 transeundo
1181 3707 1385 3777 susurrium
1400 3707 1436 3776 in

303 3837 441 3887 escensu
457 3817 559 3902 ipsius
574 3818 705 3903 montis,
722 3823 753 3886 et
770 3819 816 3885 ibi
837 3819 870 3886 in
887 3828 996 3888 monte
1027 3827 1078 3888 est
1107 3827 1194 3887 mets
1225 3823 1342 3906 terres,
1373 3835 1437 3903 que

304 3931 437 4013 separet
451 3923 556 4012 ipsum
582 3932 703 3994 terram
719 3948 739 3994 e
755 3935 843 3995 terre
857 3919 1046 4017 Kezmerijp
1069 3925 1187 3996 deinde
1205 3924 1437 3994 descendendo

302 4033 343 4101 de
360 4035 432 4119 ipso
448 4041 558 4100 moute
574 4033 665 4100 redit
680 4053 783 4118 nsque
802 4035 847 4102 ad
862 4041 968 4104 metes
983 4043 1069 4104 terre
1084 4027 1208 4121 Nudos,
1224 4040 1257 4102 et
1269 4025 1318 4100 ibi
1342 4032 1439 4102 texte

301 4143 418 4210 rubum
435 4150 486 4209 est
501 4149 588 4208 metu
603 4149 727 4227 terrea3
752 4141 871 4210 deindo
886 4143 921 4209 in
938 4143 1031 4212 metis
1056 4141 1203 4211 eiusdem
1219 4148 1304 4232 terre
1320 4139 1436 4209 Nudos

300 4236 437 4318 tendens
453 4235 567 4322 uersus
585 4247 786 4316 occidentem
811 4247 904 4318 uadit
934 4249 969 4320 in
999 4251 1103 4324 lutere
1133 4247 1303 4319 cuiusdam
1334 4247 1437 4317 berch

300 4379 402 4444 usque
432 4359 610 4428 adtonsum
641 4357 811 4443 Hermoni,
836 4367 868 4426 et
898 4359 945 4428 ibi
970 4367 1019 4430 est
1049 4369 1138 4429 mets
1168 4365 1292 4446 terroe3
1315 4355 1439 4426 deindo

299 4487 399 4553 super
413 4468 508 4536 motis
524 4465 667 4536 eiusdem
683 4473 767 4535 terre
783 4465 938 4538 Hermoni
955 4471 1113 4539 eirenitiu
1126 4472 1247 4552 monte,
1262 4463 1438 4536 destinans

297 4595 410 4646 uersus
442 4573 702 4666 septemtrionem
736 4575 828 4644 sedit
856 4577 899 4648 ed
919 4599 1013 4650 unum
1046 4585 1178 4669 metum,
1209 4591 1272 4666 qne
1306 4580 1361 4648 ost
1392 4573 1430 4646 iu
