3170 5166
621 1009 624 1016 .
708 953 785 1020 stt.

171 1155 234 1220 JV.
256 1155 370 1222 Lente
384 1153 497 1239 kirctly
513 1176 534 1218 e
549 1150 701 1239 Somoppi
717 1154 834 1218 vdrhoz
860 1155 986 1218 tertosa
1011 1151 1163 1236 bizonpos
1179 1149 1305 1238 felete-

173 1263 285 1332 rttletet
302 1263 503 1349 adomdayez
513 1285 534 1326 a
544 1261 1305 1348 epmsstpeetapmzasctrdctnae.1273-1290.

279 1455 347 1524 Nos
377 1455 554 1524 Ledialans
585 1455 647 1522 Dei
678 1455 792 1540 gracia
807 1455 878 1522 Rex
897 1455 1065 1540 Hungarie
1082 1455 1303 1538 significamus

170 1562 333 1631 rninersis
350 1563 468 1647 quibus
485 1562 616 1648 expedit
631 1563 834 1648 presencium
855 1582 912 1647 per
943 1571 1096 1646 tenorem,
1127 1561 1215 1646 quod
1245 1579 1303 1628 nos

171 1671 213 1738 ob
229 1670 410 1738 remedium
426 1670 607 1736 etsalutem
625 1669 733 1736 anime
752 1677 862 1736 nostre
879 1669 1044 1752 quandam
1060 1677 1179 1736 terram
1198 1668 1304 1736 Castri

169 1777 274 1846 nostri
290 1777 504 1872 symigiensis
528 1781 612 1843 inter
642 1775 771 1842 Borhod
787 1782 818 1843 et
848 1777 921 1860 Igol
953 1777 1143 1844 existentem
1176 1773 1304 1844 domine

169 1884 339 1952 Elisabeth
356 1885 459 1953 sorori
476 1890 587 1951 nostre
604 1883 788 1969 karissime,
805 1905 845 1950 ae
862 1883 940 1967 alijs
956 1883 1123 1951 sororibus
1140 1882 1182 1950 de
1191 1885 1304 1952 Insula

149 2043 152 2056 .
170 1991 273 2058 Beate
288 1991 432 2076 Virginis
449 2012 522 2059 eum
539 1991 688 2058 omnibus
716 1991 910 2060 vtilitatibus
927 1998 959 2058 et
989 1991 1203 2078 pertinencijs
1236 1992 1305 2060 suis

169 2099 240 2166 iure
255 2106 413 2186 perpetuo
445 2098 598 2166 duximus
613 2099 855 2166 conferendam.
873 2099 995 2165 Datum
1010 2097 1094 2164 Albe
1111 2097 1193 2166 feria
1209 2105 1304 2166 sexta

168 2215 244 2293 post
260 2203 377 2274 festum
393 2207 507 2274 Sancti
523 2205 621 2273 Galli.

168 2403 232 2465 (ΠΙ.
251 2403 345 2454 Endre
365 2403 516 2468 kirtlyrrak
546 2403 657 2454 rese-ki
687 2403 859 2469 magerttstttt
891 2404 1091 2470 okmtnytb61‚
1114 2405 1188 2456 mint
1219 2403 1302 2456 aitbb

657 2495 717 2541 559.
736 2507 774 2544 ss.
789 2495 825 2556 a.)

693 3365 769 3435 558.

161 3559 228 3626 ΙΙΙ.
252 3561 366 3626 Endre
381 3562 494 3648 kirtly
520 3565 704 3649 meyerttse'ti
729 3563 841 3628 Isteeia
868 3561 974 3650 ifjabb
1005 3567 1186 3653 leiretlyaak
1225 3565 1298 3632 Wrs

161 3669 316 3754 tetpaspet
332 3673 491 3756 tdrpyazt
506 3671 703 3758 adomdnydt
719 3672 817 3736 Peter
828 3685 948 3757 mester,
964 3671 1125 3761 Kompolr't
1136 3675 1297 3741 comesset

548 3778 602 3860 fia
633 3780 792 3845 szdmdra.
819 3784 916 3848 1294.

270 3971 450 4060 (A)ndreas
482 3973 544 4038 Dei
575 3973 687 4058 gracia
721 3975 901 4062 Hungarie,
934 3977 1117 4064 Dalmaeie,
1149 3976 1295 4065 Oroatis,

161 4079 274 4167 Reme,
291 4079 414 4162 Seruis,
431 4079 578 4164 Gallicis,
594 4079 797 4170 Lodomerie,
825 4081 978 4151 (iomanis
994 4083 1212 4170 Balgariequs
1227 4087 1297 4154 Rex

161 4185 312 4253 omnibus
329 4186 435 4253 Castri
450 4185 602 4254 fidelibus
612 4196 679 4256 tam
690 4189 894 4276 presentibus
910 4211 1009 4276 quam
1026 4191 1143 4259 futuris
1159 4211 1296 4278 presens

160 4294 314 4380 seriptum
332 4291 530 4381 inspecturis
559 4299 696 4364 satutem
731 4297 764 4364 in
796 4299 937 4366 Domino
967 4299 1210 4386 sempitsmam.
1242 4299 1295 4368 Ad

160 4401 381 4470 vniuersomm
412 4402 566 4472 noticiam
597 4405 713 4473 haram
746 4407 831 4474 serie
847 4409 995 4476 volumus
1011 4409 1190 4496 peruenire,
1207 4410 1295 4492 qaod

162 4507 315 4593 Magister
329 4509 444 4578 Petrus
460 4511 545 4579 filius
562 4511 735 4598 Compoldi
751 4511 795 4580 ad
812 4521 955 4582 nostram
972 4515 1130 4584 accedens
1165 4535 1294 4601 presen-

163 4615 246 4686 ciam
264 4615 413 4686 exhibuit
428 4621 521 4689 nobis
532 4621 739 4708 priuilegium
751 4621 872 4690 domini
890 4621 1050 4710 Stephani
1068 4625 1165 4709 Regis
1183 4625 1295 4694 inclite

270 4753 374 4794 norun.
389 4754 472 4792 nese.
486 4755 558 4792 mer.
578 4765 616 4776 -
638 4758 710 4797 arra.
725 4759 792 4796 xxrr.
1141 4734 1185 4801 45
