3068 5150
541 365 696 464 Q

54 561 147 631 sterio
163 561 200 628 in
218 568 309 629 terra
324 557 516 646 supradicta
531 556 593 624 sibi
609 562 816 624 reseruantcs
832 553 895 622 sibi
911 555 1040 638 suisque
1057 571 1183 620 succes·

53 669 177 738 soribus
208 669 336 756 pariter
368 675 400 734 et
429 664 610 750 Patronis;
645 665 686 730 de
724 681 870 748 quorum,
901 669 937 728 ut
968 659 1182 762 premisimus,

52 779 265 844 Patronorum
282 794 418 860 presens
436 779 521 840 terre
538 769 701 838 alienacio
734 769 850 836 dicitur
882 768 1078 852 processisse
1109 788 1183 834 eon·

54 904 147 952 sensu
163 891 196 950 et
229 881 376 948 vnanimi
407 879 584 962 voluntate,
617 879 702 944 sicut
728 878 842 944 Comes
860 873 974 943 Chaba
990 876 1073 944 tiluis
1090 875 1184 942 Band

53 1011 107 1077 pro
123 1011 169 1077 se,
187 996 221 1056 et
237 1010 298 1075 pro
324 987 418 1055 Band
450 986 550 1053 fratre
581 1007 651 1072 suo,
681 1005 721 1051 ac
752 982 877 1051 Gemite
906 981 1086 1050 Ladizlauo
1118 981 1182 1048 filio

53 1099 146 1179 Petri,
178 1097 365 1180 ceterisque
395 1095 465 1163 suis
497 1095 655 1178 cognatis,
688 1098 922 1179 prememorato
938 1090 1059 1158 Abbati
1075 1110 1181 1157 coram

55 1204 142 1270 nobis
159 1202 380 1288 personaliter
396 1201 534 1268 astando
566 1201 637 1267 siue
669 1200 854 1266 assistendo
871 1197 1040 1284 prebuisse
1055 1217 1090 1263 se
1110 1217 1183 1262 con·

57 1331 182 1378 sensum
215 1309 293 1376 hnic
322 1307 408 1375 lacto
440 1306 579 1374 assernit
609 1307 803 1390 vitiatione,
821 1305 881 1372 sub
897 1323 983 1390 pena
999 1302 1184 1389 quindecim

56 1436 235 1485 marearum
253 1423 330 1484 ante
347 1416 415 1482 litis
436 1415 619 1500 ingressum
651 1412 950 1506 persoluendarnm‚
982 1411 1183 1496 imponentes

58 1525 236 1608 silendum,
269 1531 302 1589 et
316 1543 443 1588 omnem
475 1523 604 1608 penitus
629 1521 839 1587 excludentes
855 1539 953 1606 snper·
971 1527 1057 1586 terra
1072 1521 1185 1588 eadem

56 1633 224 1698 materiam
242 1630 430 1716 questionis.
450 1629 537 1696 Mete
553 1635 661 1695 autem
679 1625 822 1694 eiusdem
847 1635 931 1692 terre
962 1626 1184 1712 distinguntur

57 1747 85 1804 et
100 1738 206 1804 taliter
231 1737 437 1820 diriguntur:
455 1736 573 1821 Incipit
599 1754 749 1820 namque,
766 1737 850 1800 sieut
865 1741 974 1818 partes
990 1735 1180 1820 retulerunt,

59 1847 88 1910 in
103 1844 165 1912 bne
178 1851 269 1911 terre
285 1842 514 1930 prememorati
529 1843 674 1909 Floriani
690 1841 814 1926 Hwnys
845 1847 960 1908 uocate
992 1845 1025 1909 in
1057 1843 1181 1926 angulo

60 1953 187 2018 duarum
220 1951 359 2034 viarum,
391 1969 526 2033 quarum
559 1969 622 2015 rna
652 1956 753 2014 totam
785 1949 888 2032 ipsam
915 1957 1034 2015 terram
1051 1969 1073 2014 a
1090 1958 1180 2034 parte

61 2058 234 2126 occidentis
250 2063 382 2140 separat
398 2077 419 2123 a
435 2065 521 2123 terra
537 2054 612 2121 dieti
629 2055 796 2142 Floryani,
814 2076 877 2138 que
907 2055 997 2124 uadit
1029 2078 1086 2141 per
1118 2078 1182 2124 me·

61 2165 142 2232 dium
173 2174 262 2232 terre
278 2163 488 2248 Zobodozov;
512 2163 580 2229 alia
598 2183 682 2244 vero,
701 2182 759 2248 per
776 2181 873 2248 qnam
889 2164 953 2230 itur
969 2162 1010 2231 de
1026 2165 1131 2248 Pezey
1147 2169 1180 2232 in

63 2272 202 2360 Zobody,
230 2269 284 2337 vbi
310 2277 361 2338 est
390 2291 454 2337 vna
486 2275 573 2337 meta
603 2269 784 2352 terrestris3
809 2289 907 2354 quam
938 2272 1067 2354 quidem
1100 2275 1184 2339 riam

62 2398 168 2463 parum
202 2380 381 2465 pertransit
399 2397 513 2444 uersns
530 2377 695 2443 oriendem
711 2378 755 2443 ad
771 2377 932 2460 quandam
950 2388 1070 2446 metarn
1088 2363 1185 2447 terre·

64 2495 166 2573 strem,
182 2505 248 2570 que
264 2492 397 2570 separat
411 2492 528 2552 aterra
545 2485 737 2571 populorum
757 2484 797 2551 de
812 2484 956 2573 Zobody,
973 2505 1069 2569 quam
1087 2487 1183 2571 ijdam

64 2593 180 2661 adieto
213 2594 412 2660 Monasterio
443 2598 587 2678 tempore
617 2591 757 2676 Nicolay
788 2590 926 2660 Abbatis
952 2613 1010 2661 sno
1036 2595 1185 2662 dicuntur

65 2702 219 2786 recepisse
234 2701 441 2784 inramanto;
466 2700 507 2766 de
522 2719 587 2782 qna
611 2698 756 2766 declinat
779 2717 893 2767 uersus
924 2703 1183 2787 septemtrionem

65 2807 104 2874 ad
118 2808 283 2892 quandam
314 2825 467 2892 magnam
482 2806 569 2872 niam
586 2805 724 2874 Saschvt
740 2813 899 2892 οοοοῐοιο,
915 2808 1007 2876 iuxta
1022 2829 1119 2894 quam
1136 2817 1186 2878 est

66 2921 146 2982 meta
161 2915 326 2984 terrestris
341 2935 363 2981 a
379 2913 584 2982 meridionali
599 2923 692 3000 parte
707 2915 760 2982 uie
786 2913 942 3000 eiusdem,
960 2925 992 2982 et
1023 2937 1080 3002 per
1111 2937 1186 2984 ean·

67 3022 136 3090 dem
165 3025 231 3090 itur
261 3040 376 3090 uersus
406 3021 562 3089 orientem
594 3021 636 3100 ad
667 3021 756 3088 illius
787 3029 872 3090 terre
888 3023 1059 3090 terminum
1085 3044 1183 3108 quam

66 3131 171 3218 populi
187 3130 229 3198 de
245 3128 416 3217 Zobodya
441 3128 562 3196 Gemite
593 3129 732 3198 Onchuk
763 3130 848 3198 iusto
880 3130 972 3198 titulo
1005 3131 1184 3216 empcionis

67 3243 309 3324 compararunt3
332 3235 409 3302 inde
439 3235 560 3302 directe
590 3235 696 3302 eundo
721 3255 835 3304 uersus
852 3237 1111 3323 septemtrionem
1128 3257 1187 3323 per

68 3365 213 3430 magnum
230 3343 378 3428 spacium
393 3343 524 3409 uenitnr
538 3341 581 3410 ad
596 3341 761 3428 quandam
778 3343 926 3410 arborem
942 3343 1005 3429 piri
1020 3345 1187 3412 nomulche

70 3461 268 3536 nuncupats;
284 3450 326 3518 de
341 3468 407 3533 qua
421 3467 533 3516 uersus
548 3445 687 3546 eandem
703 3449 835 3534 plagam
852 3452 1055 3534 angulariter
1071 3455 1189 3522 transit

69 3558 109 3626 ad
130 3557 290 3644 quendam
321 3563 451 3643 putenm
482 3556 670 3625 existentem
701 3557 736 3624 in
767 3560 869 3625 latere
900 3559 1069 3629 cuiusdam
1100 3567 1188 3628 terre

70 3663 277 3734 Folukuzield
308 3672 426 3732 uocate
456 3661 580 3732 incluse
596 3664 683 3731 intra
701 3671 824 3750 metas;
850 3665 971 3734 deinde
986 3668 1190 3754 protenditur

72 3773 111 3840 ad
126 3772 286 3860 quandam
302 3791 454 3855 magnam
473 3771 619 3838 arborem
635 3770 778 3858 sorbelli,
795 3771 887 3839 iuxta
912 3793 1008 3858 quarn
1039 3782 1090 3842 cst
1120 3775 1191 3842 alia

73 3899 187 3965 magna
216 3881 313 3946 arbor
327 3877 431 3965 piriri,
447 3877 598 3964 aquibus
625 3897 737 3946 uersus
753 3878 890 3976 eandem
908 3881 1041 3964 plagam
1057 3880 1191 3964 attingit

75 3985 229 4071 quandam
245 4005 400 4070 magnam
415 3985 513 4069 uiam,
539 4003 598 4071 per
612 4007 708 4070 quam
726 3987 791 4053 itur
806 3985 847 4054 de
861 3986 996 4073 Zobody
1021 3987 1055 4054 in
1080 3985 1190 4054 uillam

76 4092 176 4180 Faym
192 4101 226 4161 et
241 4091 346 4160 eundo
363 4111 422 4178 per
452 4090 589 4160 eandem
621 4113 734 4161 uersus
764 4093 921 4161 orientem
952 4095 985 4161 in
1003 4094 1194 4179 longitutine

74 4199 287 4284 uniusiugeris
297 4201 387 4268 uenit
396 4198 441 4266 ad
450 4197 610 4285 quoddam
619 4199 797 4286 uirgultom
807 4199 969 4284 Bogoslev
980 4203 1193 4290 appellatum,

77 4303 126 4372 ubi
152 4327 210 4395 per
242 4303 406 4393 quandam
437 4309 526 4374 uiam
557 4307 707 4377 erbosam
723 4309 861 4375 reclinat
876 4307 910 4374 in
927 4308 1030 4376 latere
1046 4307 1194 4376 eiusdem

78 4413 202 4498 uirgulti
232 4413 278 4482 ad
307 4413 440 4500 plagam
469 4415 768 4502 septemtrionalem
809 4416 954 4500 iterat03
987 4412 1108 4481 deinde
1138 4431 1197 4500 per

79 4519 205 4589 eandem
235 4519 369 4609 plagam
399 4521 605 4608 protenditur
636 4523 681 4592 ad
711 4523 883 4610 quemdam
909 4521 1041 4590 dnmum
1060 4523 1197 4588 interra

80 4625 155 4696 culta
170 4627 385 4714 existentem
408 4627 494 4700 vnde
510 4631 600 4699 uenit
613 4631 658 4701 ad
683 4631 848 4716 quandam
879 4630 977 4718 uiam,
1010 4649 1067 4718 per
1097 4649 1197 4716 qnam
