<?xml version="1.0" encoding="UTF-8"?>
<!DOCTYPE html PUBLIC "-//W3C//DTD XHTML 1.0 Transitional//EN"
    "http://www.w3.org/TR/xhtml1/DTD/xhtml1-transitional.dtd">
<html xmlns="http://www.w3.org/1999/xhtml" xml:lang="en" lang="en">
 <head>
  <title>
</title>
<meta http-equiv="Content-Type" content="text/html;charset=utf-8" />
  <meta name='ocr-system' content='tesseract 3.04.00' />
  <meta name='ocr-capabilities' content='ocr_page ocr_carea ocr_par ocr_line ocrx_word'/>
</head>
<body>
  <div class='ocr_page' id='page_1' title='image "./codexdiplomatic06wenzgoog_0065.png"; bbox 0 0 3168 5150; ppageno 0'>
   <div class='ocr_carea' id='block_1_1' title="bbox 798 248 957 352">
    <p class='ocr_par' dir='ltr' id='par_1_1' title="bbox 798 248 957 352">
     <span class='ocr_line' id='line_1_1' title="bbox 798 248 957 352; baseline 0 -39"><span class='ocrx_word' id='word_1_1' title='bbox 798 248 957 352; x_wconf 42' lang='lat' dir='ltr'>„rp-</span> 
     </span>
    </p>
   </div>
   <div class='ocr_carea' id='block_1_2' title="bbox 311 441 1445 1504">
    <p class='ocr_par' dir='ltr' id='par_1_2' title="bbox 311 441 1445 1504">
     <span class='ocr_line' id='line_1_2' title="bbox 314 441 1445 532; baseline -0.001 -20"><span class='ocrx_word' id='word_1_2' title='bbox 314 444 490 532; x_wconf 80' lang='lat' dir='ltr'>ordiucoio,</span> <span class='ocrx_word' id='word_1_3' title='bbox 508 465 583 532; x_wconf 83' lang='lat' dir='ltr'>ymo</span> <span class='ocrx_word' id='word_1_4' title='bbox 599 445 664 514; x_wconf 89' lang='lat' dir='ltr'>iam</span> <span class='ocrx_word' id='word_1_5' title='bbox 682 443 804 514; x_wconf 89' lang='lat' dir='ltr'>dudum</span> <span class='ocrx_word' id='word_1_6' title='bbox 820 445 962 512; x_wconf 91' lang='lat' dir='ltr'>ordinati</span> <span class='ocrx_word' id='word_1_7' title='bbox 979 444 1106 528; x_wconf 78' lang='lat' dir='ltr'>negocii</span> <span class='ocrx_word' id='word_1_8' title='bbox 1118 441 1260 512; x_wconf 86' lang='lat' dir='ltr'>salubria</span> <span class='ocrx_word' id='word_1_9' title='bbox 1271 441 1445 514; x_wconf 89' lang='lat' dir='ltr'>innousoic</span> 
     </span>
     <span class='ocr_line' id='line_1_3' title="bbox 313 550 1441 641; baseline -0.005 -17"><span class='ocrx_word' id='word_1_10' title='bbox 313 557 408 624; x_wconf 92' lang='lat' dir='ltr'>robor</span> <span class='ocrx_word' id='word_1_11' title='bbox 423 554 570 641; x_wconf 77' lang='lat' dir='ltr'><strong>optineat</strong></span> <span class='ocrx_word' id='word_1_12' title='bbox 586 559 742 640; x_wconf 77' lang='lat' dir='ltr'>perpetue</span> <span class='ocrx_word' id='word_1_13' title='bbox 758 552 930 638; x_wconf 85' lang='lat' dir='ltr'>firmitatis,</span> <span class='ocrx_word' id='word_1_14' title='bbox 942 572 1001 620; x_wconf 89' lang='lat' dir='ltr'>uec</span> <span class='ocrx_word' id='word_1_15' title='bbox 1011 571 1069 638; x_wconf 84' lang='lat' dir='ltr'>per</span> <span class='ocrx_word' id='word_1_16' title='bbox 1084 550 1247 639; x_wconf 85' lang='lat' dir='ltr'>predictos</span> <span class='ocrx_word' id='word_1_17' title='bbox 1264 551 1441 621; x_wconf 88' lang='lat' dir='ltr'>eorundem</span> 
     </span>
     <span class='ocr_line' id='line_1_4' title="bbox 313 657 1444 746; baseline -0.003 -15"><span class='ocrx_word' id='word_1_18' title='bbox 313 661 529 732; x_wconf 73' lang='lat' dir='ltr'><strong>comitatuum</strong></span> <span class='ocrx_word' id='word_1_19' title='bbox 561 660 704 746; x_wconf 83' lang='lat' dir='ltr'>ludices,</span> <span class='ocrx_word' id='word_1_20' title='bbox 737 657 878 728; x_wconf 79' lang='lat' dir='ltr'>Comites</span> <span class='ocrx_word' id='word_1_21' title='bbox 910 680 968 728; x_wconf 91' lang='lat' dir='ltr'>seu</span> <span class='ocrx_word' id='word_1_22' title='bbox 1000 661 1156 728; x_wconf 85' lang='lat' dir='ltr'>Rectores</span> <span class='ocrx_word' id='word_1_23' title='bbox 1181 667 1214 726; x_wconf 87' lang='lat' dir='ltr'>et</span> <span class='ocrx_word' id='word_1_24' title='bbox 1233 658 1444 728; x_wconf 88' lang='lat' dir='ltr'>collectarum</span> 
     </span>
     <span class='ocr_line' id='line_1_5' title="bbox 314 767 1444 854; baseline -0.003 -15"><span class='ocrx_word' id='word_1_25' title='bbox 314 776 485 840; x_wconf 75' lang='lat' dir='ltr'>exactores</span> <span class='ocrx_word' id='word_1_26' title='bbox 502 769 613 838; x_wconf 84' lang='lat' dir='ltr'>valeat</span> <span class='ocrx_word' id='word_1_27' title='bbox 628 767 835 852; x_wconf 80' lang='lat' dir='ltr'>utiquurenus</span> <span class='ocrx_word' id='word_1_28' title='bbox 851 767 1014 852; x_wconf 83' lang='lat' dir='ltr'>inmutari,</span> <span class='ocrx_word' id='word_1_29' title='bbox 1030 775 1198 854; x_wconf 74' lang='lat' dir='ltr'>presentes</span> <span class='ocrx_word' id='word_1_30' title='bbox 1214 767 1345 854; x_wconf 90' lang='lat' dir='ltr'>populis</span> <span class='ocrx_word' id='word_1_31' title='bbox 1362 767 1444 836; x_wconf 88' lang='lat' dir='ltr'>dicti</span> 
     </span>
     <span class='ocr_line' id='line_1_6' title="bbox 311 873 1439 964; baseline -0.002 -18"><span class='ocrx_word' id='word_1_32' title='bbox 311 877 497 964; x_wconf 89' lang='lat' dir='ltr'>llonasterij</span> <span class='ocrx_word' id='word_1_33' title='bbox 524 895 621 963; x_wconf 89' lang='lat' dir='ltr'>snper</span> <span class='ocrx_word' id='word_1_34' title='bbox 646 875 707 944; x_wconf 88' lang='lat' dir='ltr'>boo</span> <span class='ocrx_word' id='word_1_35' title='bbox 722 875 756 944; x_wconf 91' lang='lat' dir='ltr'>iu</span> <span class='ocrx_word' id='word_1_36' title='bbox 773 873 980 963; x_wconf 83' lang='lat' dir='ltr'>priuilegium</span> <span class='ocrx_word' id='word_1_37' title='bbox 1006 874 1167 948; x_wconf 83' lang='lat' dir='ltr'>firmitatis</span> <span class='ocrx_word' id='word_1_38' title='bbox 1192 881 1349 964; x_wconf 89' lang='lat' dir='ltr'>perpetue</span> <span class='ocrx_word' id='word_1_39' title='bbox 1363 895 1439 944; x_wconf 88' lang='lat' dir='ltr'>con·</span> 
     </span>
     <span class='ocr_line' id='line_1_7' title="bbox 314 981 1441 1074; baseline -0.002 -21"><span class='ocrx_word' id='word_1_40' title='bbox 314 987 468 1057; x_wconf 84' lang='lat' dir='ltr'>cessimus</span> <span class='ocrx_word' id='word_1_41' title='bbox 495 986 629 1074; x_wconf 84' lang='lat' dir='ltr'>litterae,</span> <span class='ocrx_word' id='word_1_42' title='bbox 655 981 813 1071; x_wconf 90' lang='lat' dir='ltr'>duppliois</span> <span class='ocrx_word' id='word_1_43' title='bbox 833 983 936 1070; x_wconf 89' lang='lat' dir='ltr'>sigilli</span> <span class='ocrx_word' id='word_1_44' title='bbox 947 984 1050 1052; x_wconf 91' lang='lat' dir='ltr'>nostri</span> <span class='ocrx_word' id='word_1_45' title='bbox 1068 983 1242 1054; x_wconf 90' lang='lat' dir='ltr'>munimine</span> <span class='ocrx_word' id='word_1_46' title='bbox 1259 985 1441 1054; x_wconf 80' lang='lat' dir='ltr'>roboratas</span> 
     </span>
     <span class='ocr_line' id='line_1_8' title="bbox 312 1089 1442 1179; baseline -0.001 -19"><span class='ocrx_word' id='word_1_47' title='bbox 312 1096 432 1164; x_wconf 90' lang='lat' dir='ltr'>Datum</span> <span class='ocrx_word' id='word_1_48' title='bbox 464 1113 522 1179; x_wconf 91' lang='lat' dir='ltr'>per</span> <span class='ocrx_word' id='word_1_49' title='bbox 553 1112 667 1161; x_wconf 89' lang='lat' dir='ltr'>manus</span> <span class='ocrx_word' id='word_1_50' title='bbox 698 1090 848 1177; x_wconf 73' lang='lat' dir='ltr'>Magistri</span> <span class='ocrx_word' id='word_1_51' title='bbox 879 1089 1049 1160; x_wconf 77' lang='lat' dir='ltr'>Benedicti</span> <span class='ocrx_word' id='word_1_52' title='bbox 1065 1089 1268 1179; x_wconf 81' lang='lat' dir='ltr'>Orodyensis</span> <span class='ocrx_word' id='word_1_53' title='bbox 1294 1091 1442 1161; x_wconf 77' lang='lat' dir='ltr'>Ecclesie</span> 
     </span>
     <span class='ocr_line' id='line_1_9' title="bbox 312 1197 1445 1288; baseline -0.002 -18"><span class='ocrx_word' id='word_1_54' title='bbox 312 1202 471 1288; x_wconf 86' lang='lat' dir='ltr'>Propositi</span> <span class='ocrx_word' id='word_1_55' title='bbox 487 1199 563 1268; x_wconf 86' lang='lat' dir='ltr'>aule</span> <span class='ocrx_word' id='word_1_56' title='bbox 579 1205 687 1268; x_wconf 89' lang='lat' dir='ltr'>nostro</span> <span class='ocrx_word' id='word_1_57' title='bbox 702 1197 981 1284; x_wconf 82' lang='lat' dir='ltr'>ViceOancellarij</span> <span class='ocrx_word' id='word_1_58' title='bbox 1002 1197 1113 1268; x_wconf 89' lang='lat' dir='ltr'>dilecti</span> <span class='ocrx_word' id='word_1_59' title='bbox 1144 1205 1177 1268; x_wconf 91' lang='lat' dir='ltr'>et</span> <span class='ocrx_word' id='word_1_60' title='bbox 1203 1197 1310 1268; x_wconf 86' lang='lat' dir='ltr'>tidelis</span> <span class='ocrx_word' id='word_1_61' title='bbox 1341 1199 1445 1268; x_wconf 83' lang='lat' dir='ltr'>nostri</span> 
     </span>
     <span class='ocr_line' id='line_1_10' title="bbox 312 1307 1445 1398; baseline 0.003 -22"><span class='ocrx_word' id='word_1_62' title='bbox 312 1330 398 1378; x_wconf 85' lang='lat' dir='ltr'>anno</span> <span class='ocrx_word' id='word_1_63' title='bbox 414 1311 545 1378; x_wconf 86' lang='lat' dir='ltr'>Domini</span> <span class='ocrx_word' id='word_1_64' title='bbox 568 1311 617 1378; x_wconf 75' lang='grc' dir='ltr'>Μο</span> <span class='ocrx_word' id='word_1_65' title='bbox 647 1307 868 1378; x_wconf 87' lang='lat' dir='ltr'>ducentesimo</span> <span class='ocrx_word' id='word_1_66' title='bbox 898 1308 1150 1398; x_wconf 85' lang='lat' dir='ltr'>septuagesimo,</span> <span class='ocrx_word' id='word_1_67' title='bbox 1192 1309 1333 1397; x_wconf 90' lang='lat' dir='ltr'>septimo</span> <span class='ocrx_word' id='word_1_68' title='bbox 1367 1310 1445 1379; x_wconf 93' lang='lat' dir='ltr'>idus</span> 
     </span>
     <span class='ocr_line' id='line_1_11' title="bbox 312 1415 1115 1504; baseline -0.002 -18"><span class='ocrx_word' id='word_1_69' title='bbox 312 1419 516 1504; x_wconf 83' lang='lat' dir='ltr'>Nouembris,</span> <span class='ocrx_word' id='word_1_70' title='bbox 534 1418 638 1500; x_wconf 86' lang='lat' dir='ltr'>Regni</span> <span class='ocrx_word' id='word_1_71' title='bbox 655 1425 762 1488; x_wconf 87' lang='lat' dir='ltr'>autom</span> <span class='ocrx_word' id='word_1_72' title='bbox 779 1416 882 1488; x_wconf 86' lang='lat' dir='ltr'>nostri</span> <span class='ocrx_word' id='word_1_73' title='bbox 897 1437 983 1486; x_wconf 89' lang='lat' dir='ltr'>anno</span> <span class='ocrx_word' id='word_1_74' title='bbox 998 1415 1115 1502; x_wconf 85' lang='lat' dir='ltr'>primo.</span> 
     </span>
    </p>
   </div>
   <div class='ocr_carea' id='block_1_3' title="bbox 310 1615 1444 2678">
    <p class='ocr_par' dir='ltr' id='par_1_3' title="bbox 310 1615 1444 2678">
     <span class='ocr_line' id='line_1_12' title="bbox 315 1615 1443 1686; baseline 0.001 -18"><span class='ocrx_word' id='word_1_75' title='bbox 315 1615 435 1682; x_wconf 72' lang='lat' dir='ltr'>(Karoly</span> <span class='ocrx_word' id='word_1_76' title='bbox 453 1617 607 1681; x_wconf 76' lang='lat' dir='ltr'>kirdlynals</span> <span class='ocrx_word' id='word_1_77' title='bbox 628 1621 705 1670; x_wconf 80' lang='lat'><strong>1327.</strong></span> <span class='ocrx_word' id='word_1_78' title='bbox 724 1617 802 1668; x_wconf 80' lang='lat' dir='ltr'>XIII.</span> <span class='ocrx_word' id='word_1_79' title='bbox 835 1617 969 1669; x_wconf 73' lang='lat' dir='ltr'>kalendas</span> <span class='ocrx_word' id='word_1_80' title='bbox 1000 1617 1148 1684; x_wconf 77' lang='lat' dir='ltr'>Februarij</span> <span class='ocrx_word' id='word_1_81' title='bbox 1179 1619 1239 1672; x_wconf 81' lang='lat' dir='ltr'>kelt</span> <span class='ocrx_word' id='word_1_82' title='bbox 1271 1618 1443 1686; x_wconf 84' lang='lat' dir='ltr'>megerosttc</span> 
     </span>
     <span class='ocr_line' id='line_1_13' title="bbox 313 1705 1443 1776; baseline 0.002 -18"><span class='ocrx_word' id='word_1_83' title='bbox 313 1707 569 1774; x_wconf 79' lang='lat' dir='ltr'>privilegiumdbol‚</span> <span class='ocrx_word' id='word_1_84' title='bbox 587 1705 692 1772; x_wconf 87' lang='lat' dir='ltr'>melyet</span> <span class='ocrx_word' id='word_1_85' title='bbox 709 1707 814 1758; x_wconf 78' lang='lat' dir='ltr'>Mikros</span> <span class='ocrx_word' id='word_1_86' title='bbox 834 1707 924 1758; x_wconf 68' lang='lat' dir='ltr'>nidor</span> <span class='ocrx_word' id='word_1_87' title='bbox 947 1711 1022 1760; x_wconf 76' lang='grc'><strong>1347.</strong></span> <span class='ocrx_word' id='word_1_88' title='bbox 1044 1707 1132 1760; x_wconf 79' lang='lat' dir='ltr'>akkor</span> <span class='ocrx_word' id='word_1_89' title='bbox 1152 1723 1255 1773; x_wconf 81' lang='lat' dir='ltr'>»quum</span> <span class='ocrx_word' id='word_1_90' title='bbox 1274 1723 1326 1760; x_wconf 88' lang='lat' dir='ltr'>nos</span> <span class='ocrx_word' id='word_1_91' title='bbox 1342 1709 1443 1776; x_wconf 78' lang='lat' dir='ltr'>Begya</span> 
     </span>
     <span class='ocr_line' id='line_1_14' title="bbox 312 1795 1441 1865; baseline 0.002 -17"><span class='ocrx_word' id='word_1_92' title='bbox 312 1798 473 1865; x_wconf 73' lang='lat' dir='ltr'>benignitas</span> <span class='ocrx_word' id='word_1_93' title='bbox 493 1797 527 1849; x_wconf 86' lang='lat' dir='ltr'>sd</span> <span class='ocrx_word' id='word_1_94' title='bbox 547 1799 686 1862; x_wconf 87' lang='lat' dir='ltr'>quoslibet</span> <span class='ocrx_word' id='word_1_95' title='bbox 705 1795 861 1850; x_wconf 70' lang='lat' dir='ltr'>Comitatus</span> <span class='ocrx_word' id='word_1_96' title='bbox 880 1797 972 1864; x_wconf 81' lang='lat' dir='ltr'>Regni</span> <span class='ocrx_word' id='word_1_97' title='bbox 991 1800 1035 1850; x_wconf 88' lang='lat' dir='ltr'>sui</span> <span class='ocrx_word' id='word_1_98' title='bbox 1054 1799 1089 1850; x_wconf 88' lang='lat' dir='ltr'>ad</span> <span class='ocrx_word' id='word_1_99' title='bbox 1117 1800 1260 1851; x_wconf 81' lang='lat' dir='ltr'>faciendas</span> <span class='ocrx_word' id='word_1_100' title='bbox 1289 1798 1441 1850; x_wconf 78' lang='lat' dir='ltr'>Gensrsles</span> 
     </span>
     <span class='ocr_line' id='line_1_15' title="bbox 312 1887 1443 1955; baseline 0.002 -17"><span class='ocrx_word' id='word_1_101' title='bbox 312 1887 553 1954; x_wconf 70' lang='lat' dir='ltr'>congregationes</span> <span class='ocrx_word' id='word_1_102' title='bbox 574 1903 624 1953; x_wconf 92' lang='lat' dir='ltr'>pro</span> <span class='ocrx_word' id='word_1_103' title='bbox 644 1887 865 1940; x_wconf 73' lang='lat' dir='ltr'>exterminandis</span> <span class='ocrx_word' id='word_1_104' title='bbox 883 1889 1057 1951; x_wconf 84' lang='lat' dir='ltr'>quibuslibet</span> <span class='ocrx_word' id='word_1_105' title='bbox 1075 1889 1312 1953; x_wconf 72' lang='lat' dir='ltr'>malefactoribus,</span> <span class='ocrx_word' id='word_1_106' title='bbox 1331 1889 1443 1955; x_wconf 88' lang='lat' dir='ltr'>etjnri·</span> 
     </span>
     <span class='ocr_line' id='line_1_16' title="bbox 310 1977 1443 2045; baseline 0.002 -17"><span class='ocrx_word' id='word_1_107' title='bbox 310 1980 361 2030; x_wconf 86' lang='lat' dir='ltr'>bus</span> <span class='ocrx_word' id='word_1_108' title='bbox 381 1979 569 2043; x_wconf 85' lang='lat' dir='ltr'>quorumlibet</span> <span class='ocrx_word' id='word_1_109' title='bbox 587 1977 785 2030; x_wconf 83' lang='lat' dir='ltr'>conseruandis</span> <span class='ocrx_word' id='word_1_110' title='bbox 803 1977 883 2028; x_wconf 77' lang='lat' dir='ltr'>iuxta</span> <span class='ocrx_word' id='word_1_111' title='bbox 901 1977 1026 2030; x_wconf 82' lang='lat' dir='ltr'>debitum</span> <span class='ocrx_word' id='word_1_112' title='bbox 1044 1979 1131 2045; x_wconf 83' lang='lat' dir='ltr'>oldcij</span> <span class='ocrx_word' id='word_1_113' title='bbox 1153 1980 1245 2032; x_wconf 89' lang='lat' dir='ltr'>nostri</span> <span class='ocrx_word' id='word_1_114' title='bbox 1263 1978 1443 2030; x_wconf 83' lang='lat' dir='ltr'>Palatinatus</span> 
     </span>
     <span class='ocr_line' id='line_1_17' title="bbox 310 2065 1443 2136; baseline 0 -16"><span class='ocrx_word' id='word_1_115' title='bbox 310 2067 495 2132; x_wconf 85' lang='lat' dir='ltr'>dertinssset;</span> <span class='ocrx_word' id='word_1_116' title='bbox 514 2067 590 2118; x_wconf 91' lang='lat' dir='ltr'>inter</span> <span class='ocrx_word' id='word_1_117' title='bbox 608 2069 771 2130; x_wconf 85' lang='lat' dir='ltr'>ceterosque</span> <span class='ocrx_word' id='word_1_118' title='bbox 790 2065 947 2118; x_wconf 78' lang='lat' dir='ltr'>comitatos</span> <span class='ocrx_word' id='word_1_119' title='bbox 966 2069 1058 2132; x_wconf 85' lang='lat' dir='ltr'>primo</span> <span class='ocrx_word' id='word_1_120' title='bbox 1078 2073 1107 2119; x_wconf 87' lang='lat' dir='ltr'>et</span> <span class='ocrx_word' id='word_1_121' title='bbox 1119 2068 1316 2136; x_wconf 71' lang='lat' dir='ltr'>principaliter</span> <span class='ocrx_word' id='word_1_122' title='bbox 1327 2069 1360 2120; x_wconf 89' lang='lat' dir='ltr'>in</span> <span class='ocrx_word' id='word_1_123' title='bbox 1372 2068 1443 2122; x_wconf 77' lang='lat' dir='ltr'>dan-</span> 
     </span>
     <span class='ocr_line' id='line_1_18' title="bbox 314 2157 1443 2223; baseline 0.002 -15"><span class='ocrx_word' id='word_1_124' title='bbox 314 2158 399 2210; x_wconf 88' lang='lat' dir='ltr'>riensi</span> <span class='ocrx_word' id='word_1_125' title='bbox 418 2161 447 2208; x_wconf 89' lang='lat' dir='ltr'>et</span> <span class='ocrx_word' id='word_1_126' title='bbox 464 2157 682 2223; x_wconf 80' lang='lat' dir='ltr'>Komarinyemsi</span> <span class='ocrx_word' id='word_1_127' title='bbox 702 2157 889 2209; x_wconf 85' lang='lat' dir='ltr'>Oomitatibns</span> <span class='ocrx_word' id='word_1_128' title='bbox 908 2159 1096 2211; x_wconf 82' lang='lat' dir='ltr'>Vniuersitati</span> <span class='ocrx_word' id='word_1_129' title='bbox 1114 2159 1259 2212; x_wconf 78' lang='lat' dir='ltr'>Nobilium</span> <span class='ocrx_word' id='word_1_130' title='bbox 1278 2162 1306 2210; x_wconf 91' lang='lat' dir='ltr'>et</span> <span class='ocrx_word' id='word_1_131' title='bbox 1318 2157 1443 2210; x_wconf 84' lang='lat' dir='ltr'>aliorum</span> 
     </span>
     <span class='ocr_line' id='line_1_19' title="bbox 314 2247 1443 2316; baseline 0 -16"><span class='ocrx_word' id='word_1_132' title='bbox 314 2247 438 2300; x_wconf 86' lang='lat' dir='ltr'>cuiusuis</span> <span class='ocrx_word' id='word_1_133' title='bbox 458 2251 548 2300; x_wconf 85' lang='lat' dir='ltr'>status</span> <span class='ocrx_word' id='word_1_134' title='bbox 566 2251 595 2300; x_wconf 84' lang='lat' dir='ltr'>et</span> <span class='ocrx_word' id='word_1_135' title='bbox 613 2247 785 2300; x_wconf 84' lang='lat' dir='ltr'>condicionis</span> <span class='ocrx_word' id='word_1_136' title='bbox 813 2247 959 2300; x_wconf 87' lang='lat' dir='ltr'>hominnm</span> <span class='ocrx_word' id='word_1_137' title='bbox 986 2263 1074 2316; x_wconf 89' lang='lat' dir='ltr'>prope</span> <span class='ocrx_word' id='word_1_138' title='bbox 1105 2247 1257 2302; x_wconf 78' lang='lat' dir='ltr'>civitatens</span> <span class='ocrx_word' id='word_1_139' title='bbox 1288 2249 1443 2302; x_wconf 71' lang='lat' dir='ltr'>laurinum</span> 
     </span>
     <span class='ocr_line' id='line_1_20' title="bbox 314 2337 1444 2408; baseline 0.002 -20"><span class='ocrx_word' id='word_1_140' title='bbox 314 2337 436 2391; x_wconf 86' lang='lat' dir='ltr'>secunda</span> <span class='ocrx_word' id='word_1_141' title='bbox 454 2339 525 2390; x_wconf 84' lang='lat' dir='ltr'>teria</span> <span class='ocrx_word' id='word_1_142' title='bbox 543 2339 673 2404; x_wconf 84' lang='lat' dir='ltr'>proxima</span> <span class='ocrx_word' id='word_1_143' title='bbox 692 2343 757 2404; x_wconf 87' lang='lat' dir='ltr'>port</span> <span class='ocrx_word' id='word_1_144' title='bbox 775 2339 880 2391; x_wconf 83' lang='lat' dir='ltr'>testum</span> <span class='ocrx_word' id='word_1_145' title='bbox 899 2339 995 2392; x_wconf 73' lang='lat' dir='ltr'>Sancti</span> <span class='ocrx_word' id='word_1_146' title='bbox 1013 2339 1127 2407; x_wconf 83' lang='lat' dir='ltr'>Georgij</span> <span class='ocrx_word' id='word_1_147' title='bbox 1159 2341 1286 2392; x_wconf 82' lang='lat' dir='ltr'>martiris</span> <span class='ocrx_word' id='word_1_148' title='bbox 1318 2339 1444 2408; x_wconf 75' lang='lat' dir='ltr'>(tongre-</span> 
     </span>
     <span class='ocr_line' id='line_1_21' title="bbox 312 2427 1444 2495; baseline 0.004 -17"><span class='ocrx_word' id='word_1_149' title='bbox 312 2430 457 2494; x_wconf 85' lang='lat' dir='ltr'>gsoionem</span> <span class='ocrx_word' id='word_1_150' title='bbox 476 2427 690 2482; x_wconf 69' lang='lat' dir='ltr'>celebrassemus</span> <span class='ocrx_word' id='word_1_151' title='bbox 708 2429 891 2482; x_wconf 71' lang='lat' dir='ltr'>Generalemt</span> <span class='ocrx_word' id='word_1_152' title='bbox 906 2457 939 2468; x_wconf 98' lang='lat'>-</span> <span class='ocrx_word' id='word_1_153' title='bbox 954 2427 1069 2482; x_wconf 69' lang='lat' dir='ltr'>»domes</span> <span class='ocrx_word' id='word_1_154' title='bbox 1088 2431 1248 2495; x_wconf 83' lang='lat' dir='ltr'>Deohlynns</span> <span class='ocrx_word' id='word_1_155' title='bbox 1267 2435 1296 2481; x_wconf 89' lang='lat' dir='ltr'>et</span> <span class='ocrx_word' id='word_1_156' title='bbox 1308 2429 1444 2482; x_wconf 80' lang='lat' dir='ltr'>officialis</span> 
     </span>
     <span class='ocr_line' id='line_1_22' title="bbox 312 2517 1442 2587; baseline -0.001 -17"><span class='ocrx_word' id='word_1_157' title='bbox 312 2521 341 2570; x_wconf 85' lang='lat' dir='ltr'>et</span> <span class='ocrx_word' id='word_1_158' title='bbox 358 2517 502 2584; x_wconf 88' lang='lat' dir='ltr'>legitimus</span> <span class='ocrx_word' id='word_1_159' title='bbox 521 2521 690 2586; x_wconf 83' lang='lat' dir='ltr'>procurator</span> <span class='ocrx_word' id='word_1_160' title='bbox 707 2519 846 2584; x_wconf 78' lang='lat' dir='ltr'>Vyllermi</span> <span class='ocrx_word' id='word_1_161' title='bbox 864 2517 984 2572; x_wconf 67' lang='lat' dir='ltr'>abbatis</span> <span class='ocrx_word' id='word_1_162' title='bbox 1000 2519 1166 2587; x_wconf 76' lang='lat' dir='ltr'>Menanter-ij</span> <span class='ocrx_word' id='word_1_163' title='bbox 1186 2521 1283 2574; x_wconf 79' lang='lat' dir='ltr'>Sancti</span> <span class='ocrx_word' id='word_1_164' title='bbox 1300 2519 1442 2572; x_wconf 71' lang='lat' dir='ltr'>Martini«</span> 
     </span>
     <span class='ocr_line' id='line_1_23' title="bbox 543 2607 1194 2678; baseline 0.005 -17"><span class='ocrx_word' id='word_1_165' title='bbox 543 2607 672 2662; x_wconf 72' lang='lat' dir='ltr'>kertadre</span> <span class='ocrx_word' id='word_1_166' title='bbox 690 2607 777 2676; x_wconf 77' lang='lat' dir='ltr'>atlrt3</span> <span class='ocrx_word' id='word_1_167' title='bbox 796 2623 829 2662; x_wconf 83' lang='lat' dir='ltr'>as</span> <span class='ocrx_word' id='word_1_168' title='bbox 848 2610 981 2678; x_wconf 75' lang='lat' dir='ltr'>orsstgos</span> <span class='ocrx_word' id='word_1_169' title='bbox 998 2609 1194 2676; x_wconf 72' lang='lat' dir='ltr'>lovtltdrban.)</span> 
     </span>
    </p>
   </div>
   <div class='ocr_carea' id='block_1_4' title="bbox 308 3707 1443 4014">
    <p class='ocr_par' dir='ltr' id='par_1_4' title="bbox 308 3707 1443 4014">
     <span class='ocr_line' id='line_1_24' title="bbox 313 3707 1442 3800; baseline 0.003 -25"><span class='ocrx_word' id='word_1_170' title='bbox 313 3709 348 3775; x_wconf 88' lang='lat' dir='ltr'>V.</span> <span class='ocrx_word' id='word_1_171' title='bbox 372 3709 483 3777; x_wconf 70' lang='lat' dir='ltr'>moen</span> <span class='ocrx_word' id='word_1_172' title='bbox 505 3711 616 3796; x_wconf 70' lang='lat' dir='ltr'>kirtly</span> <span class='ocrx_word' id='word_1_173' title='bbox 639 3711 802 3797; x_wconf 75' lang='lat' dir='ltr'>atyjdoak</span> <span class='ocrx_word' id='word_1_174' title='bbox 827 3707 882 3776; x_wconf 87' lang='lat' dir='ltr'>IV.</span> <span class='ocrx_word' id='word_1_175' title='bbox 913 3709 1066 3777; x_wconf 71' lang='lat' dir='ltr'>Bdldnalt</span> <span class='ocrx_word' id='word_1_176' title='bbox 1090 3709 1222 3798; x_wconf 80' lang='lat' dir='ltr'>Hidotp</span> <span class='ocrx_word' id='word_1_177' title='bbox 1238 3712 1350 3800; x_wconf 69' lang='lat' dir='ltr'>suidas</span> <span class='ocrx_word' id='word_1_178' title='bbox 1365 3719 1442 3778; x_wconf 66' lang='grc' dir='ltr'>ἐάν-</span> 
     </span>
     <span class='ocr_line' id='line_1_25' title="bbox 308 3817 1443 3908; baseline 0.003 -23"><span class='ocrx_word' id='word_1_179' title='bbox 308 3818 412 3906; x_wconf 70' lang='lat' dir='ltr'>gyezo</span> <span class='ocrx_word' id='word_1_180' title='bbox 426 3818 699 3903; x_wconf 72' lang='lat' dir='ltr'>ademenptoeettr</span> <span class='ocrx_word' id='word_1_181' title='bbox 715 3817 809 3885; x_wconf 78' lang='lat' dir='ltr'>Mikd</span> <span class='ocrx_word' id='word_1_182' title='bbox 823 3819 959 3904; x_wconf 76' lang='lat' dir='ltr'>edlymnr&#39;</span> <span class='ocrx_word' id='word_1_183' title='bbox 975 3819 1146 3904; x_wconf 63' lang='lat' dir='ltr'>r&#39;rpdrrfias&#39;</span> <span class='ocrx_word' id='word_1_184' title='bbox 1176 3822 1299 3887; x_wconf 66' lang='lat' dir='ltr'>rescire</span> <span class='ocrx_word' id='word_1_185' title='bbox 1330 3825 1443 3908; x_wconf 75' lang='lat' dir='ltr'>crtrja</span> 
     </span>
     <span class='ocr_line' id='line_1_26' title="bbox 698 3927 1042 4014; baseline -0.003 -21"><span class='ocrx_word' id='word_1_186' title='bbox 698 3928 919 4014; x_wconf 73' lang='lat' dir='ltr'>smeqcrdstts&#39;.</span> <span class='ocrx_word' id='word_1_187' title='bbox 944 3927 1042 3994; x_wconf 79' lang='lat'><em>1270.</em></span> 
     </span>
    </p>
   </div>
   <div class='ocr_carea' id='block_1_5' title="bbox 302 4121 1439 4646">
    <p class='ocr_par' dir='ltr' id='par_1_5' title="bbox 302 4121 1439 4646">
     <span class='ocr_line' id='line_1_27' title="bbox 414 4121 1438 4212; baseline -0.001 -22"><span class='ocrx_word' id='word_1_188' title='bbox 414 4122 599 4209; x_wconf 84' lang='lat' dir='ltr'>Stephanus</span> <span class='ocrx_word' id='word_1_189' title='bbox 624 4122 687 4191; x_wconf 88' lang='lat' dir='ltr'>Dei</span> <span class='ocrx_word' id='word_1_190' title='bbox 717 4123 830 4208; x_wconf 84' lang='lat' dir='ltr'>gracia</span> <span class='ocrx_word' id='word_1_191' title='bbox 861 4121 1041 4209; x_wconf 88' lang='lat' dir='ltr'>Hungarie,</span> <span class='ocrx_word' id='word_1_192' title='bbox 1072 4121 1256 4206; x_wconf 88' lang='lat' dir='ltr'>Dalmacie,</span> <span class='ocrx_word' id='word_1_193' title='bbox 1288 4123 1438 4212; x_wconf 80' lang='lat' dir='ltr'>Groacie,</span> 
     </span>
     <span class='ocr_line' id='line_1_28' title="bbox 304 4229 1437 4321; baseline -0.002 -21"><span class='ocrx_word' id='word_1_194' title='bbox 304 4234 416 4316; x_wconf 78' lang='lat' dir='ltr'>Reme,</span> <span class='ocrx_word' id='word_1_195' title='bbox 440 4230 565 4315; x_wconf 82' lang='lat' dir='ltr'>Seruio,</span> <span class='ocrx_word' id='word_1_196' title='bbox 597 4230 745 4318; x_wconf 82' lang='lat' dir='ltr'>Gallicis,</span> <span class='ocrx_word' id='word_1_197' title='bbox 775 4231 981 4319; x_wconf 86' lang='lat' dir='ltr'>Lodomerie,</span> <span class='ocrx_word' id='word_1_198' title='bbox 1013 4229 1181 4321; x_wconf 78' lang='lat' dir='ltr'>Cumanis,</span> <span class='ocrx_word' id='word_1_199' title='bbox 1214 4231 1437 4318; x_wconf 84' lang='lat' dir='ltr'>Bulgsrieqne</span> 
     </span>
     <span class='ocr_line' id='line_1_29' title="bbox 304 4337 1436 4428; baseline 0 -19"><span class='ocrx_word' id='word_1_200' title='bbox 304 4341 374 4409; x_wconf 86' lang='lat' dir='ltr'>Rex</span> <span class='ocrx_word' id='word_1_201' title='bbox 391 4338 539 4408; x_wconf 88' lang='lat' dir='ltr'>omnibus</span> <span class='ocrx_word' id='word_1_202' title='bbox 555 4337 675 4408; x_wconf 75' lang='lat' dir='ltr'>Christi</span> <span class='ocrx_word' id='word_1_203' title='bbox 690 4337 844 4408; x_wconf 86' lang='lat' dir='ltr'>fidelibus</span> <span class='ocrx_word' id='word_1_204' title='bbox 859 4345 1041 4426; x_wconf 87' lang='lat' dir='ltr'>presentem</span> <span class='ocrx_word' id='word_1_205' title='bbox 1058 4343 1216 4427; x_wconf 79' lang='lat' dir='ltr'>peginam</span> <span class='ocrx_word' id='word_1_206' title='bbox 1232 4341 1436 4428; x_wconf 88' lang='lat' dir='ltr'>inspecturis</span> 
     </span>
     <span class='ocr_line' id='line_1_30' title="bbox 303 4445 1437 4534; baseline 0 -18"><span class='ocrx_word' id='word_1_207' title='bbox 303 4449 443 4516; x_wconf 69' lang='lat' dir='ltr'>salumn</span> <span class='ocrx_word' id='word_1_208' title='bbox 459 4446 492 4515; x_wconf 91' lang='lat' dir='ltr'>in</span> <span class='ocrx_word' id='word_1_209' title='bbox 510 4467 549 4518; x_wconf 87' lang='lat' dir='ltr'>eo</span> <span class='ocrx_word' id='word_1_210' title='bbox 565 4445 621 4534; x_wconf 87' lang='lat' dir='ltr'>qui</span> <span class='ocrx_word' id='word_1_211' title='bbox 638 4453 688 4516; x_wconf 88' lang='lat' dir='ltr'>est</span> <span class='ocrx_word' id='word_1_212' title='bbox 704 4445 796 4516; x_wconf 87' lang='lat' dir='ltr'>snlns</span> <span class='ocrx_word' id='word_1_213' title='bbox 823 4447 977 4516; x_wconf 89' lang='lat' dir='ltr'>omnium.</span> <span class='ocrx_word' id='word_1_214' title='bbox 1017 4445 1070 4518; x_wconf 81' lang='lat' dir='ltr'>Ad</span> <span class='ocrx_word' id='word_1_215' title='bbox 1095 4446 1320 4517; x_wconf 74' lang='lat' dir='ltr'>uniuersorum</span> <span class='ocrx_word' id='word_1_216' title='bbox 1351 4449 1437 4519; x_wconf 91' lang='lat' dir='ltr'>noti·</span> 
     </span>
     <span class='ocr_line' id='line_1_31' title="bbox 302 4553 1439 4646; baseline 0 -18"><span class='ocrx_word' id='word_1_217' title='bbox 302 4557 389 4628; x_wconf 82' lang='lat' dir='ltr'>cium</span> <span class='ocrx_word' id='word_1_218' title='bbox 405 4563 519 4626; x_wconf 88' lang='lat' dir='ltr'>tenore</span> <span class='ocrx_word' id='word_1_219' title='bbox 534 4555 741 4646; x_wconf 87' lang='lat' dir='ltr'>presencium</span> <span class='ocrx_word' id='word_1_220' title='bbox 757 4555 910 4628; x_wconf 83' lang='lat' dir='ltr'>uolumus</span> <span class='ocrx_word' id='word_1_221' title='bbox 926 4553 1106 4646; x_wconf 85' lang='lat' dir='ltr'>peruenire,</span> <span class='ocrx_word' id='word_1_222' title='bbox 1136 4555 1310 4643; x_wconf 78' lang='lat' dir='ltr'>quodcum</span> <span class='ocrx_word' id='word_1_223' title='bbox 1328 4555 1439 4628; x_wconf 83' lang='lat' dir='ltr'>tocius</span> 
     </span>
    </p>
   </div>
   <div class='ocr_carea' id='block_1_6' title="bbox 0 0 1588 5150">
    <p class='ocr_par' dir='ltr' id='par_1_6' title="bbox 0 0 1588 5150">
     <span class='ocr_line' id='line_1_32' title="bbox 0 0 1588 5150; baseline 0 4"><span class='ocrx_word' id='word_1_224' title='bbox 0 0 1588 5150; x_wconf 95' lang='lat' dir='ltr'> </span> 
     </span>
    </p>
   </div>
  </div>
 </body>
</html>
