3068 5150
566 319 727 421 -se-r-

91 534 195 584 oarere
227 515 402 582 uoluerunt
432 495 601 594 firmitatis,
633 519 729 597 prout
744 511 779 578 id
795 513 829 580 in
844 513 950 581 forma
967 515 1216 601 composicionis

87 629 163 693 inter
178 627 293 708 partes
310 621 421 689 habite
437 627 470 688 et
487 622 627 688 excitate
644 619 819 689 ordinatur.
835 622 873 686 In
889 623 983 692 ouius
999 623 1045 690 rei
1063 624 1217 691 memori-

88 754 134 802 am
149 737 403 820 perpetuamque
434 729 621 796 firmitatem
647 729 690 796 od
706 729 901 815 petioionem
919 733 1065 816 paroium
1083 753 1215 818 presen-

89 849 133 910 tes
164 839 388 908 ooneessimns
419 838 548 905 litteras
578 837 680 923 sigilli
712 841 812 907 nostri
843 840 958 907 robore
990 841 1214 909 communitas.

87 953 197 1019 Datum
230 969 290 1034 por
305 967 421 1015 manus
437 946 587 1031 Magistri
613 946 758 1015 Ladizlai
776 949 923 1016 Leetoris
939 949 1085 1017 Ecclesie
1101 956 1212 1016 nostre

86 1079 164 1126 anno
193 1056 329 1124 Domini
361 1055 531 1123 millesimo
562 1055 784 1123 ducentesimo
819 1056 1019 1141 octogesimo
1061 1055 1213 1125 seeundo.

86 1168 237 1252 ltugistro
267 1165 370 1232 Paulo
401 1160 550 1250 (lantone,
582 1162 738 1248 Gregorio
769 1163 923 1250 Custode,
949 1166 1033 1250 Elya
1049 1163 1213 1248 quondam

87 1274 223 1359 Deeano,
240 1273 407 1359 Stephano
422 1291 508 1340 nuno
526 1271 671 1356 Deeano,
703 1271 899 1340 Johanneet
928 1271 1067 1338 Nioolao
1099 1273 1212 1340 Sacer·

87 1383 220 1468 dotibus,
253 1383 420 1469 Stephano
452 1388 484 1448 et
499 1379 626 1448 Thema
643 1379 818 1468 Magistris,
844 1380 1025 1467 ceterisque
1041 1380 1214 1449 Canoniois

88 1489 299 1588 existentibus
315 1490 350 1556 in
367 1490 490 1559 eadem.

88 1688 224 1750 (Eredetie
254 1688 441 1754 borhistytn,
471 1689 603 1754 melynek
634 1687 756 1754 peosetje
775 1689 1029 1754 ablu-ibolyaszintt
1053 1687 1212 1753 selyemzsl-

137 1780 227 1831 nbron
246 1780 340 1846 sugg3
359 1795 376 1832 a
394 1780 501 1832 semels
522 1782 642 1846 herezeg
660 1779 817 1845 Batthysni
837 1779 932 1830 csaltd
950 1779 1162 1842 levslttrtban.)

612 2607 690 2677 307.

89 2804 132 2870 Aa
146 2809 215 2894 egri
229 2806 454 2894 kdptalonoalt
478 2803 744 2892 bizossysdpleneie
774 2804 1051 2892 Boqatbradvooi
1080 2819 1209 2872 oemzet·

265 2914 382 3001 seqbeii
397 2915 463 2981 Pa‘l
479 2935 575 2980 eomes
589 2911 908 3001 otyintezkedeserill.
932 2913 1030 2980 1282.

190 3111 352 3179 Omnibus
369 3109 489 3178 Christi
505 3111 657 3180 fidelibus
673 3115 739 3176 tarn
756 3109 960 3196 presentibus
977 3126 1073 3192 quam
1093 3107 1209 3176 futuris

89 3216 269 3304 Capitulum
300 3221 445 3288 Eeelesie
469 3220 637 3304 Agriensis
669 3221 808 3287 salutem
828 3219 861 3286 in
878 3219 1019 3286 omniurn
1037 3219 1209 3286 saluatore.

88 3325 135 3394 ld
149 3329 373 3398 uniuersorum
387 3328 541 3396 notitiam
572 3335 682 3394 tenore
707 3329 906 3412 presencium
933 3327 1082 3394 volumus
1099 3345 1209 3412 perue-

88 3435 170 3520 nire;
196 3437 281 3520 quod
297 3435 421 3503 comite
438 3437 539 3504 Paulo
556 3437 623 3505 tilio
639 3434 747 3521 Gopol
763 3436 805 3502 de
820 3454 940 3520 genere
956 3434 1207 3518 Bogathraduan

88 3543 125 3609 ab
139 3565 205 3610 rna
218 3551 322 3631 parte,
340 3547 381 3612 ab
398 3546 506 3612 altera
522 3565 600 3613 vero
616 3543 771 3611 Ladizlao
787 3543 856 3609 filio
873 3543 961 3628 (lbys
976 3541 1078 3612 tratre
1097 3543 1205 3629 predi·

88 3651 127 3717 oti
143 3651 249 3740 (lopol
266 3673 326 3740 pro
342 3673 387 3736 se,
416 3661 448 3720 et
464 3674 523 3741 pro
540 3652 695 3739 (lhepano
712 3651 814 3718 fratre
826 3671 885 3718 suo
899 3669 1007 3717 eoram
1024 3651 1117 3717 nobis
1133 3671 1202 3736 per-

86 3760 235 3828 sonaliter
252 3759 452 3842 eonstitutis;
478 3761 625 3846 prelatus
641 3757 758 3827 Comes
783 3759 903 3826 Paulus
935 3757 1080 3825 exhibuit
1110 3757 1206 3826 nobis

86 3875 229 3952 patentes
244 3868 373 3937 litteras
390 3867 513 3937 domini
528 3869 630 3938 nostri
656 3865 805 3934 Ladizlai
830 3865 893 3932 Dei
919 3865 1033 3950 gracia
1063 3863 1205 3933 Illustris

86 3977 178 4062 Regis
194 3977 360 4062 Hungarie
375 3997 440 4045 non
457 3997 560 4065 rasas,
578 3998 642 4044 non
658 3975 867 4061 renuntiatae,
898 3993 958 4040 nee
972 3973 1007 4040 in
1025 3973 1138 4056 aliqua
1154 3974 1206 4040 sui

85 4091 174 4166 parte
188 4085 336 4170 rieiatas,
353 4084 440 4153 hune
454 4091 600 4154 tenorem
616 4085 835 4154 continentes:

183 4194 249 4262 Nos
264 4193 441 4262 Ladizlaus
457 4195 520 4262 Dei
536 4194 649 4280 gracia
665 4195 736 4260 Rex
750 4189 919 4276 Hungarie
947 4188 1008 4255 stb.
1036 4186 1206 4276 (kovetke-

85 4298 530 4390 summouentium
549 4302 686 4371 lere-ki
718 4299 911 4386 engeuslye,
942 4297 1023 4364 mint
1053 4295 1205 4380 Fejernel

85 4409 119 4476 V.
132 4409 198 4478 kot
212 4415 242 4482 2.
258 4432 284 4478 r.
300 4415 379 4481 463.
395 4409 431 4498 t)

184 4518 224 4584 Et
252 4520 421 4606 proposuit
451 4519 634 4588 viuauoee:
661 4516 747 4604 quod
779 4515 948 4584 uniuersas
980 4511 1204 4599 possessiones

87 4645 156 4694 suas
169 4625 380 4698 hereditarias
394 4628 608 4711 Kurthuelus,
626 4627 769 4715 Haraoh,
785 4626 877 4693 Mara
893 4630 926 4690 et
941 4622 1050 4710 Synob
1060 4621 1205 4690 nomina·
