3124 5152
620 944 693 1012 265.

98 1143 270 1233 tsmoopyt
285 1146 645 1231 kancentnelcjeleotdse
677 1145 737 1212 IV.
770 1144 887 1211 tereto
917 1145 1094 1232 triumphos,
1128 1147 1210 1233 kopp

185 1256 296 1320 sonate
312 1257 425 1321 ndve're
445 1255 474 1319 Τ
471 1255 537 1339 stirp
555 1253 737 1340 helyae‘pbco
752 1253 982 1320 statariltatott.
1011 1255 1110 1321 1280.

186 1449 469 1518 Excellentissimo
486 1449 617 1517 domiuo
634 1469 693 1515 suo
710 1446 864 1516 Ladizlao
897 1449 959 1516 Dei
990 1451 1103 1534 gracia
1130 1451 1209 1534 Regi

96 1557 244 1640 Huugarie
262 1558 382 1625 illustri
399 1559 584 1626 conuentus
599 1557 788 1642 Mouusterij
807 1556 919 1622 Sancti
934 1559 1043 1646 Egidij
1057 1559 1097 1626 dc
1107 1558 1210 1644 Symi-

97 1667 140 1748 gio
157 1666 324 1733 oraciones
339 1666 373 1732 in
390 1665 531 1732 Domino
548 1665 678 1732 debitas
695 1673 727 1732 et
744 1665 889 1734 deuotus.
933 1665 1071 1732 Litteras
1097 1665 1211 1734 Vestro

96 1775 286 1842 Excellcuoie
304 1757 484 1860 recepimus
499 1773 531 1838 iu
550 1773 610 1839 trec
626 1772 745 1840 uerba:

187 1882 363 1948 Ladizlaus
379 1881 420 1947 D.
451 1902 499 1966 gr.
529 1882 599 1948 Rox
626 1881 793 1964 Hungarie
823 1883 883 1948 stb.
912 1881 1125 1966 (trovetkezik
1155 1883 1210 1949 IV.

40 2019 42 2026 ⁴
97 1990 198 2057 Ltsult
210 1990 392 2076 kirtlynak
408 2009 580 2076 parancsa,
597 1989 679 2054 mint
695 1987 824 2055 fentebb
843 1991 917 2057 246.
936 2009 981 2056 su.
998 1989 1040 2077 a.)

189 2099 257 2164 Nos
274 2104 383 2163 autem
409 2097 503 2162 iuxta
529 2102 716 2182 preceptum
748 2095 866 2162 Uestre
899 2095 1106 2164 Celsitudinis
1139 2117 1210 2163 curn

99 2202 171 2270 dicto
187 2205 328 2271 NicoIao
347 2204 476 2270 homine
494 2211 601 2272 uestro
617 2225 713 2270 vnum
731 2202 930 2273 sacerdotem
948 2223 991 2272 ex
1006 2206 1100 2272 uobis
1127 2205 1212 2272 misi·

96 2312 211 2377 musad
227 2311 388 2398 premissa
405 2312 605 2394 exequenda.
640 2311 703 2390 Qui
736 2310 777 2378 ad
809 2331 867 2378 nos
899 2311 1023 2378 reuersi
1054 2310 1213 2396 dixerunt,

96 2420 170 2502 qood
185 2420 375 2487 conuocatis
392 2419 507 2488 vicinis
524 2427 555 2485 et
571 2421 721 2487 omnibus
737 2421 966 2488 commetaneis
993 2429 1151 2490 terrarum
1178 2429 1210 2488 et

96 2526 251 2594 uinearum
268 2528 428 2594 dictorum
445 2525 691 2595 uduornicorum
708 2527 837 2594 eosdem
854 2529 1038 2594 nominatos
1058 2527 1211 2596 uduorni-

96 2643 295 2719 corrosores,
320 2639 426 2722 primo
444 2643 549 2704 terras
565 2643 597 2703 et
613 2637 732 2704 vinuas
747 2657 870 2724 eorum,
902 2656 942 2702 ac
974 2637 1043 2702 alia
1074 2638 1147 2704 iura
1178 2637 1212 2704 in

95 2751 171 2813 terra
185 2747 293 2832 l'elky
325 2745 506 2813 existencia
535 2745 726 2813 statuissent
757 2744 843 2811 dicte
877 2743 1004 2812 domiue
1036 2745 1210 2832 Elysabeth

95 2855 173 2922 nullo
188 2853 423 2922 contradictore
439 2860 626 2940 apparente.
667 2856 788 2921 Datum
806 2855 944 2923 sabbato
963 2853 1107 2940 proximo
1135 2860 1211 2920 auto

95 2963 285 3031 Dominicam
304 2963 398 3032 Oculi
413 2963 487 3030 illei.

98 3161 148 3220 (tv.
167 3164 264 3214 Ldszld
284 3163 436 3228 kirtlynalu
459 3165 569 3214 taso-ki
588 3162 874 3228 adomdnylevelebttl
906 3162 979 3212 mint
1006 3161 1118 3210 tsntsbb
1150 3163 1210 3210 240.

209 3277 212 3281 ’
560 3255 635 3304 szdm
654 3253 745 3317 alatt.)
