3168 5150
292 1188 406 1254 Hodoi
421 1183 558 1270 zdproibe'
566 1181 780 1268 fo'ispa'noait
795 1179 936 1244 Pseu-ioh
951 1179 1107 1262 helyee'yet
1131 1183 1290 1266 trirpyozo'
1316 1182 1435 1246 testate

297 1294 421 1358 Τίιηοιέ
457 1287 593 1376 adpositi
626 1289 753 1376 ptispok
792 1308 808 1349 s
846 1283 1016 1351 Auratam
1053 1287 1220 1350 monteboi
1255 1309 1359 1353 eomes
1392 1291 1437 1355 ea

290 1425 312 1466 a
343 1395 539 1464 Glooor'ehai
576 1394 705 1458 odmok
743 1391 814 1457 root
845 1389 1028 1475 jobbdyyas'
1068 1392 1100 1456 es
1139 1391 1297 1478 υάιιιόριί
1338 1393 1434 1460 itiizt..

815 1500 913 1565 1270.

306 1775 309 1782 ι
401 1735 469 1802 Nos
498 1729 610 1798 nodus
641 1727 757 1796 Comes
787 1728 1020 1814 Zagrabisnsis
1050 1728 1274 1813 signitioamns
1302 1731 1434 1813 quibus

293 1841 424 1930 expedit
454 1837 607 1908 memorie
640 1834 903 1909 commendantes
923 1879 927 1886 -
939 1834 1145 1921 presenoium
1175 1856 1235 1922 per
1265 1843 1430 1923 tenorem,

293 1950 380 2038 quod
411 1967 483 2014 oum
513 1943 638 2030 questio
669 1946 757 2012 esset
787 1943 921 2010 suborta
950 1943 1034 2012 inter
1058 1943 1279 2012 venerabilem
1295 1950 1427 2028 patrem

295 2057 458 2125 dominum
489 2049 716 2116 'thimotheum
750 2047 948 2133 Episoopum
979 2047 1234 2132 Zagrabiensem
1266 2058 1429 2136 exparte

296 2185 372 2249 uns,
405 2163 437 2225 et
451 2156 571 2223 Abram
602 2155 757 2224 Comitem
787 2156 828 2223 de
843 2153 1029 2242 Memnona,
1060 2157 1251 2241 iobagionss
1267 2158 1377 2226 Casiri
1393 2166 1429 2224 et

293 2260 1424 2350 oastrensesdeiilaunioha,videlieetBerwey,Nerad,Myko,Soelk,

294 2373 479 2457 WlkonIou,
488 2370 640 2456 Zlobysa
651 2367 783 2456 Penius,
793 2369 926 2454 ioseph,
936 2373 1084 2458 Drogan,
1095 2371 1272 2459 Withyna,
1283 2372 1429 2440 Veohez-

296 2487 357 2570 iou,
374 2481 498 2566 Gorga,
513 2477 693 2562 Prouoneg,
710 2476 858 2564 Paulum,
874 2476 1012 2564 Hrenoo,
1039 2478 1251 2565 Stephanum,
1284 2478 1436 2568 Boryoh,

295 2587 465 2673 Matheioo,
493 2587 611 2670 Pauoo,
635 2584 811 2670 Zouidrug,
837 2580 988 2669 Oopo'rto,
1005 2583 1148 2672 Petrum,
1164 2585 1336 2673 Vulohqu
1352 2587 1435 2654 Zio-

295 2699 394 2784 byna,
409 2697 534 2778 Potms‚
550 2692 680 2777 Martio,
699 2691 799 2758 filium
819 2690 998 2776 Dragohyn
1014 2699 1047 2758 et
1062 2692 1262 2762 Ziobizlanm
1288 2713 1331 2761 ex
1347 2697 1431 2762 alte-

295 2825 343 2890 ra,
357 2822 454 2888 snper
485 2809 571 2868 terra
596 2799 744 2884 Pteryoh
760 2805 887 2882 vocata,
904 2817 1001 2883 quam
1018 2798 1108 2866 idam
1125 2797 1276 2868 dominus
1293 2803 1430 2888 Episto-

296 2931 355 2998 pus
371 2909 502 2977 dicebat
533 2925 605 2975 esse
636 2910 828 2988 occupatam
859 2925 918 2990 per
949 2905 1070 2976 diotum
1100 2906 1225 2974 Abram
1257 2905 1429 2992 comitem,

294 3015 483 3102 iobagiones
508 3010 615 3080 Oastri
648 3017 680 3078 et
695 3015 879 3080 castrenses
895 3009 936 3078 de
952 3011 1166 3099 Glaunyoha;
1192 3019 1225 3080 st
1241 3013 1432 3082 huiusmodi

296 3122 421 3209 questio
441 3139 551 3188 eoram
577 3116 673 3184 nobis
704 3115 818 3184 fuisset
849 3117 934 3185 inter
965 3125 1076 3202 partes
1093 3117 1221 3187 diucius
1238 3122 1401 3190 ventilata
1419 3147 1429 3206 ;

296 3249 365 3314 nos,
397 3225 544 3294 volentes
576 3222 724 3310 porcium
750 3224 920 3292 laboribus
934 3226 1104 3294 oonsulere
1129 3233 1162 3294 et
1175 3228 1340 3315 expensis,
1373 3227 1441 3297 de·

295 3336 464 3416 crevimus,
478 3338 514 3399 nt
528 3331 656 3418 prefate
671 3330 851 3414 questionis
866 3333 1037 3398 oontenoio
1062 3333 1281 3403 amioabiiitsr
1297 3333 1431 3402 ordina·

297 3445 390 3511 aione
420 3438 594 3523 proborum
609 3441 791 3504 nostrorum
807 3435 986 3504 deoidatnr.
1005 3437 1151 3506 Tandem
1167 3445 1277 3524 partes
1295 3459 1338 3508 ex
1354 3461 1433 3508 nos-

296 3557 348 3616 tra
363 3543 576 3634 permissione
591 3549 624 3611 et
654 3541 788 3610 induetu
802 3544 837 3610 in
870 3543 1040 3611 arbitrium
1071 3546 1248 3630 proborum
1279 3549 1427 3615 virorum

296 3656 374 3724 hino
397 3651 473 3720 inde
488 3651 701 3720 eommuniter
717 3653 902 3738 eleotorum,
928 3651 1054 3722 soilioet
1070 3652 1229 3722 Gabriani
1243 3653 1382 3724 comitis
1396 3663 1434 3722 et

296 3763 384 3832 Petri
401 3759 540 3846 oapitosi
555 3778 596 3824 ex
613 3763 708 3841 parte
724 3757 803 3825 dieti
819 3755 943 3826 domini
958 3759 1115 3846 iipisoopi
1129 3763 1380 3845 nominatorum,
1396 3767 1434 3827 et

298 3873 390 3938 Iwan
402 3865 537 3935 Comitis
557 3865 613 3932 filii
625 3863 757 3952 Iriziaii,
767 3885 808 3930 ex
818 3872 912 3952 parte
922 3867 1043 3934 Abram
1054 3866 1190 3937 (iomitis
1203 3869 1436 3937 dsiiioronoha

297 3975 573 4059 iobagionumque
590 3971 695 4039 Castri
713 3979 745 4040 et
771 3973 984 4040 cestrensium
1014 3973 1173 4043 nominati
1205 3983 1239 4043 et
1268 3975 1435 4060 assumpti

300 4105 339 4152 ex
349 4084 466 4165 altera,
476 4077 766 4165 compromiserunt
774 4077 847 4164 pari
857 4079 1026 4146 voluntate
1042 4087 1075 4148 et
1085 4101 1255 4150 consensu.
1272 4083 1333 4148 Per
1348 4101 1436 4166 quos

299 4190 449 4274 arbitros,
482 4187 692 4254 arbitratores
725 4205 782 4253 seu
813 4185 1004 4253 amicabiles
1045 4188 1277 4273 compositores
1319 4189 1436 4256 taliter

301 4296 423 4364 exstitit
463 4292 662 4360 diffinitum:
694 4291 781 4376 quod
813 4311 854 4359 ex
885 4299 978 4376 parte
1007 4291 1086 4358 dieti
1117 4291 1240 4360 domini
1271 4293 1434 4380 Episoopi

301 4405 443 4471 debeant
465 4401 573 4470 statui
604 4404 675 4466 ooto
705 4418 844 4485 persono
876 4398 917 4464 de
949 4398 1097 4486 capitulo
1138 4399 1365 4487 Zagrabiensi,
1390 4399 1436 4474 de

302 4513 419 4596 quibus
451 4513 588 4593 quatuor
619 4525 754 4591 persone
786 4507 940 4573 assummi
973 4505 1114 4574 debeant
1144 4507 1188 4576 ad
1219 4511 1442 4597 prestandum
