3068 5150
614 297 775 398 ,321-

128 500 163 562 vt
175 502 248 582 pote
265 515 302 563 sc
327 488 496 562 multocies
512 490 616 560 dictus
633 492 749 558 eomes
764 487 921 556 Wukken
936 487 1018 556 dixit
1035 487 1069 554 in
1086 485 1260 574 presencia

128 601 336 688 personaliter
354 599 396 669 ad
420 600 482 667 hoc
514 597 703 683 obligatum.
734 595 833 664 Cuius
864 595 994 681 quidem
1024 593 1254 681 possessionis,

129 715 218 794 prout
247 713 359 796 partes
390 706 579 793 retulerunt,
592 712 676 771 mete
691 705 753 771 hoc
769 703 883 770 ordine
899 701 1142 785 distinguntur:
1161 700 1256 779 Quod

132 816 231 902 prima
247 823 336 883 mela
351 813 467 899 incipit
483 813 569 880 circa
594 813 726 879 fluuium
762 811 923 896 quendam
956 811 1064 876 Pama
1098 816 1258 893 vocatum,

130 924 180 990 vbi
209 930 284 989 suut
317 922 381 987 duc
395 929 480 986 mele
510 929 624 1006 terreo,
657 927 688 986 et
704 918 793 987 cadit
817 918 935 987 ibidem
952 917 985 984 in
1002 917 1107 1004 ipsum
1124 919 1258 988 fluuium

131 1030 254 1109 Parna;
280 1029 313 1094 iu
332 1051 395 1113 quo
412 1029 541 1111 quidem
557 1028 653 1094 fluuio
670 1027 766 1094 currit
792 1046 905 1092 versus
922 1026 1089 1110 orientem,
1107 1035 1140 1094 et
1171 1027 1260 1093 eadit

131 1135 160 1201 in
174 1135 306 1203 fluuium
339 1134 533 1219 Dudvvagh;
557 1135 591 1202 iu
622 1155 685 1219 quo
701 1133 798 1200 fluuio
815 1135 915 1200 currit
931 1153 988 1219 per
1004 1133 1167 1200 modicum
1183 1154 1255 1218 spa·

131 1241 219 1324 cium,
238 1246 270 1306 et
284 1241 435 1326 peruenit
450 1242 494 1307 ad
512 1244 615 1309 locum
632 1242 686 1326 qui
703 1241 821 1308 dicitur
832 1239 1058 1324 Kumoleubel,
1074 1241 1127 1306 vbi
1139 1242 1258 1307 transit

130 1349 228 1432 ipsum
259 1348 393 1415 fluuium
424 1369 540 1416 versus
572 1347 741 1433 orientem,
765 1346 818 1412 vbi
844 1355 919 1413 suut
945 1347 1008 1413 due
1034 1353 1118 1414 mete
1144 1355 1259 1437 terree,

132 1474 261 1538 quarum
279 1477 347 1521 vna
362 1464 494 1541 separat
511 1477 531 1522 a
548 1464 635 1522 terra
652 1455 745 1522 Ncek
762 1455 804 1521 ad
816 1453 953 1523 eundem
979 1454 1112 1522 fluuium
1143 1475 1258 1522 versus
1303 1471 1310 1478 ·

131 1563 306 1648 meridiem,
332 1571 364 1630 et
380 1563 530 1649 peruenit
555 1562 599 1628 ad
614 1583 712 1630 vnum
729 1569 881 1646 stagnum
896 1567 960 1629 tovv
977 1569 1147 1647 vocatnm;
1171 1564 1258 1648 quod

132 1671 325 1739 transeundo
341 1669 432 1738 vadit
451 1671 492 1737 ad
524 1671 657 1737 arbores
689 1689 853 1756 pyrorum,
886 1669 973 1736 circa
1003 1689 1086 1754 quas
1115 1690 1137 1736 a
1166 1677 1259 1756 parte

131 1777 275 1845 orientali
302 1787 378 1844 suut
393 1779 456 1845 duc
472 1785 557 1844 mete
572 1786 696 1864 terree;
720 1776 838 1842 ablriuo
856 1776 976 1843 directe
996 1797 1107 1844 versus
1125 1777 1255 1845 meridi·

131 1907 177 1954 em
192 1887 312 1953 transit
327 1886 415 1952 aliud
431 1895 592 1970 stagnum,
610 1886 694 1951 circa
711 1884 798 1968 quod
814 1891 889 1951 sunt
905 1885 1053 1952 similiter
1072 1887 1133 1952 due
1165 1893 1250 1952 mete

131 2002 247 2077 terree;
264 1993 383 2060 deinde
393 1993 529 2060 flectitur
539 2012 651 2060 versus
669 1990 877 2075 occidentem,
894 1999 927 2059 et
942 1994 1090 2077 peruenit
1105 1993 1146 2059 ad
1165 1994 1255 2061 tarci-

130 2122 179 2166 um
194 2109 359 2186 stagnum,
375 2102 465 2167 eirca
480 2101 568 2185 quod
585 2101 790 2168 saulitarum
807 2100 870 2166 due
887 2107 970 2168 mete
997 2111 1119 2180 terree;
1143 2107 1259 2186 postea

130 2207 214 2276 vadit
229 2209 277 2274 ad
296 2229 392 2276 vuum
410 2229 522 2276 nemus
539 2209 627 2275 circa
644 2208 729 2292 quod
747 2215 871 2275 estvua
888 2217 973 2274 mela
989 2215 1112 2293 terrea;
1138 2207 1257 2276 abhinc

130 2316 212 2384 cadit
226 2318 349 2382 iterum
365 2314 407 2380 ad
423 2314 557 2382 fluuium
574 2315 746 2398 Dudvvagh
767 2315 963 2401 predictum;
987 2315 1121 2400 postheo
1153 2337 1257 2385 reuer-
1378 2307 1382 2314 ’

128 2426 201 2490 titur
231 2423 355 2507 inipso
386 2421 484 2490 fluuio
515 2441 629 2489 versus
661 2423 936 2507 septemtrionem,
954 2423 986 2487 in
1004 2443 1067 2506 quo
1083 2423 1183 2492 currit
1199 2445 1258 2510 per

127 2537 243 2601 bonum
261 2529 417 2616 spacium,
435 2536 468 2595 et
483 2529 549 2595 exit
564 2529 669 2614 ipsum
686 2529 819 2596 fluuium
836 2547 947 2598 versus
972 2530 1180 2616 occidentem,
1198 2532 1252 2598 vbi

128 2639 213 2708 venit
245 2638 291 2704 ad
322 2634 404 2703 duas
435 2643 538 2704 metas
570 2645 861 2726 tetragonorum
887 2658 952 2704 vua
983 2644 1116 2724 separat
1131 2660 1152 2706 a
1167 2646 1257 2708 terra

128 2749 229 2829 lieet,
253 2742 374 2811 deindo
401 2743 507 2810 eundo
538 2765 651 2812 versus
684 2729 881 2813 occidentem
907 2748 1055 2831 peruenit
1085 2747 1128 2812 ad
1157 2769 1255 2816 vnum

129 2854 313 2939 virgultum,
344 2849 430 2936 quod
458 2857 628 2918 ereztcuen
647 2851 816 2936 vulgariter
835 2852 1015 2938 appelatur,
1032 2853 1086 2920 vbl
1103 2861 1178 2922 sunt
1194 2853 1257 2922 due

129 2969 210 3030 mete
226 2969 350 3044 terree;
374 2956 494 3026 abhinc
525 2957 729 3044 procedendo
762 2979 876 3045 parum
893 2981 913 3025 a
929 2968 1022 3043 parte
1053 2961 1256 3028 meridionali

127 3070 229 3156 ipsius
261 3065 394 3151 virgulti
425 3072 475 3132 est
506 3085 570 3133 vua
600 3075 707 3151 meta;
731 3070 899 3153 pergitque
925 3086 1038 3134 versus
1053 3067 1255 3138 occidentem

128 3181 253 3258 iterato,
269 3174 323 3242 vbi
339 3173 467 3240 venitur
497 3173 540 3238 ad
572 3174 655 3240 duas
688 3181 791 3242 metas
823 3183 965 3258 torreas,
991 3175 1110 3241 abbinc
1139 3177 1255 3244 iterum

128 3285 226 3353 currit
261 3281 303 3348 ad
334 3278 415 3348 duas
447 3288 572 3364 metas3
611 3279 732 3348 deinde
762 3281 909 3368 peruenit
934 3281 1050 3347 iterum
1087 3283 1130 3348 ad
1172 3282 1255 3352 duas

127 3399 234 3458 metas
250 3393 385 3472 terreas,
408 3393 438 3454 et
454 3388 499 3454 ibi
516 3397 686 3472 separatur
701 3390 743 3455 ab
768 3389 842 3472 ipsa
874 3400 960 3454 terra
991 3388 1115 3471 (irath,
1138 3388 1255 3459 deiude

127 3498 227 3565 currit
257 3513 371 3561 versus
402 3493 599 3563 occidentem
632 3501 717 3563 circa
748 3507 866 3563 terram
899 3496 1000 3562 Zeutb
1018 3495 1198 3567 ¹Abrabam
1224 3507 1257 3566 et

126 3615 245 3673 terram
263 3603 380 3686 Pauly,
398 3601 451 3668 vbi
468 3611 544 3668 erunt
560 3611 625 3670 tres
642 3610 743 3689 mete,
768 3625 825 3690 per
841 3605 903 3670 hoc
923 3607 1060 3672 vertitur
1092 3606 1134 3672 ad
1165 3609 1256 3690 aqui·

126 3715 294 3798 louem,et
324 3708 430 3774 eundo
461 3729 520 3794 pcr
550 3713 636 3776 viam
654 3712 788 3778 vertitur
804 3711 847 3776 ad
864 3713 969 3778 locum
995 3711 1155 3795 quendam
1172 3712 1256 3782 eua-

125 3819 307 3904 radajaras,
340 3815 433 3882 iuxta
449 3835 544 3900 quem
560 3828 636 3884 sunt
653 3817 715 3885 due
737 3828 837 3903 mete,
866 3819 982 3886 deinde
1013 3819 1104 3885 vadit
1136 3819 1256 3890 directe

112 3947 236 3995 versus
267 3923 528 4008 septemtrionem
560 3946 661 4010 vspue
692 3936 812 3994 terram
846 3925 975 3994 Vedred
1007 3935 1165 4014 vocatam,
1197 3930 1253 3998 vbi

127 4040 201 4104 suut
239 4041 306 4099 tres
338 4039 441 4114 mete;
464 4033 580 4100 abhinc
605 4037 795 4102 reuerteudo
827 4055 940 4102 versus
972 4035 1130 4104 orientem
1162 4037 1252 4103 venit

127 4145 170 4210 ud
186 4159 283 4208 vuam
311 4145 430 4205 metam
445 4145 601 4237 terream
626 4147 700 4227 post
715 4141 775 4210 heo
790 4159 919 4226 semper
934 4141 1070 4209 vlterius
1088 4141 1251 4210 tendendo

126 4268 237 4318 versus
254 4246 421 4327 orientem,
438 4247 527 4314 venit
543 4248 586 4314 ad
601 4249 703 4316 locum
721 4248 871 4335 priorem,
892 4249 946 4316 vbi
964 4249 1024 4316 luit
1043 4248 1207 4337 iuelroata,
1224 4259 1257 4318 et

124 4357 171 4446 ibi
185 4354 387 4422 terminatur.
407 4353 444 4421 Iu
462 4355 553 4423 ouius
569 4357 616 4426 rei
631 4357 818 4425 memoriam
845 4357 1031 4443 pleniorem,
1049 4357 1141 4424 etad
1158 4357 1256 4427 robur

126 4463 255 4532 maioris
270 4461 432 4529 firmitatis
450 4472 615 4548 presentes
632 4467 851 4533 concessimus
868 4463 995 4534 litterae
1015 4463 1118 4550 sigilli
1150 4465 1256 4534 nostri

130 4572 304 4642 munimine
335 4571 513 4640 roboratas.
544 4573 664 4639 Datum
693 4572 734 4638 X.
751 4572 914 4639 kalendas
935 4567 1055 4640 meniis
1071 4569 1149 4657 blaij
1168 4593 1257 4642 auno

1086 4679 1150 4748 24*
