3096 5160
666 1149 744 1219 388.

135 1359 166 1417 Α
185 1354 309 1420 tairdczc'
323 1351 514 1416 kooocntock
523 1351 672 1436 jelcutdae
689 1342 750 1418 IV.
767 1349 885 1415 Lacett
899 1348 1080 1434 kirdlplroa,
1106 1349 1190 1435 hopy
1204 1349 1267 1413 Da·

134 1471 232 1526 meter
247 1469 361 1525 mester
378 1441 666 1545 Zdlyomiftlc‘apdo
675 1457 819 1542 Necapdl
840 1456 1029 1522 atrectatus
1038 1459 1266 1524 atutcdltatott.

653 1563 747 1630 1287.

241 1798 504 1866 Exellentissimc
535 1797 666 1865 domino
687 1817 747 1865 suo
761 1795 918 1865 Ladialao
937 1797 998 1866 Dci
1014 1796 1127 1883 gracia
1142 1796 1266 1864 illustri

135 1909 217 1992 Regi
249 1903 425 1992 nungarie'
446 1908 643 1992 Prepoaitus.
660 1913 692 1972 ct
724 1904 913 1974 conuentus
943 1907 1134 1990 Monasterij
1166 1907 1267 1972 Beate

134 2015 280 2100 Virginis
311 2015 351 2080 de
381 2013 541 2080 'Phwroclr
573 2010 704 2080 Ordinis
725 2015 1032 2082 Premonstratensis
1050 2015 1216 2082 oraciones
1233 2013 1265 2078 in

133 2122 273 2189 Domino
289 2120 441 2188 assiduas
457 2129 490 2186 ct
506 2120 654 2187 denotas.
672 2120 812 2190 Litteras
839 2123 953 2188 Vestra
985 2121 1175 2188 Serenitatis
1205 2123 1266 2188 sub

134 2249 221 2294 nouo
253 2226 365 2312 sigillo
396 2233 504 2295 vestro
528 2226 710 2313 recepimus
751 2227 963 2316 continentes,
1002 2235 1035 2294 vt
1065 2227 1266 2295 mitteremus

134 2336 300 2402 hominem
317 2343 460 2402 nostrum
477 2355 536 2420 pro
552 2333 749 2421 testimonio,
766 2355 874 2402 coram
891 2355 954 2420 quo
974 2337 1129 2420 Magister
1153 2336 1266 2403 Deme·

135 2443 222 2510 trius
255 2441 370 2511 Comes
401 2441 442 2508 dc
472 2443 583 2509 Zolum
600 2439 765 2524 quandam
786 2449 902 2510 terram
919 2463 976 2510 ssu
993 2443 1107 2511 villam
1123 2444 1265 2528 Nacapat

133 2557 283 2618 vocatam
315 2551 346 2616 in
387 2549 548 2616 'Phwroch
590 2550 781 2617 existentem
821 2556 978 2617 statueret
1009 2557 1040 2618 et
1081 2551 1267 2636 assignaret

133 2658 275 2726 Johanni
306 2655 373 2724 lilio
404 2655 598 2743 Marchuka,
629 2657 658 2722 si
674 2677 740 2722 non
758 2658 856 2724 inerit
871 2658 1118 2747 contradictum,
1141 2667 1267 2727 contra-

133 2767 311 2835 dictoribus
328 2773 447 2851 antem,
464 2767 492 2832 si
510 2766 566 2849 qui
584 2766 709 2852 tierent,
741 2765 785 2832 ad
816 2776 956 2836 vestram
988 2768 1189 2854 presenciam
1221 2765 1265 2832 ad

133 2876 305 2943 terminum
334 2879 569 2960 competentem
602 2875 756 2955 euocatis,
791 2883 912 2960 etpost
942 2876 1001 2942 hcc
1026 2878 1143 2944 seriem
1162 2875 1265 2942 tocius

133 2983 211 3050 lacti
228 2989 260 3050 et
276 3001 389 3050 cursus
405 2985 563 3049 metarum
582 2983 695 3048 Vestra
711 2982 914 3050 Excellencie
931 2984 1111 3050 rescribere
1133 2981 1265 3048 debere·
1330 3000 1338 3014 ·

136 3112 219 3159 mus.
251 3093 319 3159 Nos
350 3088 449 3174 igitur
475 3090 589 3156 Vestre
615 3089 779 3158 Maiestati
796 3093 1020 3176 obtemperare
1036 3091 1214 3178 cupientes,
1230 3097 1266 3157 rt

135 3207 291 3283 tenemur,
309 3197 456 3264 misimus
473 3217 570 3264 vnum
587 3219 626 3264 ex
646 3197 740 3264 nobis
771 3198 874 3266 virum
904 3198 1057 3264 idoneum
1088 3219 1148 3284 pro
1180 3198 1266 3265 testi·

133 3305 240 3372 monio
266 3304 473 3391 fidedignum,
491 3305 546 3388 qui
563 3305 691 3371 demum
711 3327 782 3373 com
798 3305 912 3372 eodem
929 3306 1086 3389 Magistro
1103 3304 1266 3371 Demetrio

135 3414 259 3482 tlomitc
275 3413 317 3481 de
332 3414 444 3480 Zolom
462 3413 592 3480 homine
609 3423 716 3482 restro
732 3415 776 3482 ad
791 3435 850 3483 nos
872 3433 1020 3483 reuersus
1052 3413 1155 3494 dixit;
1179 3412 1265 3498 quod

132 3523 204 3608 ipsc
221 3523 317 3588 homo
333 3528 443 3588 vester
459 3528 610 3606 presente
626 3521 740 3589 eodem
758 3522 889 3590 homine
907 3529 1018 3590 nostro
1033 3524 1266 3608 comparuisset

131 3650 228 3717 super
258 3629 376 3697 faciem
408 3629 532 3714 prelato
564 3631 789 3717 possessionis,
822 3641 854 3699 ct
887 3631 1025 3698 candem
1061 3629 1264 3716 presentibus

131 3739 280 3806 omnibns
296 3737 526 3806 commetaneis
543 3745 575 3805 et
590 3739 706 3806 vicinis
724 3759 781 3824 per
797 3748 923 3807 veteres
939 3747 972 3806 ct
987 3739 1141 3822 antiquas
1158 3745 1262 3805 metas

130 3845 363 3915 reambalando
375 3846 543 3916 statuisset
559 3855 591 3914 et
606 3846 811 3932 assignasset
832 3847 975 3933 predicto
998 3845 1142 3915 iohanni
1175 3847 1264 3914 nullo

130 3954 368 4022 contradictore
400 3956 567 4023 existente.
598 3955 684 4023 Meto
713 3961 819 4024 autem
837 3956 940 4041 ipsius
959 3962 1053 4042 torre,
1069 3961 1165 4040 prout
1180 3955 1265 4024 idem

131 4061 228 4129 homo
245 4069 354 4130 vester
369 4069 401 4130 ct
420 4067 532 4130 noster
562 4063 753 4148 retulerunt,
785 4063 845 4131 hoc
875 4062 987 4130 ordine
1019 4063 1263 4148 distinguntur:

128 4170 238 4237 Prima
267 4177 356 4238 meta
388 4170 502 4258 incipit
532 4191 554 4237 a
583 4177 678 4255 parte
711 4172 861 4239 orientali
895 4173 980 4238 circa
996 4191 1093 4238 vnum
1119 4171 1262 4257 lapidem

128 4277 353 4365 Wrathnycha
369 4287 539 4365 rocatnm;
563 4279 641 4345 inde
657 4279 757 4347 currit
775 4279 939 4348 tendendo
972 4299 1085 4348 versus
1116 4280 1263 4348 occiden-

125 4391 193 4450 tem
222 4385 266 4453 ad
294 4386 420 4473 apicem
453 4388 548 4455 rrius
565 4387 682 4454 montis
699 4389 864 4474 wlgariter
885 4409 974 4456 orom
994 4394 1153 4475 vocatum,
1171 4393 1204 4454 et
1219 4388 1265 4473 ibi

124 4493 214 4559 venit
232 4493 274 4559 ad
292 4513 390 4561 vnum
411 4494 554 4581 lapidem
587 4495 688 4562 Koaol
720 4495 861 4582 dictum;
886 4497 963 4563 inde
995 4515 1093 4584 snper
1125 4495 1264 4564 eundem

126 4599 257 4686 apicem
293 4604 412 4670 montis
444 4623 557 4672 uersus
588 4603 724 4672 eandem
740 4608 871 4692 plagam
898 4604 1061 4673 tendendo
1078 4605 1267 4674 transcurrit

1095 4713 1158 4783 30*
