3068 5150
267 1266 300 1332 A
310 1269 462 1356 poesepuc‘
477 1267 707 1354 ledptolacnolc
725 1265 1003 1351 bizonpsdpleveb,
1022 1264 1108 1349 kopp
1123 1261 1255 1329 Rolano
1271 1263 1406 1326 bdnncls

262 1376 330 1458 fiai
345 1372 489 1460 Golpooo
506 1376 537 1439 έε
553 1373 678 1438 Petbna
693 1373 880 1438 birtolculcut
906 1371 1039 1436 etadcctk
1056 1369 1199 1436 Bencdels
1230 1366 1405 1435 comesnek.

787 1479 885 1544 1282.

377 1674 558 1760 capitulum
591 1671 735 1740 Ecclesio
767 1670 859 1738 Beati
891 1671 979 1736 Petri
1014 1670 1054 1735 de
1087 1669 1217 1756 Posaga
1249 1670 1403 1738 omnibus

269 1781 387 1849 christi
402 1781 552 1847 fidelibus
584 1780 788 1866 presencium
821 1777 975 1846 noticiam
1009 1775 1172 1842 habituris
1205 1779 1347 1844 salutem
1365 1779 1402 1845 in

269 1889 408 1956 Domino
439 1885 679 1970 sempiternam.
698 1884 750 1950 Ad
767 1885 987 1952 uniuersorum
1015 1883 1170 1950 noticiam
1186 1891 1253 1950 tam
1272 1903 1407 1968 presen-

139 2079 143 2082 ,
270 1997 353 2062 oium
370 2013 466 2079 quom
485 1992 664 2059 futurorum
681 1991 795 2058 harum
813 1991 897 2058 serie
917 1993 1065 2058 volumus
1096 1993 1282 2077 peruenire,
1315 1994 1405 2077 quod

271 2101 429 2186 Magistro
460 2099 594 2183 Mathya
626 2098 695 2165 filio
727 2097 869 2166 Rolandi
901 2097 985 2164 Beni
1002 2117 1060 2182 pro
1087 2119 1122 2164 se
1138 2105 1171 2166 et
1186 2099 1405 2183 proRatoldo

270 2209 371 2276 fratre
388 2227 447 2275 suo
463 2207 588 2272 vterino
604 2207 646 2272 ab
658 2224 721 2272 vna
738 2213 830 2290 perte
844 2227 852 2284 ;
875 2205 998 2270 Comite
1014 2203 1191 2272 Benedicto
1208 2204 1275 2270 lrlio
1294 2205 1406 2273 Comi-

268 2317 311 2382 tis
326 2315 479 2381 Inanebe
509 2315 551 2378 ab
568 2313 674 2380 altera
706 2331 813 2378 coram
847 2313 939 2378 nobis
967 2312 1185 2394 personaliter
1201 2313 1400 2397 constitutis,

270 2422 356 2490 idern
374 2420 528 2504 Magister
544 2420 695 2505 Matbyus
707 2419 874 2486 consessus
886 2427 934 2485 est
945 2419 1079 2485 oraculo
1096 2418 1169 2485 vine
1185 2419 1274 2485 vocis
1291 2445 1299 2484 :
1316 2423 1406 2504 quod

270 2529 347 2595 licet
363 2527 466 2614 primo
478 2525 744 2612 etprincipaliter
763 2525 921 2610 quasdam
932 2525 1153 2611 possessiones
1164 2545 1241 2592 snus
1251 2524 1405 2612 Golgous

271 2642 304 2702 et
318 2634 447 2704 Pethne
471 2641 605 2702 vocatas
621 2634 655 2700 in
687 2632 849 2699 Comitetn
867 2633 909 2700 de
940 2633 1071 2717 Posaga
1102 2631 1288 2728 existentes,
1320 2655 1405 2718 quas

243 2735 248 2746 ’
272 2724 376 2826 primo
408 2741 584 2811 secundum
601 2740 685 2826 quod
703 2741 736 2806 in
754 2739 912 2824 prioribus
939 2739 1060 2806 litteris
1077 2739 1197 2806 nostris
1214 2743 1405 2825 patentibus

272 2849 484 2937 inoperimus,
515 2847 663 2934 predicto
694 2843 812 2913 Comiti
841 2843 1018 2912 Benedicto
1058 2843 1145 2911 idem
1183 2845 1340 2934 Mathyas
1373 2858 1406 2917 et

272 2955 429 3023 Retoldus
444 2957 658 3042 personaliter
674 2961 899 3040 comparentes
915 2973 974 3039 pro
990 2960 1117 3020 centum
1137 2960 1169 3021 et
1179 2951 1405 3038 quadraginta

273 3063 416 3148 quinque
433 3061 553 3128 marcis
570 3060 834 3147 inpignorasseut
851 3057 909 3126 tali
934 3059 1041 3145 modo,
1073 3055 1205 3142 quodsi
1235 3059 1270 3126 in
1302 3060 1407 3130 dicet

273 3171 409 3235 termino
425 3167 593 3252 assignato
614 3187 672 3252 pro
688 3165 812 3234 eisdem
831 3172 959 3233 eentum
975 3165 1197 3250 qnadraginta
1211 3172 1245 3231 et
1259 3168 1406 3254 quinque

274 3275 392 3342 marcis
407 3275 567 3341 redimere
582 3293 647 3340 non
663 3279 814 3340 curarent
830 3272 883 3340 rel
899 3291 965 3340 non
985 3279 1127 3360 possent,
1147 3281 1266 3340 extunc
1283 3273 1406 3362 dupplo

275 3381 450 3448 earundem
468 3379 826 3464 centumquadraginta
841 3379 1406 3464 quinquemarcorumsubiscerent3

274 3489 406 3557 tandem
422 3491 493 3575 ipso
510 3489 564 3557 die
575 3486 811 3574 redempcionis
828 3486 1025 3553 adueniente
1044 3485 1210 3571 predictas
1225 3487 1406 3573 possessio·

274 3615 333 3662 nes
365 3596 494 3682 Golgos
524 3603 557 3662 et
572 3596 697 3664 Petbne
726 3594 814 3663 idem
839 3593 997 3680 Magister
1016 3593 1170 3677 Methyas
1188 3601 1220 3661 et
1235 3594 1406 3682 Ratoldus,

274 3711 310 3770 vt
319 3712 571 3789 assumpserant,
588 3704 747 3770 redimere
757 3703 984 3786 muniuerunt,
995 3699 1055 3768 sed
1065 3701 1230 3787 predictus
1246 3701 1407 3788 Magister

274 3809 435 3896 Methym,
465 3816 502 3877 rt
519 3809 717 3895 prediximus
747 3809 846 3896 paulo
866 3816 955 3896 ante,
982 3826 1092 3893 prose
1109 3813 1214 3896 etpro
1232 3808 1333 3877 fratre
1347 3831 1408 3880 suo

275 3915 486 4005 personaliter
502 3917 731 4004 comparendo,
748 3917 910 3984 communi
927 3935 1088 3984 consensu
1103 3922 1136 3981 et
1147 3917 1219 4001 puri
1234 3915 1407 3988 voluntate

274 4023 436 4109 predictas
467 4023 690 4109 possessiones
724 4024 855 4107 Galgoa
887 4029 918 4090 et
949 4021 1086 4107 Pethna,
1118 4041 1191 4089 oum
1224 4024 1306 4090 turri
1338 4026 1408 4094 sine

276 4138 393 4215 oestro,
409 4135 441 4198 et
457 4149 528 4196 cum
546 4132 694 4198 omnibus
726 4129 922 4198 utilitatibus
953 4128 1022 4196 suis
1055 4139 1087 4195 et
1118 4128 1331 4216 pertinencijs
1364 4153 1403 4200 ac

275 4237 541 4322 circumstancijs,
567 4237 661 4305 metis
677 4246 710 4304 et
725 4237 874 4304 terminis
891 4234 1115 4320 infrascriptis
1132 4235 1356 4306 circumdatas
1375 4247 1406 4306 et

276 4347 426 4432 vallatas,
454 4364 512 4430 pro
544 4346 784 4430 quatringentis
815 4345 931 4412 marcis
964 4345 998 4412 in
1030 4351 1164 4429 argento
1197 4352 1231 4412 et
1262 4343 1407 4430 denarijs

276 4456 373 4540 pleno
404 4471 511 4520 eorem
528 4453 621 4520 nobis
637 4455 778 4540 receptis
795 4451 942 4538 predicto
959 4451 1077 4519 comiti
1096 4450 1286 4535 Benedicto,
1301 4461 1336 4520 et
1352 4473 1407 4540 per

275 4578 349 4627 eum
364 4558 432 4627 suis
447 4555 618 4628 heredibus
634 4559 850 4646 heredumque
870 4580 1000 4628 suorum
1020 4557 1262 4628 successoribus
1279 4579 1322 4627 ex
1338 4579 1408 4649 per·

276 4663 431 4732 missione
461 4669 493 4730 et
523 4665 691 4734 voluntate
720 4665 859 4753 predicti
898 4667 1011 4734 fratris
1042 4664 1105 4748 sui,
1137 4664 1290 4734 sicutne
1321 4665 1407 4734 idem
