3124 5152
341 1189 729 1274 immaculatissimae
749 1182 867 1274 Talclcp
885 1186 1147 1274 Somopymepyei
1173 1189 1333 1275 balpsdprc
1364 1199 1479 1253 sorsat.
1560 1245 1561 1248 ,

342 1301 423 1366 laced
448 1297 634 1382 adomduya
660 1320 682 1360 a
707 1295 900 1382 uydlazipctc'
931 1296 1157 1382 apdczczdrda
1184 1301 1346 1364 udmdru.
1372 1297 1480 1361 1280.

450 1493 625 1562 Ladiulaus
641 1490 703 1558 Dei
719 1491 831 1575 gracia
846 1489 1024 1578 Huugarie,
1045 1491 1225 1580 Dalmaoie,
1247 1491 1395 1578 Oroacie,
1413 1493 1481 1560 Ra-
1560 1525 1561 1528 ¹

342 1623 404 1688 me,
420 1601 545 1688 Seruio,
565 1597 715 1683 Gallicis,
741 1597 944 1684 Lodomerio‚
977 1595 1133 1665 Gumauie
1166 1599 1388 1685 Bulgsrieque
1404 1601 1480 1667 Rex

345 1709 495 1776 omnibus
513 1707 628 1774 Christi
655 1704 807 1772 fidelibus
833 1706 1037 1792 presentibus
1054 1710 1176 1792 pariter
1200 1712 1233 1772 et
1257 1706 1374 1773 futuris
1406 1728 1481 1794 prc-

343 1824 452 1884 seutes
468 1815 593 1882 litteras
609 1813 802 1899 inspecturis
818 1813 958 1880 salutem
978 1815 1013 1880 iu
1042 1814 1183 1880 omnium
1217 1814 1395 1882 saluatorc.
1437 1815 1482 1880 Vt

343 1922 540 1992 collaciones
557 1919 741 2004 Principum
759 1919 912 1985 firmitate
937 1927 1097 2006 perpetua
1126 1919 1317 2006 solidentur,
1350 1921 1470 1989 littera

344 2051 414 2098 rum
431 2031 538 2098 solent
555 2027 730 2095 munimine
745 2027 901 2096 roborari.
918 2029 1148 2095 inconcussum
1164 2026 1283 2113 quippe
1293 2039 1483 2114 permanet·
1511 2114 1518 2124 Ι
1560 2073 1561 2104 r

345 2137 429 2221 quod
445 2135 549 2222 Regio
564 2134 663 2202 luerit
680 2133 864 2219 patrocinio
880 2135 1119 2204 communitum.
1153 2134 1294 2202 Proinde
1327 2136 1371 2202 ad
1403 2139 1480 2204 uui·
1560 2173 1561 2176 π

346 2263 513 2311 uersomm
539 2243 691 2309 noticiam
723 2239 837 2309 harum
869 2244 955 2310 serie
984 2243 1134 2311 uolumus
1164 2244 1359 2330 peruenire;
1387 2245 1484 2327 quod
1560 2267 1561 2270 ¹

346 2350 477 2417 domina
492 2347 671 2436 Elysabeth
688 2369 778 2416 soror
793 2357 907 2418 nostra
922 2349 1098 2418 karissima
1113 2351 1146 2416 in
1164 2349 1357 2417 Mouastcrio
1389 2349 1482 2418 Bea-
1560 2385 1561 2398 κ

345 2460 469 2527 tissime
493 2456 637 2543 Virginis
665 2453 813 2525 Gloriosa
843 2457 883 2526 de
915 2458 1026 2525 lusula
1054 2457 1125 2524 Deo
1155 2458 1274 2542 iugiter
1308 2459 1484 2526 famulans
1560 2501 1561 2508 κ

345 2563 502 2653 quosdam
518 2565 713 2632 uduornicos
729 2571 867 2647 nostros,
884 2563 1095 2632 (lbomoteum
1111 2563 1263 2631 uidelicet
1278 2583 1351 2632 oum
1369 2565 1485 2632 tribus
1560 2605 1561 2608 =

345 2675 423 2761 lilijs
439 2675 515 2758 suis,
533 2675 664 2742 Petrum
675 2663 752 2743 'cum
769 2676 894 2743 duobus
909 2674 1067 2742 fratribus
1083 2673 1163 2760 suis,
1196 2680 1229 2741 et
1245 2673 1371 2740 Ruhtus
1399 2695 1483 2743 cum
1560 2759 1561 2768 ἵ

345 2781 499 2852 iratribus
514 2781 581 2850 suls
596 2781 638 2850 do
652 2781 735 2852 uilla
749 2781 881 2870 Telulry
897 2783 931 2850 in
949 2783 1112 2849 Comitatu
1122 2781 1322 2868 Symigieusi
1332 2782 1485 2850 existen·
1560 2771 1561 2856 J

349 2900 409 2976 tes,
424 2889 522 2958 simul
538 2907 611 2956 cum
629 2890 725 2956 terris
742 2909 851 2956 eorum
868 2889 988 2976 petiuit
1002 2909 1024 2956 a
1039 2889 1133 2956 uobis
1148 2887 1210 2954 sibi
1235 2886 1316 2954 dari.
1354 2888 1487 2957 Verum
1560 2919 1561 2936 2

346 2996 424 3080 quia
440 2996 481 3062 de
496 2994 578 3080 ipsis
593 2995 782 3063 uduornicis
798 2995 918 3064 uostris
934 3004 967 3065 ct
982 2995 1078 3063 terris
1095 2994 1270 3062 eorundem
1286 2994 1486 3064 uobisueri-
1560 2991 1561 3022 ³

345 3113 397 3172 tas
412 3104 456 3170 ad
472 3102 604 3189 plenum
620 3123 685 3170 nou
702 3105 882 3188 constabat,
901 3104 1053 3172 fidelibus
1068 3103 1189 3171 uostris
1205 3103 1323 3170 Abbati
1340 3110 1375 3169 et
1391 3102 1486 3172 (lou-

346 3211 458 3280 uentui
475 3209 674 3296 Symigicusi
690 3209 837 3279 dedimus
854 3213 888 3279 iu
905 3213 1081 3300 mandatis,
1094 3219 1130 3279 ut
1144 3210 1307 3280 hominem
1328 3211 1487 3297 ipsorum
1560 3283 1561 3296 ,

345 3319 506 3406 ydoneum
524 3321 690 3386 mitterent
704 3340 762 3406 pro
779 3321 975 3407 testimonio,
1008 3339 1118 3388 coram
1135 3340 1199 3404 quo
1216 3319 1371 3388 Nicotaus
1389 3321 1489 3390 filius

347 3426 431 3493 Vros
448 3427 542 3493 bomo
558 3426 772 3514 nosteripsos
803 3427 1014 3496 Obomoteum
1046 3448 1120 3496 cum
1151 3427 1256 3496 tribus
1286 3425 1363 3510 lilijs
1396 3430 1491 3518 suis,

346 3533 477 3600 Petrum
495 3553 565 3600 oum
583 3531 708 3600 duobus
725 3533 973 3620 fratribussuis,
1005 3543 1038 3602 et
1064 3535 1188 3602 Buhtus
1220 3553 1292 3600 cum
1318 3533 1493 3604 trabibus
1560 3561 1561 3564 ¹

346 3641 426 3728 suis,
443 3637 637 3709 vduomicos
653 3649 782 3708 nostros
798 3642 969 3728 predictos,
987 3642 1082 3711 simul
1099 3663 1170 3710 cum
1189 3640 1283 3709 terris
1300 3642 1382 3726 suis,
1412 3651 1494 3714 sta·
1560 3661 1561 3668 ’

346 3753 452 3814 tuerat
468 3747 552 3813 dicte
570 3747 699 3815 domiue
715 3747 896 3835 Elysabctb
913 3752 1014 3818 sorori
1032 3758 1142 3818 nostre
1157 3748 1333 3816 karissime
1348 3748 1393 3816 ad
1409 3771 1495 3820 ser-

347 3857 436 3923 uicia
450 3875 560 3924 corum
578 3864 741 3944 consucta,
772 3877 834 3944 que
850 3859 944 3927 nobis
961 3860 1140 3946 inpendere
1165 3867 1404 3928 consueuerant
1440 3864 1494 3929 ab
1560 3897 1561 3904 κ

345 3964 489 4048 antiquo,
506 3963 534 4029 si
551 3983 615 4030 nou
630 3961 720 4032 ficret
735 3965 990 4049 contradictum
1014 3968 1270 4034 conuadictores
1302 3973 1417 4034 autem
1461 3971 1496 4038 si
1560 4009 1561 4014 κ

346 4073 400 4157 qui
418 4071 540 4157 fierent,
557 4070 600 4138 sd
616 4078 757 4140 nostram
773 4074 912 4142 citarent
927 4075 1129 4160 presenciam
1145 4074 1189 4142 ad
1205 4074 1376 4142 terminum
1387 4093 1494 4143 com-

346 4185 518 4263 petentem.
542 4179 603 4257 Qui
620 4180 750 4264 quidem
767 4181 954 4250 Gouueutus
970 4183 1062 4250 nobis
1079 4183 1284 4270 postmodum
1301 4181 1498 4266 rescriptae·
1560 4263 1561 4274 χ

228 4303 232 4308 ’
345 4291 419 4350 ruunt
436 4284 546 4352 iubeo
561 4284 680 4356 uerba:

451 4392 736 4462 Excellentissimo
751 4394 786 4460 in
801 4391 930 4466 domino
945 4419 1006 4466 suo
1023 4397 1182 4466 Ladiulao
1192 4397 1255 4464 Dei
1268 4393 1381 4482 gracia
1390 4395 1501 4489 Regi

344 4499 513 4581 Huugaric
529 4501 591 4566 stb.
610 4499 859 4586 (kbvetkeaika
888 4507 1096 4595 somogyvdri
1128 4505 1341 4574 konveutuels
1366 4506 1501 4589 jelen.

346 4608 423 4690 tere,
440 4605 520 4672 mint
536 4607 635 4672 alsbb
652 4611 727 4678 265.
744 4629 787 4675 su.
803 4607 852 4698 a.)
1560 4611 1561 4638 ;
