3124 5152
629 314 789 420 Q

141 521 262 600 rentur,
294 513 439 599 ipsorum
472 514 631 581 libertatis
658 535 677 579 a
711 515 967 599 progenitoribus
998 516 1116 584 nostris
1149 513 1270 584 eisdem

143 642 297 690 ooneesse
328 623 361 688 in
392 622 603 708 preludieinm
636 631 667 688 et
698 643 895 712 grauamen;
929 631 1075 712 petentes
1109 644 1167 692 uos
1198 646 1269 692 eum
1310 633 1314 640 '

141 733 313 818 instancia,
329 739 364 798 vt
379 730 509 799 eosdem
525 732 568 797 ab
585 730 768 798 huiusmodi
784 751 881 800 onere
897 732 938 801 de
948 735 1150 819 benignitate
1167 733 1269 818 Regia

137 840 284 906 altenare
299 839 517 924 dignaremur.
535 841 603 908 llos
619 839 730 924 itaque
746 839 952 908 attendentes
963 839 995 908 et
1013 840 1267 926 considerantes,

140 945 320 1032 peticiones
337 946 512 1014 eorundem
528 947 597 1015 lore
613 947 792 1032 legittimae
810 955 843 1015 et
860 948 1049 1036 condignas,
1070 969 1125 1016 eos
1141 949 1183 1015 ab
1214 946 1272 1015 hu·

141 1053 525 1146 immodivexaeionibns
544 1055 696 1123 duximus
715 1055 924 1138 eximendos3
942 1057 989 1128 ita
1003 1055 1169 1140 videlieet,
1186 1057 1272 1142 quod

141 1179 253 1230 ornnes
269 1163 381 1246 populi
406 1162 447 1228 de
477 1162 595 1248 Lipton
625 1169 698 1246 post
729 1162 812 1229 lilios
840 1162 1055 1247 jobagionnm
1075 1171 1273 1250 nostrorum,

140 1269 195 1352 qui
225 1268 299 1354 pari
314 1269 517 1353 gratulanter
548 1269 708 1356 libertate,
742 1289 808 1334 uua
839 1289 879 1336 ea
896 1269 1060 1354 gaudeant
1075 1276 1107 1336 et
1122 1269 1268 1338 fruantur

141 1377 302 1462 libertate,
319 1377 353 1443 in
369 1397 434 1460 qua
451 1377 661 1444 eommuniter
676 1377 790 1462 populi
807 1376 848 1444 de
864 1376 978 1444 eadem
999 1397 1058 1462 per
1089 1377 1269 1446 iustitueio-

141 1505 214 1551 nem
230 1483 429 1570 prelatorum
460 1484 722 1571 predecessorum
742 1491 923 1552 nostrorum
944 1482 1071 1551 fuerant
1087 1485 1269 1566 eomtttuti;

143 1612 204 1658 nee
220 1591 325 1658 eciam
341 1589 439 1676 ijdem
455 1591 569 1677 populi
585 1590 628 1657 ad
644 1591 870 1676 operationem
886 1611 944 1658 sen
961 1589 1144 1659 custodiam
1165 1592 1271 1660 (tastri

142 1698 183 1765 de
198 1697 319 1782 Liptou
333 1697 428 1763 inuiti
444 1698 690 1782 compellantur,
707 1718 767 1764 neo
783 1697 887 1782 aliqui
903 1697 1035 1783 eripuis
1051 1719 1112 1783 per
1127 1720 1163 1767 se
1179 1718 1272 1785 sepa-

140 1806 256 1888 rando,
272 1805 337 1872 nisi
352 1807 563 1872 eommuniter
578 1807 707 1874 soluere
728 1813 917 1890 teneantur,
943 1825 1006 1873 nee
1027 1805 1130 1882 eeiam
1156 1805 1272 1872 Comes

141 1915 184 1981 de
200 1913 315 1981 Zolunr
325 1933 383 1998 pro
400 1919 543 2001 tempore
559 1914 752 1982 constitutus
768 1913 815 1980 eis
835 1914 997 1982 Ourialem
1019 1912 1176 1982 (tomitem
1192 1913 1272 1980 dare

141 2023 250 2107 possit
264 2021 455 2108 separalim,
472 2023 530 2090 sed
552 2039 784 2106 quemeumque
810 2021 933 2089 eisdem
949 2022 982 2088 in
1015 2021 1170 2090 Comitem
1201 2041 1272 2106 pre·

140 2130 238 2196 tieere
269 2129 418 2212 uoluerit,
443 2129 565 2197 eisdem
580 2129 792 2198 communiter
808 2129 926 2198 debeat
942 2129 1105 2198 hominem
1122 2129 1270 2212 assigna·
1347 2113 1349 2118 ’

142 2257 196 2317 ra;
220 2235 463 2322 etquicunque
494 2237 539 2304 ad
555 2237 799 2304 custodiendum
821 2237 969 2304 Castrum
986 2237 1026 2304 de
1057 2236 1174 2323 Liptou
1206 2235 1272 2303 lne-
1372 2232 1375 2238 ’

142 2345 187 2410 rit
203 2343 389 2430 deputatus,
407 2344 511 2412 eeiam
528 2366 587 2432 pro
604 2343 727 2413 curiali
754 2344 877 2412 Comite
902 2344 1078 2413 eorundem
1104 2345 1271 2412 ordinatus

142 2451 315 2535 habeatur,
333 2453 390 2536 qui
406 2472 526 2521 musas
541 2453 660 2530 deiude
677 2451 807 2520 deeidat
821 2452 873 2520 vel
891 2453 1045 2521 decernat
1064 2453 1148 2520 inter
1172 2453 1270 2537 ipsos.

140 2559 258 2627 Nullus
289 2559 405 2628 Oomes
437 2562 488 2627 vel
505 2560 646 2630 Cerialis
671 2561 787 2628 Comes
803 2560 844 2628 de
863 2560 981 2646 Liptou
999 2560 1141 2644 aliquem
1159 2579 1199 2628 ex
1215 2561 1273 2627 eis·

143 2667 221 2734 dem
237 2665 280 2732 ad
296 2686 378 2752 opus
402 2667 479 2735 dieti
511 2665 618 2736 (taetri
650 2667 846 2754 compellere
877 2669 983 2754 possit
1013 2669 1101 2735 ultra
1131 2669 1272 2752 ipsorum

143 2774 366 2858 voluntatem
392 2773 450 2841 sed
480 2775 509 2843 si
524 2774 648 2846 eisdem
666 2775 835 2861 placuerit,
859 2777 1001 2862 receptis
1017 2774 1182 2843 fenoribus
1198 2795 1272 2859 ope·

141 2887 257 2948 rentur
274 2881 306 2946 in
324 2882 438 2949 Castro
454 2890 638 2952 memorato.
653 2885 694 2950 In
711 2885 801 2950 onius
813 2883 860 2948 rei
876 2883 1062 2950 memoriam
1078 2879 1273 2947 firmitatem-

142 3008 210 3071 que
241 2997 430 3074 parpetnam
459 2996 630 3075 presentes
663 2989 878 3057 eoncessimus
911 2991 1036 3058 litteras
1056 2986 1158 3073 sigilli
1174 2989 1274 3054 nostri

144 3095 288 3180 duplicis
303 3097 483 3163 munimine
499 3097 678 3165 roboratas.
696 3099 816 3164 Datum
832 3116 890 3182 per
908 3115 1022 3163 manua
1048 3093 1180 3162 disereti
1213 3093 1274 3158 viri

142 3203 276 3269 Nieolai
304 3204 390 3270 Aule
421 3209 530 3273 nostre
561 3202 836 3289 VieeOaneellarij
870 3202 979 3271 dileeti
1006 3194 1159 3272 et'lidelis
1175 3202 1273 3267 nostri

143 3331 234 3378 anuo
250 3310 380 3378 Domini
397 3313 567 3380 millesimo
586 3311 767 3378 OO⁰LXX⁰
783 3331 877 3398 nono,
898 3312 1002 3395 Regni
1034 3319 1142 3378 autem
1174 3309 1274 3376 nostri

141 3439 234 3486 anno
251 3420 396 3506 septimo.
774 3435 777 3442 ’

258 3617 418 3685 (aajcsenyr
432 3601 525 3670 Adam
540 3619 747 3686 hatrahagyott
760 3619 879 3670 letzirati
898 3617 1165 3684 gydjtemdnydbdl.)

258 4743 360 4792 adanu.
376 4751 459 4791 nure.
474 4751 544 4792 mar.
561 4761 602 4776 -·-
620 4753 691 4792 oren.
706 4749 772 4789 mr.
