3124 5152
816 255 975 354 Q-

331 449 477 518 Gratono
496 449 659 534 Daudulo,
691 451 844 519 Gabriele
860 455 988 520 Delfino
1017 461 1047 532 et
1079 453 1228 523 Johanne
1261 455 1459 541 Superanoio

328 561 439 626 Sancti
460 559 589 645 Angeli.
617 561 752 627 Nobiles
768 562 829 626 viri
848 561 969 628 domini
986 563 1115 646 Pasque
1147 561 1188 628 de
1220 564 1396 631 Varicasso
1429 571 1460 630 et

328 667 508 734 Domaldns
526 667 565 732 de
584 667 751 753 Zodulino,
769 669 857 736 cives
872 669 983 754 Jadre,
999 672 1120 757 nuncii,
1138 678 1375 757 procuratores,
1392 674 1455 738 sin·
1549 737 1550 744 ,

330 776 394 842 dici
412 782 444 840 et
460 781 584 842 actores
601 776 725 860 egregii
740 778 800 842 viri
818 777 938 845 domini
957 780 1052 846 Pauli
1068 781 1289 848 Breberiensis
1317 781 1400 846 Bani
1428 785 1458 844 et

330 885 398 951 cius
414 882 549 949 fratrum
566 882 697 952 Comitis
716 883 847 970 Georgii
864 893 897 954 et
912 888 1045 955 Comitis
1061 889 1207 974 lllladini,
1225 889 1269 955 ad
1286 887 1459 956 infrascri-
1549 949 1550 976 ,

329 1002 388 1078 pta
405 993 581 1078 constituti,
598 996 680 1060 siout
695 1003 832 1079 apparet
847 1016 905 1081 per
923 997 1170 1064 instrumentum
1186 997 1354 1082 publicum
1380 996 1456 1062 iude

331 1103 485 1187 scriptum
502 1109 534 1167 et
549 1104 733 1168 roboratum
751 1125 807 1188 per
824 1125 955 1170 manum
973 1106 1105 1172 Henrioi
1122 1105 1286 1193 Imperiali
1317 1105 1455 1173 auctori·

334 1210 779 1281 tateNotariietJadrensis
811 1214 915 1282 Jurati
947 1235 1031 1282 anno
1062 1214 1307 1282 lucarnaoionis
1338 1213 1457 1281 (lhristi
1549 1243 1550 1250 κ

332 1321 503 1389 millesimo
539 1320 756 1390 ducentesimo
789 1323 1020 1409 octuagesimo,
1053 1323 1231 1388 indictione
1262 1323 1374 1405 tercia,
1406 1321 1459 1388 die
1549 1409 1550 1416 ἵ

330 1435 421 1498 sexto
439 1431 577 1495 intrante
593 1429 714 1497 mensis
729 1430 851 1512 Marcii,
868 1429 1100 1513 procuratorio,
1124 1429 1301 1496 uindicario
1317 1436 1349 1495 et
1365 1436 1453 1495 acto·
1549 1459 1550 1488 r

331 1544 379 1606 rio
396 1543 525 1608 nomine
543 1558 600 1626 pro
616 1538 770 1624 predictis
787 1538 927 1606 dominis
954 1540 1055 1605 Paulo
1087 1539 1179 1605 Bano
1213 1546 1244 1604 et
1276 1535 1457 1604 Comitibus
1549 1557 1550 1624 j

330 1649 472 1732 Georgio
490 1654 521 1714 et
536 1646 678 1714 llladiuo
693 1647 857 1732 fratribus,
890 1647 1101 1731 solempniter
1127 1648 1280 1732 inierunt,
1313 1645 1459 1711 lecerunt

333 1765 366 1824 et
381 1757 588 1825 firmaverunt
604 1775 735 1841 moram,
760 1776 875 1840 purum
894 1762 926 1821 et
943 1757 1066 1822 firmam
1094 1761 1266 1837 treuguam
1285 1773 1388 1836 usque
1414 1753 1457 1818 ad

329 1873 395 1933 tres
414 1865 703 1933 annosoontinnos
728 1869 759 1929 et
791 1865 968 1948 completos
1000 1881 1071 1928 curn
1104 1862 1248 1948 predicto
1280 1861 1456 1946 Magnifice
1549 1865 1550 1952 ᾗ

327 1977 462 2042 domino·
473 1975 568 2040 Petro
586 1970 768 2038 Gradenico
794 1969 856 2038 Dei
882 1973 995 2054 gracia
1027 1970 1247 2052 veneciarum,
1280 1969 1457 2037 Dalmacie

326 2081 752 2166 atqueChroacieDueeet
784 2079 922 2146 Domino
955 2078 1076 2156 erarte
1108 2079 1214 2145 Partis
1247 2084 1279 2144 et
1311 2076 1457 2144 Dimidie
1549 2065 1550 2152 J

325 2193 427 2256 tocius
443 2187 575 2273 Imperii
592 2189 761 2274 Romanis,
777 2187 945 2272 recipienti
964 2193 996 2253 et
1011 2188 1179 2272 stipulanti
1196 2209 1253 2274 pro
1272 2207 1307 2252 se
1318 2184 1455 2252 etCom-
1549 2221 1550 2270 3

326 2298 414 2364 muni
432 2303 464 2362 ct
480 2295 662 2361 bominians
679 2295 902 2383 Veueoiarum,
914 2293 1124 2380 habitoribus,
1137 2295 1291 2361 subiectis
1304 2301 1336 2359 et
1347 2293 1455 2360 distri

326 2405 488 2472 ctualibus
505 2404 582 2470 suis.
607 2402 836 2470 Promittentes
853 2402 990 2487 nomine,
1010 2423 1073 2485 quo
1091 2401 1288 2487 dictumest,
1307 2402 1456 2487 supradi-
1549 2417 1550 2454 2

326 2523 377 2581 cto
393 2512 521 2580 domino
538 2511 622 2578 Duci
638 2512 804 2595 recipienti
820 2532 878 2595 pro
895 2531 939 2594 sc,
956 2529 1013 2596 pro
1031 2511 1195 2576 Communi
1213 2515 1245 2576 et
1268 2509 1455 2576 hominibus

327 2621 551 2706 Vereciarum,
584 2621 669 2704 quod
686 2621 823 2705 predicti
840 2621 954 2686 iratres
971 2620 1023 2686 vel
1040 2620 1161 2701 aliquis
1194 2638 1302 2686 eorum
1330 2638 1388 2702 per
1419 2638 1454 2683 se
1549 2627 1550 2636 ’

325 2752 385 2799 seu
402 2751 458 2817 per
475 2729 772 2812 hominesAlmisii,
797 2750 854 2795 seu
886 2751 943 2814 per
975 2729 1056 2794 ullos
1087 2749 1196 2797 eorum
1226 2726 1280 2794 vel
1310 2726 1453 2792 alicuius

326 2860 433 2906 eorum
452 2839 596 2906 homines
614 2837 769 2924 subditos,
786 2858 843 2902 seu
860 2858 917 2922 per
935 2837 1090 2920 homines,
1124 2836 1178 2918 qui
1196 2854 1230 2900 se
1247 2839 1453 2918 receptarunt

324 2948 358 3012 in
380 2948 540 3014 Banatnm
560 2947 610 3012 rel
640 2943 851 3012 Comitatibus
862 2945 1077 3030 predictorum
1088 2944 1290 3010 dominorum
1302 2942 1452 3029 fratrum,
1549 2979 1550 3014 ,

325 3057 433 3122 souin
450 3053 526 3120 aliis
545 3074 653 3121 eorum
671 3055 774 3141 torris,
809 3052 859 3120 vel
876 3054 934 3121 sub
952 3075 1060 3120 eornm
1086 3053 1139 3118 rel
1171 3052 1308 3118 alicuius
1341 3071 1452 3118 eorum
1549 3083 1550 3128 3

324 3163 477 3247 dominio,
494 3185 557 3228 non
574 3161 746 3245 offendent,
763 3181 822 3227 neo
838 3143 957 3227 offendi
976 3160 1107 3241 facient,
1119 3181 1179 3228 nec
1190 3158 1308 3228 offendi
1319 3161 1452 3245 permit·
1549 3171 1550 3212 3

323 3278 391 3337 tent
405 3273 439 3337 in
456 3271 603 3356 personis
621 3271 671 3338 vel
687 3272 782 3337 rebus
798 3271 918 3338 dictum
936 3270 1099 3336 dominum
1116 3269 1252 3352 Ducem,
1269 3267 1451 3358 Commune

322 3385 353 3446 ct
370 3379 516 3445 homines
532 3377 756 3464 Veneciarum,
775 3398 835 3443 nee
851 3377 1062 3463 habitatores,
1081 3376 1203 3463 fideles,
1228 3376 1452 3472 districtnales
1549 3389 1550 3392 ’

320 3485 539 3553 seusubditos
570 3484 649 3553 dicti
682 3487 801 3552 domini
834 3486 944 3573 Ducis,
970 3507 1029 3553 nec
1061 3487 1205 3570 aliquam
1238 3494 1355 3550 terram
1391 3504 1451 3550 seu
1549 3511 1550 3520 ¹

321 3597 425 3662 locum
442 3594 616 3662 babentem
635 3600 789 3662 rectorem
806 3616 864 3681 pro
881 3595 965 3662 dieto
982 3595 1112 3664 domino
1131 3597 1231 3662 Duce.

318 3795 442 3860 (Irjulries
462 3795 643 3846 Monumenta
663 3795 821 3858 spectantia
840 3795 988 3846 historiam
1009 3795 1155 3846 Slavorum
1175 3793 1273 3844 Merid.
1306 3793 1328 3842 I.
1357 3795 1450 3844 klitet.

805 3890 862 3936 125.
891 3889 958 3950 lap.)
