3124 5152
639 1021 716 1089 ata.

104 1221 258 1286 Eraetbet
283 1220 587 1308 anyakirdtyatnak
602 1217 687 1288 Cbeb
702 1222 854 1306 betyotpet
878 1223 1035 1309 rarppazo
1059 1223 1239 1309 adomanpa

99 1323 388 1408 fdtdlaokarccterc
418 1328 534 1394 Bazad
564 1329 796 1414 aemcctetgbelt
827 1328 935 1396 ι10101
961 1335 1120 1396 aadmdru.
1142 1331 1238 1399 1280.

217 1523 385 1590 Elimbeth
401 1522 462 1590 Dei
478 1523 592 1608 gracia
606 1527 708 1591 maior
738 1523 867 1607 Regina
898 1523 1067 1609 Hungarie
1091 1524 1240 1594 omnibus

106 1630 231 1697 Christi
248 1629 396 1698 fidelibus
413 1639 479 1698 tam
496 1631 700 1715 presentibus
716 1652 813 1716 quam
845 1630 965 1698 tuturis
997 1653 1132 1718 presens
1163 1635 1240 1701 sori-

105 1744 199 1823 ptnm
229 1737 426 1824 inspecturis
456 1739 593 1805 salntem
626 1738 660 1804 in
691 1739 833 1806 omnium
865 1739 1039 1807 saluatore.
1072 1740 1240 1826 Reginalis

107 1845 362 1913 deliberacionis
377 1847 515 1933 prouida
531 1848 781 1931 circumspeccio
798 1853 830 1914 et
861 1849 1098 1935 circumspecta
1129 1849 1239 1932 benig-

107 1954 197 2020 nitas
228 1975 287 2022 nos
320 1961 481 2022 ammonet
513 1962 545 2022 et
575 1955 707 2042 inducit,
739 1961 774 2022 ut
791 1957 1008 2040 quorumlibet
1040 1955 1191 2023 fidelitati
1209 1965 1241 2022 et

106 2061 260 2147 seruicijs
275 2063 442 2128 commode
456 2061 550 2131 nobis
565 2061 721 2146 impensis
736 2062 879 2147 gratanti
903 2065 1011 2131 animo
1040 2083 1240 2151 occuramus,

108 2169 279 2254 condigna
303 2171 518 2238 retribucione
533 2170 657 2238 meritis
675 2170 849 2238 eorundem
867 2169 1095 2239 fauorabiliter
1110 2191 1242 2260 respen-

107 2276 226 2346 dentes
243 2303 250 2344 :
266 2277 344 2362 qnia
360 2278 436 2344 dum
452 2297 561 2345 eorum
579 2277 743 2346 laboribus
760 2286 792 2345 et
806 2278 955 2346 honestis
975 2279 1122 2364 seruioijs
1152 2279 1241 2348 fauo·

106 2407 179 2451 rem
210 2388 383 2472 prebemus
415 2393 446 2454 01
461 2405 641 2474 assensum,
674 2393 799 2455 ceteros
826 2388 868 2454 ad
888 2388 1047 2472 ampliora
1076 2386 1241 2456 fidelitatis
1275 2418 1283 2435 ¹

108 2513 213 2579 opera
230 2493 380 2580 exemplo
405 2494 504 2560 simili
536 2495 724 2577 inuitamus,
758 2505 790 2561 et
821 2494 861 2560 de
893 2497 1048 2582 promptis
1079 2481 1242 2564 reddimus

110 2602 344 2688 prompciores.
386 2601 527 2668 Proinde
567 2602 787 2670 vniuersitatis
829 2611 938 2671 nestro
976 2603 1096 2671 noticie
1130 2611 1241 2674 tenore

109 2709 315 2796 presencium
331 2709 401 2776 fieri
420 2710 566 2777 volumus
586 2710 812 2793 manifestum
837 2710 922 2794 quod
955 2729 1012 2778 nos
1037 2710 1240 2780 attendentes

108 2817 309 2904 multiplices
349 2816 523 2884 tidehtates
553 2826 586 2885 et
616 2818 823 2886 seruiciorum
855 2817 969 2884 merita
1000 2817 1104 2886 fidelis
1136 2821 1239 2887 nostri

108 2926 231 2993 nobilis
246 2926 309 2993 riri
324 2925 440 2994 Jacobi
463 2925 522 3010 filij
555 2927 677 2994 Ponich
703 2927 744 2994 de
774 2947 912 3011 gernere
942 2925 1064 3012 Buzad,
1095 2926 1242 3011 Magistri

110 3033 344 3120 Dapiterorum
376 3041 569 3122 nostrornm,
600 3055 661 3120 que
692 3035 823 3103 domino
848 3041 957 3102 nostro
977 3034 1060 3119 Regi
1077 3033 1242 3120 Stephano

110 3141 254 3208 consorti
285 3147 398 3209 nostro
429 3139 602 3210 karissimo
633 3142 743 3209 inclite
774 3140 1026 3226 recordacionis,
1050 3147 1082 3206 et
1112 3140 1242 3208 domino

110 3246 270 3316 Ladiclao
302 3249 384 3334 Regi
415 3249 482 3317 filio
513 3255 623 3318 nostro
653 3249 837 3336 kafissimo,
868 3269 908 3317 ac
938 3248 1042 3338 nobis,
1060 3268 1118 3334 pro
1139 3250 1240 3336 Regie

109 3357 347 3442 Reginalisque
372 3358 498 3424 Corone
512 3355 633 3426 honore
647 3358 682 3424 in
698 3357 835 3426 diuersis
852 3358 959 3440 Regni
975 3356 1241 3443 expedicioninus

110 3485 287 3548 personam
318 3485 413 3532 suam
445 3464 572 3533 fortune
601 3465 732 3533 casibus
767 3485 929 3552 exponere
959 3485 1023 3532 non
1054 3465 1242 3551 formidans,

109 3573 281 3660 varijsque
295 3574 331 3640 in
346 3573 595 3641 necessitatibus
626 3573 728 3659 ipsius
748 3573 871 3640 domini
901 3571 1047 3641 Ladinlai
1078 3573 1244 3642 karissimi

109 3681 173 3767 filij
205 3682 309 3749 nostri
341 3681 449 3749 adhuc
479 3681 512 3748 in
529 3687 615 3747 etate
646 3688 759 3750 tenera
782 3681 960 3765 existentis,
978 3687 1011 3746 et
1025 3682 1154 3768 nostris,
1170 3690 1245 3768 post

109 3791 237 3858 obitum
255 3789 379 3858 domini
396 3790 499 3857 nostri
524 3790 623 3874 Regis
654 3789 810 3874 Stephani
842 3809 901 3856 nos
932 3789 1120 3856 nullatenus
1151 3789 1245 3855 relin-

109 3898 252 3985 quendo,
285 3918 357 3965 cum
388 3918 516 3966 summa
546 3896 705 3964 fidelitate
720 3903 752 3963 et
767 3895 944 3963 deuotione
971 3894 1180 3962 laudabiliter
1196 3896 1244 3962 in·

110 4005 229 4091 pendit
244 4013 276 4073 et
307 4005 455 4074 exhibuit
485 4003 659 4090 indefesse,
676 4023 711 4072 se
741 4010 774 4072 et
805 4024 863 4072 sua
896 4003 995 4088 varijs
1026 4001 1241 4088 periculorum

110 4117 289 4200 generibus
322 4135 381 4201 pro
413 4115 485 4198 ipso
516 4113 646 4180 domino
677 4111 832 4180 Ladiclao
866 4113 955 4196 Rege
984 4109 1159 4178 karissimo
1177 4109 1243 4176 filio

112 4229 227 4292 nostro
243 4233 275 4292 et
291 4243 349 4310 pro
364 4223 458 4290 nobis
475 4241 636 4307 exponere
662 4242 725 4288 non
759 4221 919 4302 verendo;
945 4227 977 4286 et
1007 4218 1193 4304 specialiter
1210 4217 1242 4284 in

112 4331 274 4400 effusione
304 4332 356 4399 sui
371 4330 552 4416 sanguinis,
586 4349 683 4412 quum
701 4330 734 4395 in
750 4328 996 4415 expugnacione
1011 4334 1187 4394 castrorum
1203 4325 1244 4392 de

112 4439 246 4507 Nowak
262 4447 294 4510 et
310 4441 351 4508 de
367 4439 461 4508 Paka
477 4459 587 4507 eoram
602 4437 703 4505 oculis
721 4440 839 4506 Nostro
863 4435 1045 4518 Maiestatis
1078 4433 1245 4500 landabili-

111 4559 169 4618 ter
191 4549 368 4634 dimicarit,
399 4546 516 4615 letalia
548 4552 580 4612 et
599 4544 748 4611 mortalia
781 4563 841 4610 sua
871 4545 1008 4610 uulnera
1039 4537 1243 4608 subterendo.

110 4658 268 4727 Volentes
291 4661 394 4748 igitur
424 4659 528 4726 eidem
553 4654 587 4720 in
604 4652 932 4739 reconpensaeionem
948 4649 1155 4719 seruiciorum
1171 4667 1243 4718 suo·
