3170 5166
540 971 911 1136 adnuis.

696 1221 773 1293 bio.

166 1421 270 1489 Keled
284 1383 472 1492 szlaoooios'
485 1423 664 1491 ‹sl-drinnak
687 1425 883 1494 Mosoolsaoo
909 1429 992 1490 nevit
1008 1421 1118 1511 fdldet
1135 1423 1296 1517 tdrffyaed

374 1531 479 1598 ite'tete
494 1532 624 1602 Jarsoso
642 1535 674 1600 e'r
690 1527 867 1602 dacorum
882 1535 962 1604 boae.
987 1531 1090 1602 1234.

275 1727 379 1796 Keled
409 1727 614 1798 Uice-Banns
645 1735 679 1797 et
710 1730 825 1802 (tomos
856 1731 1088 1819 Zagrabieusis
1134 1733 1294 1804 vuiuersis

167 1833 212 1902 ad
227 1855 309 1921 quos
339 1853 475 1923 presens
504 1837 659 1924 seriptum
691 1839 876 1926 peruenerit
906 1840 1047 1910 salutem
1077 1839 1111 1908 in
1144 1841 1295 1914 Domino.

168 1943 306 2011 Nouerit
336 1944 477 2011 omniurn
509 1945 676 2035 disoreoio,
708 1948 794 2036 quod
825 1951 951 2019 Junosa
981 1957 1115 2036 aooepto
1135 1950 1295 2038 pristaldo

170 2051 372 2120 Graobonum
388 2074 485 2142 super
501 2056 644 2138 quadam
660 2063 748 2125 tarra
763 2056 893 2127 nomino
923 2058 1121 2127 Mosoobana
1151 2064 1294 2130 nostram
1371 2065 1373 2068 ’

168 2162 271 2228 traxit
301 2161 345 2229 ad
375 2167 591 2248 presenciam.
621 2163 772 2234 Partibus
803 2165 914 2251 itaquo
945 2187 1053 2235 coram
1069 2166 1162 2238 nobis
1178 2167 1294 2242 oousti·

167 2270 247 2338 tutis
264 2269 428 2357 predictus
444 2271 570 2341 Junosa
585 2275 763 2363 proposuit,
779 2273 863 2362 quod
880 2275 1068 2345 Graobonus
1083 2281 1294 2352 memoratam

141 2387 144 2394 '
168 2383 288 2472 terram
305 2378 339 2446 ui
355 2389 564 2468 usurpassem
588 2401 661 2450 eum
677 2389 786 2450 tamen
803 2382 866 2452 sibi
898 2382 1095 2452 hereditario
1125 2383 1196 2459 iure
1226 2402 1295 2470 perv

167 2486 279 2556 tinore.
311 2487 455 2574 (tumque
471 2507 568 2577 super
583 2489 799 2569 boopdilusrsis
816 2491 920 2570 modis
936 2493 1011 2562 bino
1027 2493 1101 2560 inde
1116 2497 1293 2590 trpototum

168 2595 295 2683 suisset,
312 2617 370 2664 nos
386 2617 458 2665 oum
485 2599 560 2686 alijs
591 2599 756 2668 nobilibus
787 2608 884 2688 terre,
909 2601 965 2686 qui
994 2600 1141 2691 aderant,
1172 2600 1297 2674 soilioet

169 2703 275 2790 Petro,
304 2698 457 2774 Jaronlao
488 2713 521 2775 et
552 2707 629 2794 aiijs
645 2707 766 2794 multis,
792 2709 1022 2794 probaoionom
1039 2709 1216 2784 indiximus
1232 2708 1296 2779 boo

168 2813 273 2900 modo,
290 2820 325 2881 ut
348 2815 419 2902 ipss
434 2815 591 2884 adhibitis
621 2835 730 2885 seeum
762 2819 907 2902 quinque
937 2817 1077 2886 testibus
1107 2815 1246 2901 idoneis,
1262 2821 1296 2883 st

169 2920 305 3009 prestito
334 2931 550 3013 sacramento,
574 2944 638 3010 que
667 2925 883 3012 impetebatur
912 2925 974 2994 sibi
1005 2923 1202 3002 iustitioerat.
1219 2925 1297 2992 'l'er-

167 3031 255 3098 mino
270 3033 382 3118 itaque
398 3033 441 3100 ad
456 3034 519 3102 boo
534 3034 690 3121 deputato
706 3033 812 3103 dietus
828 3033 1018 3103 (irsobonus
1051 3034 1174 3104 uiribus
1205 3033 1296 3100 testi·

168 3141 272 3227 monij
288 3141 589 3211 omninodeiioiaus
605 3141 828 3212 adiudiostsm
854 3143 917 3211 sibi
949 3142 1178 3230 probsoionsm
1209 3139 1296 3208 enbi-

167 3253 246 3320 bera
275 3269 340 3318 non
369 3251 485 3338 potuit.
517 3251 585 3319 Nos
601 3252 702 3337 igitur
717 3251 822 3339 ipsum
839 3252 1019 3320 oonuiotum
1035 3271 1108 3320 osso
1123 3250 1296 3320 droernen·

167 3367 219 3428 tos
229 3359 325 3426 iuxta
352 3359 432 3428 iuris
461 3359 673 3446 exigendam,
698 3359 899 3446 sepedictum
929 3367 1071 3428 autorem
1102 3357 1247 3428 misimus
1263 3356 1297 3424 iu

167 3468 408 3556 possessiouem
440 3473 534 3557 terre,
558 3489 655 3554 quarn
686 3468 930 3537 racionabiliter
959 3473 1140 3555 optauerat
1170 3464 1299 3542 Deinde

167 3574 363 3663 pristaldum
378 3583 524 3644 nostrum
540 3578 671 3646 nomina
687 3579 840 3647 Vidomer
857 3578 919 3646 sibi
951 3577 1110 3665 dedimus,
1141 3575 1197 3662 qai
1228 3594 1299 3662 pre·

124 3717 127 3722 ·
169 3684 316 3753 sentibus
347 3683 465 3752 uioinis
495 3685 600 3771 ipsam
631 3693 750 3754 terram
782 3685 879 3754 oortis
910 3693 1070 3754 metarum
1102 3684 1299 3770 ditiorenoijs

167 3788 419 3879 oiroumquaque
436 3793 582 3866 uallarat.
613 3794 734 3881 lnoipit
765 3795 850 3862 enirn
883 3803 972 3862 meta
1003 3794 1110 3883 ipsios
1142 3801 1226 3864 terre
1255 3796 1298 3859 ab

168 3902 482 3990 aquariosoebana,
508 3909 541 3972 et
572 3904 618 3972 ibi
649 3903 683 3970 in
714 3903 810 3991 rippa
838 3905 984 3974 eiusdem
1016 3923 1100 3990 aquo
1129 3911 1181 3972 est
1211 3909 1299 3971 meta

164 4021 277 4081 senaa
305 4013 340 4078 in
372 4013 541 4080 arboribus
573 4012 635 4099 piri
666 4019 698 4080 et
738 4012 909 4098 gertansa3
933 4013 1010 4081 inde
1050 4011 1155 4080 tendit
1185 4031 1300 4082 uorsus

168 4119 334 4191 meridiem
366 4141 424 4206 por
454 4120 542 4188 uiam
573 4141 636 4206 quo
666 4121 784 4189 dieitur
812 4121 944 4208 borehi;
970 4121 1046 4190 inde
1077 4119 1120 4188 ad
1150 4120 1299 4192 arborem

169 4228 263 4314 tulis,
293 4236 327 4296 et
356 4227 403 4297 ibi
420 4237 469 4299 est
500 4237 588 4300 meta
618 4237 741 4319 terrea;
767 4230 845 4299 indo
869 4231 913 4299 ad
929 4232 1078 4300 arborem
1089 4232 1198 4318 jebu
1222 4229 1299 4298 inda

168 4338 351 4407 ssoendens
365 4337 409 4408 ad
425 4347 578 4430 montem,
595 4340 649 4409 ubi
665 4349 715 4410 est
730 4347 815 4409 meto
831 4349 959 4428 terrea;
982 4341 1057 4408 indo
1073 4339 1119 4408 ad
1149 4341 1299 4412 arborem

168 4445 272 4533 tuisa3
294 4447 371 4516 inde
386 4448 552 4520 diuortous
567 4471 681 4520 uorsus
697 4451 898 4520 oeoidontem
930 4449 1185 4522 nonterminatur
1215 4453 1300 4516 terre

171 4554 260 4626 Petri
280 4555 434 4645 Comitis3
458 4557 535 4629 inde
551 4559 720 4629 deseendit
750 4581 810 4648 per
839 4561 970 4647 uallem,
1002 4579 1066 4645 qus
1096 4557 1214 4640 dieitur
1243 4557 1299 4626 Ja-

128 4712 143 4722 ··
169 4662 277 4756 siano,
293 4664 337 4734 od
362 4687 479 4756 aquom
511 4669 727 4754 Mosoobsna3
751 4677 783 4738 et
814 4669 890 4740 iude
920 4688 980 4759 por
1009 4667 1149 4739 eandem
1181 4685 1300 4756 aquam
