3068 5150
537 366 697 464 Q

61 561 184 627 doleant
207 579 439 645 possessorem.
471 561 592 627 Datnm
619 561 711 629 Bude
726 563 761 630 in
778 563 892 649 vigilie
907 563 1001 632 Beati
1018 565 1180 634 Johannis

63 669 198 754 Baptiste
215 688 304 734 auno
321 667 451 734 Domini
468 668 587 736 M⁰OG⁰
601 671 823 753 octuagesimo
840 673 949 738 tercio.

64 871 107 928 (Ar
126 869 230 934 erdelyi
251 867 447 932 kriptalennak
469 871 545 916 1353.
562 869 607 918 ›irr
621 869 721 934 vigilia
734 869 800 920 festi
812 871 894 921 Beati
907 870 1019 922 Andree
1032 870 1186 936 Apostolie

61 959 166 1011 >nobilis
178 958 563 1010 rirDionisiueflliusJacobi
574 958 606 1008 de
617 959 753 1008 Bethlem«
765 959 909 1010 kiadottst
918 961 1042 1011 iratabol
1054 977 1060 1026 ς
1074 976 1091 1011 e
1100 961 1185 1013 budai

410 1047 463 1098 luir.
476 1047 604 1104 rameru
616 1048 814 1112 leveltrirben.)

582 1871 658 1938 320.

60 2074 76 2135 1
83 2073 111 2138 V.
144 2073 260 2140 Metlo'
292 2073 400 2158 kirtly
432 2073 613 2156 cospeapedo'
643 2072 729 2137 Ιυάπ
760 2079 788 2138 e'a
818 2071 978 2138 Kuthmek
1008 2072 1183 2157 conopon

97 2183 278 2268 tonotoct,
295 2185 378 2268 copy
393 2181 602 2248 bohosnc'clzai
617 2181 803 2246 tireototor
818 2179 1019 2246 elatrasset.
1036 2179 1137 2247 1283.

154 2377 222 2444 Nos
263 2375 441 2443 Ladizlaus
485 2374 545 2442 Dei
576 2377 692 2457 grecia
722 2378 793 2444 Rex
825 2374 994 2461 Hungarie
1026 2375 1179 2444 memorie

58 2485 313 2552 commendantes
329 2481 553 2568 significamus
570 2482 733 2550 uniuersis
749 2483 866 2568 quibns
887 2480 1020 2566 expedit
1050 2503 1181 2568 presen-

57 2593 130 2658 cium
150 2612 207 2678 per
239 2599 394 2676 tenorem,
413 2591 500 2676 quod
516 2591 607 2657 Iwan
625 2599 658 2658 et
674 2589 841 2658 Kuthmek
862 2590 1014 2658 Cristiani
1031 2589 1182 2680 Cumani,

55 2699 166 2768 iratres
179 2720 237 2768 seu
253 2699 383 2784 cognati
401 2697 476 2784 ltyk
493 2695 627 2766 Cumani
644 2697 687 2766 ad
722 2717 781 2766 nos
803 2697 989 2765 accedendo
1021 2697 1182 2786 dixerunt,

57 2808 130 2889 quod
161 2815 273 2875 essent
304 2803 517 2890 depauperati
546 2805 630 2872 ultra
649 2805 793 2892 modum,
810 2805 1043 2892 propterquod
1061 2816 1180 2874 terram

57 2917 201 3002 ipsorum,
223 2935 286 3000 que
318 2913 408 3001 ipsos
440 2913 645 2997 contingeret
672 2912 708 2978 in
740 2911 946 2984 Bohosniohu
976 2913 1181 3001 existentem,

57 3033 184 3110 excepta
222 3021 375 3108 porcione
390 3021 467 3110 Ityk
491 3021 600 3098 t'retris
617 3021 803 3106 eorundem,
821 3020 1004 3088 vendicioni
1021 3039 1183 3108 exponere

58 3139 226 3218 oporteret;
247 3129 468 3218 supplicantes
480 3130 573 3198 uobis
585 3137 616 3196 et
626 3136 773 3216 petentes
784 3150 903 3214 magna
919 3151 990 3197 cum
1007 3129 1181 3214 instancia,

60 3245 90 3303 ut
118 3237 239 3306 eisdem
271 3237 407 3305 liberum
440 3235 610 3304 arbitrium
643 3235 909 3304 adtendendam
937 3237 1043 3322 ipsam
1062 3243 1180 3304 terram

57 3349 267 3430 preberemus.
306 3346 375 3416 Nos
408 3345 519 3430 itaque
552 3344 694 3432 ipsorum
730 3343 1006 3430 suplicacionibus
1037 3345 1181 3412 inclinati

55 3457 276 3540 concessimus,
295 3455 478 3524 utoandem
495 3452 636 3522 uendere
652 3453 787 3522 ualeant
803 3453 982 3538 cuicunque
1000 3453 1179 3535 uolueriut3

56 3571 186 3649 excepta
202 3561 305 3648 ipsius
320 3562 412 3647 Ytyk
424 3562 560 3629 Cumani
577 3561 738 3650 porcione.
760 3563 878 3630 Datum
894 3560 986 3628 Bude
996 3560 1028 3628 in
1038 3561 1180 3630 crastino

55 3674 249 3740 Remisscere
264 3691 352 3741 anno
369 3669 502 3740 Domini
518 3667 639 3738 M⁰OG⁰
656 3671 879 3754 octuagesimo
895 3669 1004 3736 tercio.

57 3872 191 3928 (Eredetie
204 3869 388 3937 borhtrtyrin,
424 3868 541 3920 ehatul
562 3867 615 3918 oda
634 3870 765 3932 uyomott
797 3867 891 3932 pooset
922 3868 1077 3934 elveszett5
1108 3869 1180 3920 mett

264 3961 366 4026 Ezalsy
377 3944 506 4026 Aposton
516 3958 551 4010 tur
561 3957 683 4010 keahati
695 3954 972 4024 gytjtemtnytbeu.)
