3096 5160
785 287 943 390 ji}-

300 485 482 547 nostrorum
498 501 571 550 eum
588 483 738 552 omnibus
752 483 944 551 utilitatibus
959 483 1036 568 suis,
1055 483 1159 550 vineis
1170 484 1306 572 seilicet,
1324 486 1431 574 siluis,

301 585 414 674 pratis,
444 588 702 676 circumstaneije
728 599 760 658 et
791 591 999 676 pertinsneiJs
1029 589 1200 676 vniuersis,
1232 614 1255 658 a
1285 598 1434 680 tempore

302 694 433 762 domine
449 695 490 763 Μ.
506 697 631 780 Regina
648 699 760 766 matris
777 705 886 767 nostre
903 697 1079 785 predileete
1095 697 1201 765 tbiieis
1233 698 1434 766 reeordatio-

305 801 355 868 nis
371 821 430 886 per
447 801 596 871 diuersos
614 804 762 873 dominos
778 805 924 874 habitum
957 811 989 872 et
1020 823 1217 892 possessum,
1250 811 1283 872 et
1314 807 1359 872 ab
1390 807 1435 872 eis

305 909 409 996 culpis
423 909 493 978 suis
509 912 677 999 amissum,
711 922 743 980 et
759 914 803 981 ad
819 921 946 982 nostras
962 933 1078 980 manus
1094 915 1204 1000 sepius
1234 911 1434 1002 denotatum,

305 1015 369 1101 ipsi
385 1016 542 1102 Magistro
556 1019 747 1108 Laureneio,
779 1027 814 1087 et
829 1039 886 1104 per
902 1039 974 1086 eum
991 1018 1059 1086 suis
1077 1017 1250 1085 heredibus
1266 1018 1435 1088 heredum·
1535 1027 1536 1062 ³

306 1143 371 1208 qne
388 1146 519 1194 suornm
536 1129 790 1218 suecessoribus,
807 1129 868 1196 snb
885 1128 1007 1196 eisdem
1024 1129 1121 1195 metis
1137 1134 1168 1196 et
1184 1127 1344 1214 terminis,
1369 1131 1435 1213 qni·
1535 1119 1536 1178 f

308 1235 369 1302 bus
386 1241 486 1302 antea
502 1235 608 1302 extitit
623 1235 783 1304 limitatus
800 1244 832 1304 et
847 1255 1031 1323 possessus,
1055 1235 1210 1320 dedimus,
1243 1236 1436 1304 denanimns
1535 1317 1536 1320 Ἴ

311 1349 342 1407 et
357 1343 552 1410 enntnlimus
569 1345 638 1412 inre
654 1353 809 1431 perpetuo
826 1344 960 1432 panitiee
977 1349 1010 1410 et
1041 1342 1300 1412 irremeabiliter
1333 1343 1435 1428 possi·

309 1449 461 1516 dendum.
487 1451 672 1538 cassantes,
690 1453 861 1539 irritantes,
878 1457 1100 1538 retractantes,
1131 1457 1163 1517 et
1178 1450 1272 1519 irrita
1296 1471 1436 1536 pronnn·

310 1559 434 1626 aientes
450 1557 666 1630 instrumenta
698 1581 756 1630 sen
789 1559 975 1647 priuilegia,
1008 1579 1071 1642 que
1101 1579 1161 1644 per
1192 1578 1263 1645 nne,
1294 1558 1352 1625 uel
1384 1577 1436 1643 per

312 1665 508 1752 qrrempianr,
534 1687 634 1754 snper
658 1667 749 1735 faeta
780 1667 885 1756 ipsius
916 1667 1116 1754 Vyanieatus
1147 1668 1298 1758 cuiquam
1332 1673 1437 1734 essent

313 1779 474 1843 emanata.
498 1775 535 1840 In
562 1775 651 1844 euius
683 1777 730 1844 rei
761 1779 946 1844 memoriam
979 1783 1230 1861 perpetuamque
1253 1773 1436 1842 firmitatem

313 1887 483 1965 presentes
499 1883 654 1966 Magistro
672 1881 851 1950 Laureneio
876 1881 1094 1951 concessimus
1123 1882 1248 1948 litteras
1279 1881 1436 1966 dupplieis

316 1986 417 2070 sigilli
434 1989 533 2055 nostri
550 1989 724 2056 munimine
739 1991 919 2060 roboratas.
943 1991 1063 2056 Datum
1079 2008 1136 2073 per
1159 2007 1276 2054 manns
1307 1985 1437 2054 disereti

315 2093 378 2160 niri
394 2095 544 2178 Magistri
560 2097 731 2185 Laureneij
749 2097 911 2186 Prepesiti
927 2097 969 2164 de
984 2095 1123 2182 Pasage,
1140 2095 1223 2162 Aule
1239 2101 1351 2162 nostre
1361 2095 1437 2163 Gan·
1536 2149 1537 2186 p

314 2199 451 2290 eeliarij,
476 2202 583 2272 fidelis
598 2206 711 2292 nostri,
744 2223 829 2272 anno
844 2203 979 2272 Domini
996 2201 1115 2270 M⁰OO⁰
1129 2202 1353 2288 nonagesimo.

317 2401 433 2460 (Robert
451 2401 558 2466 Kttroly
577 2401 727 2468 kirtlynak
749 2403 825 2452 rent.
844 2399 896 2449 ΠΙ.
915 2399 977 2449 idus
995 2397 1064 2463 Maij
1085 2397 1246 2449 »senenses
1265 2396 1340 2446 filius
1353 2393 1438 2460 Magi·

317 2492 369 2542 stri
389 2493 537 2557 Laureneij
557 2493 626 2543 dieti
646 2493 679 2542 de
697 2491 846 2556 Suprunio,
865 2503 916 2554 pro
935 2503 964 2539 se
982 2491 1010 2539 et
1028 2502 1079 2552 pro
1099 2488 1206 2539 tanobo
1226 2489 1254 2536 at
1272 2487 1359 2538 Petro
1384 2483 1438 2534 ira-

316 2583 407 2633 tribus
427 2583 482 2633 snis
499 2585 625 2648 uterinis,
644 2584 713 2633 item
732 2596 783 2645 pro
801 2581 885 2630 Petro
904 2579 963 2630 filio
975 2579 1086 2629 Nicolai
1099 2578 1196 2628 frattis
1207 2577 1348 2641 ipsorum«
1363 2573 1438 2625 stre-

318 2673 378 2724 sere
397 2673 510 2724 kiedott
527 2670 696 2740 megerdsittt
716 2669 975 2735 privilegiumdbbl,
1003 2668 1078 2732 mely
1097 2679 1264 2732 ugysnazon
1292 2661 1439 2727 kirdlynnk

321 2767 396 2813 1318.
417 2764 464 2814 IV.
484 2763 618 2814 kalendas
637 2760 744 2825 Aprilis
764 2760 923 2821 »Nicolaum
955 2759 1084 2819 baconus,
1115 2757 1259 2808 Johannes
1288 2757 1317 2804 et
1345 2755 1439 2804 Petrus

321 2851 371 2917 filij
390 2853 521 2918 Magistri
539 2851 688 2914 Laureneij
709 2849 776 2900 dicti
796 2849 830 2898 de
849 2847 989 2912 Suprunio
1009 2846 1044 2897 de
1075 2859 1174 2912 genere
1205 2844 1285 2895 Aba«
1317 2841 1440 2894 siemera

321 2941 433 2995 lsiadott
451 2942 620 3008 megerdsitd
638 2937 858 3004 privilegiumrtt
876 2938 900 2987 is
919 2935 1037 3003 soglalia
1053 2935 1210 3002 iungebam
1241 2950 1259 2985 a
1277 2933 1361 2985 budai
1386 2929 1438 2981 kir.

500 3029 626 3082 kannensi
645 3027 823 3079 levdltdrnak
841 3025 1008 3091 ngrtbban
1029 3019 1093 3076 levet
1112 3023 1266 3087 rdsndben.)

752 3309 1013 3323 ψ

851 3737 928 3804 406.

326 3952 376 4009 Aa
391 3945 459 4030 cyri
474 3941 700 4030 kdptalaaaak
715 3936 985 4024 diberryedylevele,
1015 3937 1098 4022 boqy
1114 3957 1153 4000 aa
1175 3931 1276 4018 Uerg-i
1300 3935 1361 3996 vdr
1383 3926 1446 3994 teth

318 4053 500 4140 jobbdpyai
519 4049 600 4117 Tite
615 4049 765 4133 belysdpet
778 4045 908 4110 atadtctk
925 4043 1037 4107 Eadre
1063 4044 1096 4106 e's
1121 4040 1204 4106 Jdko'
1229 4035 1445 4118 montesatuclo,

647 4157 733 4224 Jabt
749 4176 847 4220 eomes
855 4151 999 4236 fiaiaats.
1032 4149 1130 4216 1290.

438 4327 600 4419 Omnibus
612 4347 732 4417 Christi
748 4347 899 4416 fidelibus
914 4353 980 4414 tam
997 4342 1205 4432 presentibus
1220 4361 1318 4428 quam
1338 4334 1447 4406 futuris
1536 4369 1537 4380 κ

262 4448 267 4457 “
328 4477 462 4546 presens
487 4459 642 4542 seriptum
669 4456 863 4542 inspecturis
895 4451 1078 4540 Capitulum
1110 4449 1257 4518 Eeelesie
1287 4441 1449 4532 Agriensis

334 4571 472 4636 salutem
483 4566 517 4632 in
532 4565 673 4632 omnium
689 4563 864 4632 saluatore.
880 4561 933 4627 Ad
943 4562 1167 4630 uniuersorum
1177 4555 1329 4626 noticiam
1339 4555 1448 4620 harum
