3148 5146
821 297 884 362 104

283 493 453 562 fidelitatis
469 491 598 560 feruore
631 497 663 557 et
692 489 865 557 dulcedine
896 490 1018 592 natalis
1050 493 1156 577 patrie
1190 495 1418 566 uchemeucius

287 603 444 668 inuitatus
460 619 518 686 pro
537 599 645 683 patria
661 595 824 680 dimicare,
840 596 947 662 eidem
964 598 1059 665 Petro
1075 619 1115 666 ac
1132 601 1284 670 societati
1301 623 1360 671 sue
1383 606 1416 672 in

291 709 436 794 partibus
454 705 598 792 Vagarie
630 704 805 789 depredari
834 703 1020 773 uolentibus
1052 707 1172 774 restitit
1203 729 1304 779 manu
1336 711 1418 798 lorti,

286 817 455 901 ipsumque
469 813 601 882 Petrum
617 813 658 879 de
675 811 743 878 Sah
758 812 859 879 armis
876 810 1036 879 deiectum
1064 811 1191 882 bellicis
1225 816 1417 902 captinauit.
1550 831 1551 838 ’

284 923 326 990 Et
341 921 419 1006 quia
435 920 568 1005 dignum
583 919 654 1008 init,
680 925 716 986 ut
732 940 753 985 a
768 917 871 1002 Regni
886 919 989 987 nostri
1003 921 1126 1004 granno
1142 921 1231 990 idem
1248 923 1370 994 Petrus
1386 935 1416 994 ot

285 1029 386 1097 irater
401 1050 440 1097 ac
456 1023 542 1096 lilius
558 1029 626 1096 eins
643 1027 771 1093 nullum
788 1035 1062 1110 consequerentur
1079 1031 1297 1115 commodum,
1332 1033 1416 1117 quod
1551 1086 1552 1128 ,

283 1138 346 1206 nisi
363 1145 439 1204 sunt
455 1134 679 1221 multipliciter
695 1135 896 1220 inpugnare;
919 1133 1067 1200 dominus
1100 1135 1290 1222 Stephanus
1322 1147 1416 1226 pater
1551 1225 1552 1228 Ἴ

282 1251 391 1312 noster
406 1246 495 1311 clare
511 1242 666 1310 memorie
682 1249 802 1310 terram
820 1241 997 1308 eorundem
1013 1249 1045 1308 et
1060 1242 1166 1310 locum
1184 1246 1296 1332 castri,
1314 1265 1411 1330 qnam

284 1362 316 1422 et
332 1373 426 1438 quem
443 1351 608 1418 habebant
624 1349 657 1415 in
674 1349 831 1436 Vngaria,
848 1350 882 1415 in
898 1349 1100 1434 refrigerium
1117 1359 1149 1418 et
1164 1351 1323 1419 solacium
1339 1355 1413 1422 lide-

283 1460 387 1528 litatis
404 1459 539 1544 inpensc
554 1477 612 1541 per
630 1457 807 1540 Georgium
825 1456 982 1523 (tomitem
1000 1457 1079 1542 ¹ipsi
1111 1458 1262 1542 Georgio,
1295 1468 1327 1526 ot
1357 1481 1414 1546 per

283 1589 355 1636 cum
372 1568 439 1634 suis
457 1564 642 1652 heredibus,
675 1561 897 1650 heredumque
913 1585 1045 1632 suorum
1069 1567 1313 1634 successoribus
1345 1567 1413 1635 inre

282 1681 437 1762 perpetuo
456 1672 591 1740 eontulit
607 1670 849 1758 possidendam,
880 1672 914 1737 in
931 1671 1073 1756 ipsorum
1089 1673 1331 1758 possessionem
1357 1695 1414 1760 per

282 1783 470 1868 Magistrum
487 1779 683 1865 Gregorium
701 1779 859 1847 Comitem
870 1780 1094 1849 CastriFerrei
1107 1781 1246 1849 eundem
1257 1783 1409 1851 faciendo

280 1887 440 1958 introduci
457 1887 546 1954 nullo
562 1884 800 1954 contradictore
816 1885 943 1972 penitus
977 1887 1150 1955 existente.
1190 1889 1258 1956 Nos
1291 1891 1412 1975 itaque,

282 1997 337 2084 qui
352 1997 495 2066 fidelium
511 1998 693 2061 nostrorum
710 1993 837 2061 actibus
852 1993 1000 2061 salicibus
1017 1995 1203 2082 gloriamur,
1236 2007 1269 2065 et
1300 2016 1410 2064 eorum

287 2105 422 2176 sudores
439 2101 653 2184 benignitatis
669 2101 771 2167 linteo
786 2099 969 2186 satagimus
986 2103 1143 2188 refouere,
1165 2125 1300 2188 quorum
1317 2105 1409 2172 mini-

283 2212 381 2283 sterio
397 2209 503 2302 Regpi
519 2205 657 2291 negocia
673 2205 782 2296 celesti
794 2209 926 2274 numine
936 2212 1294 2295 prosperantur3ipsius
1306 2216 1409 2296 patris

280 2323 384 2392 nostri
400 2315 548 2402 vestigiis
564 2315 758 2403 inherentes,
775 2315 985 2384 collacionem
1001 2337 1060 2386 seu
1075 2316 1292 2386 donacionem
1303 2321 1407 2406 prefa-

280 2441 349 2500 tam
367 2435 472 2494 ratam
490 2431 522 2489 et
538 2429 665 2508 gratam
681 2421 851 2502 habentes,
867 2423 961 2492 iuxta
977 2425 1214 2492 continenciam
1229 2427 1409 2493 litterarum

281 2535 403 2605 domini
419 2531 522 2619 patris
538 2529 638 2597 nostri
656 2525 772 2596 exinde
788 2529 1008 2596 confectarum
1024 2529 1058 2595 in
1075 2539 1219 2597 eternam
1235 2532 1411 2601 reimemo-

278 2646 362 2712 riam
392 2637 583 2709 auctoritate
613 2637 817 2722 presencium
842 2637 885 2703 ad
900 2638 1095 2724 peticionem
1112 2637 1255 2706 eiusdem
1272 2639 1407 2726 Georgii

280 2745 484 2820 domitissub
494 2745 637 2829 antiquis
652 2744 720 2812 suis
730 2742 826 2810 metis
838 2749 870 2811 et
885 2744 1034 2812 terminis
1050 2744 1202 2813 duximus
1218 2745 1409 2814 confirman-

281 2859 367 2926 dam.
382 2856 421 2924 In
438 2855 529 2922 cuius
545 2852 594 2920 rei
609 2852 798 2918 memoriam
814 2849 1062 2936 firmitatemque
1077 2857 1268 2939 perpetuam
1278 2873 1410 2940 presen-

278 2973 327 3034 tes
344 2966 469 3034 litteras
485 2959 703 3029 concessimus
720 2956 878 3044 dupplicis
890 2958 994 3044 sigilli
1009 2962 1113 3028 nostri
1130 2961 1305 3030 munimine
1315 2961 1408 3030 roho·

277 3083 379 3141 ratas.
403 3071 525 3136 Datum
541 3088 599 3152 per
630 3087 744 3134 manus
775 3066 926 3150 Magistri
956 3067 1125 3135 Benedicti
1152 3069 1270 3135 Sancte
1286 3069 1409 3152 Strigo-

277 3180 401 3248 niensis
426 3174 573 3246 Ecclesia
589 3175 703 3262 Electi,
719 3174 879 3258 Propositi
895 3175 1066 3263 Budensis,
1098 3175 1174 3244 aule
1190 3182 1299 3244 nostre
1314 3175 1408 3244 Vice-

277 3283 476 3369 Ganceilarij
497 3281 607 3349 dilecti
624 3287 657 3348 et
681 3281 787 3349 fidelis
802 3282 903 3349 noshi
918 3303 1005 3350 anno
1021 3284 1151 3351 Domini
1174 3282 1409 3352 M⁰OC⁰LXX⁰

277 3399 403 3480 quarto,
427 3389 534 3473 Regni
565 3397 673 3456 antem
705 3387 808 3456 nostri
839 3409 925 3456 anno
956 3389 1110 3458 secundo.
1151 3391 1407 3459 venerabilibus

276 3501 424 3585 patribus
441 3495 606 3584 Stephano
623 3494 815 3564 Goloohensi
833 3503 865 3564 et
898 3497 1049 3566 iohanne
1068 3499 1265 3584 -Spalatensi
1295 3499 1407 3567 Archi·

277 3605 462 3692 episcopis;
500 3604 675 3689 Lamperto
708 3603 874 3693 Agriensi,
916 3605 1042 3672 Briccio
1073 3603 1302 3693 chanadiensi,
1342 3605 1407 3673 Job

274 3710 630 3796 Quinqueecclesiensi,
656 3709 757 3776 Panlo
774 3711 1008 3796 vesprimiensi
1024 3713 1098 3779 aule
1114 3719 1224 3780 nostre
1238 3712 1406 3782 cancella·

276 3820 337 3907 rio,
353 3819 516 3905 Phylippc
533 3817 686 3886 Vaoiensi
702 3819 777 3885 aule
794 3817 922 3886 domine
938 3819 1062 3904 Regino
1077 3819 1252 3887 karissime
1277 3841 1406 3891 consor·

274 3927 318 3996 tis
334 3932 445 3994 nostre
470 3923 689 4009 Cancellario,
722 3923 917 3993 Lodomcrio
948 3925 1168 4012 Waradiensi,
1200 3929 1405 4014 Thymotheo

270 4031 496 4119 Zagrabiensi,
513 4029 660 4100 Dionisio
676 4030 841 4099 lauriensi
859 4040 892 4100 et
907 4035 1003 4101 Petro
1019 4033 1255 4102 Transsiluano
1273 4035 1406 4122 Episco-

272 4141 325 4227 pis
342 4140 508 4208 Ecclesiae
523 4139 587 4206 Dei
602 4137 742 4205 feliciter
767 4140 1034 4224 gubernantibus.
1074 4140 1221 4209 Dionisio
1252 4142 1405 4210 Palatino

273 4251 397 4320 Comitc
413 4248 454 4314 de
470 4245 594 4333 Oclycb
613 4253 644 4313 et
658 4247 775 4315 Judice
793 4243 1030 4334 Cumanorum
1046 4248 1183 4316 Hernico
1199 4249 1291 4317 Bano
1301 4251 1404 4318 tocius

268 4356 443 4424 Sclauonie
458 4378 466 4436 ;
480 4355 618 4421 Nicolao
635 4353 816 4442 Woywoda
832 4355 1052 4424 Transiluano
1068 4357 1192 4425 Comite
1208 4356 1249 4425 de
1265 4357 1402 4440 zonam

269 4463 438 4533 Iwachino
477 4461 637 4547 Magistro
667 4460 958 4531 Thawarnicorum
990 4470 1174 4532 nostrorum
1206 4463 1331 4533 (lomite
1363 4465 1403 4532 dc

266 4571 356 4656 Plys,
374 4569 512 4638 Nicolao
528 4567 645 4639 chice
665 4567 760 4639 curie
776 4576 884 4640 nostre
901 4569 1023 4640 comite
1039 4571 1080 4642 de
1098 4571 1266 4660 Gneohlre,
1298 4575 1402 4644 Panlo
