<?xml version="1.0" encoding="UTF-8"?>
<!DOCTYPE html PUBLIC "-//W3C//DTD XHTML 1.0 Transitional//EN"
    "http://www.w3.org/TR/xhtml1/DTD/xhtml1-transitional.dtd">
<html xmlns="http://www.w3.org/1999/xhtml" xml:lang="en" lang="en">
 <head>
  <title>
</title>
<meta http-equiv="Content-Type" content="text/html;charset=utf-8" />
  <meta name='ocr-system' content='tesseract 3.04.00' />
  <meta name='ocr-capabilities' content='ocr_page ocr_carea ocr_par ocr_line ocrx_word'/>
</head>
<body>
  <div class='ocr_page' id='page_1' title='image "./codexdiplomatic06wenzgoog_0454.png"; bbox 0 0 3068 5150; ppageno 0'>
   <div class='ocr_carea' id='block_1_1' title="bbox 647 1052 721 1120">
    <p class='ocr_par' dir='ltr' id='par_1_1' title="bbox 647 1052 721 1120">
     <span class='ocr_line' id='line_1_1' title="bbox 647 1052 721 1120; baseline 0.014 -1"><span class='ocrx_word' id='word_1_1' title='bbox 647 1052 721 1120; x_wconf 81' lang='lat'><strong>331.</strong></span> 
     </span>
    </p>
   </div>
   <div class='ocr_carea' id='block_1_2' title="bbox 115 1215 1243 1532">
    <p class='ocr_par' dir='ltr' id='par_1_2' title="bbox 115 1215 1243 1532">
     <span class='ocr_line' id='line_1_2' title="bbox 121 1215 1242 1340; baseline 0.029 -45"><span class='ocrx_word' id='word_1_2' title='bbox 121 1233 166 1296; x_wconf 83' lang='lat' dir='ltr'><strong>Az</strong></span> <span class='ocrx_word' id='word_1_3' title='bbox 180 1241 253 1320; x_wconf 69' lang='lat' dir='ltr'><strong>apri</strong></span> <span class='ocrx_word' id='word_1_4' title='bbox 266 1241 496 1326; x_wconf 67' lang='lat' dir='ltr'><strong>supratonsus</strong></span> <span class='ocrx_word' id='word_1_5' title='bbox 512 1215 782 1336; x_wconf 70' lang='lat' dir='ltr'><strong>dizorrpsrlplevede,</strong></span> <span class='ocrx_word' id='word_1_6' title='bbox 815 1255 899 1340; x_wconf 72' lang='lat' dir='ltr'><strong>kopp</strong></span> <span class='ocrx_word' id='word_1_7' title='bbox 923 1258 1034 1324; x_wconf 78' lang='lat' dir='ltr'><strong>eresr&#39;</strong></span> <span class='ocrx_word' id='word_1_8' title='bbox 1065 1263 1242 1330; x_wconf 74' lang='lat' dir='ltr'><strong>Sr&#39;rnoorralr</strong></span> 
     </span>
     <span class='ocr_line' id='line_1_3' title="bbox 115 1343 1243 1449; baseline 0.028 -45"><span class='ocrx_word' id='word_1_9' title='bbox 115 1343 164 1422; x_wconf 85' lang='lat' dir='ltr'><strong>fio</strong></span> <span class='ocrx_word' id='word_1_10' title='bbox 199 1344 342 1414; x_wconf 67' lang='lat' dir='ltr'><strong>Teletos·</strong></span> <span class='ocrx_word' id='word_1_11' title='bbox 372 1349 592 1421; x_wconf 68' lang='lat' dir='ltr'><strong>dissoluerat·</strong></span> <span class='ocrx_word' id='word_1_12' title='bbox 614 1359 779 1442; x_wconf 77' lang='lat' dir='ltr'><strong>felere&#39;sze&#39;l</strong></span> <span class='ocrx_word' id='word_1_13' title='bbox 811 1367 999 1449; x_wconf 76' lang='lat' dir='ltr'><strong>cltorrpedte&#39;lr</strong></span> <span class='ocrx_word' id='word_1_14' title='bbox 1030 1373 1243 1438; x_wconf 73' lang='lat' dir='ltr'><strong>odvdreidnek.</strong></span> 
     </span>
     <span class='ocr_line' id='line_1_4' title="bbox 631 1468 729 1532; baseline 0.02 -2"><span class='ocrx_word' id='word_1_15' title='bbox 631 1468 729 1532; x_wconf 76' lang='lat'><em>1283.</em></span> 
     </span>
    </p>
   </div>
   <div class='ocr_carea' id='block_1_3' title="bbox 117 1648 1281 4665">
    <p class='ocr_par' dir='ltr' id='par_1_3' title="bbox 117 1648 1281 4665">
     <span class='ocr_line' id='line_1_5' title="bbox 220 1648 1237 1756; baseline 0.029 -42"><span class='ocrx_word' id='word_1_16' title='bbox 220 1648 377 1720; x_wconf 85' lang='lat' dir='ltr'>Omnibus</span> <span class='ocrx_word' id='word_1_17' title='bbox 394 1655 513 1724; x_wconf 83' lang='lat' dir='ltr'><strong>Christi</strong></span> <span class='ocrx_word' id='word_1_18' title='bbox 529 1659 678 1728; x_wconf 80' lang='lat' dir='ltr'><strong>fidelibus</strong></span> <span class='ocrx_word' id='word_1_19' title='bbox 695 1670 761 1730; x_wconf 84' lang='lat' dir='ltr'><strong>tarn</strong></span> <span class='ocrx_word' id='word_1_20' title='bbox 782 1669 987 1750; x_wconf 70' lang='lat' dir='ltr'><strong>presentibus</strong></span> <span class='ocrx_word' id='word_1_21' title='bbox 1004 1693 1103 1756; x_wconf 84' lang='lat' dir='ltr'><strong>quarn</strong></span> <span class='ocrx_word' id='word_1_22' title='bbox 1120 1673 1237 1744; x_wconf 81' lang='lat' dir='ltr'><strong>suturis</strong></span> 
     </span>
     <span class='ocr_line' id='line_1_6' title="bbox 122 1761 1240 1865; baseline 0.03 -48"><span class='ocrx_word' id='word_1_23' title='bbox 122 1773 248 1835; x_wconf 88' lang='lat' dir='ltr'><strong>presens</strong></span> <span class='ocrx_word' id='word_1_24' title='bbox 265 1761 421 1845; x_wconf 85' lang='lat' dir='ltr'><strong>seriptum</strong></span> <span class='ocrx_word' id='word_1_25' title='bbox 454 1765 647 1854; x_wconf 81' lang='lat' dir='ltr'><strong>inspecturis</strong></span> <span class='ocrx_word' id='word_1_26' title='bbox 680 1774 863 1858; x_wconf 82' lang='lat' dir='ltr'>Capitulum</span> <span class='ocrx_word' id='word_1_27' title='bbox 898 1779 1041 1848; x_wconf 85' lang='lat' dir='ltr'><strong>Eoolesie</strong></span> <span class='ocrx_word' id='word_1_28' title='bbox 1071 1783 1240 1865; x_wconf 83' lang='lat' dir='ltr'><strong>Agriensis</strong></span> 
     </span>
     <span class='ocr_line' id='line_1_7' title="bbox 118 1865 1238 1957; baseline 0.027 -30"><span class='ocrx_word' id='word_1_29' title='bbox 118 1865 247 1930; x_wconf 81' lang='lat' dir='ltr'><strong>salutem</strong></span> <span class='ocrx_word' id='word_1_30' title='bbox 281 1866 312 1930; x_wconf 92' lang='lat' dir='ltr'><strong>in</strong></span> <span class='ocrx_word' id='word_1_31' title='bbox 345 1873 488 1938; x_wconf 87' lang='lat' dir='ltr'><strong>omnium</strong></span> <span class='ocrx_word' id='word_1_32' title='bbox 519 1877 694 1944; x_wconf 82' lang='lat' dir='ltr'><strong>saluatore.</strong></span> <span class='ocrx_word' id='word_1_33' title='bbox 727 1879 777 1946; x_wconf 87' lang='lat' dir='ltr'><strong>Ad</strong></span> <span class='ocrx_word' id='word_1_34' title='bbox 818 1883 1044 1954; x_wconf 88' lang='lat' dir='ltr'><strong>uniuersornm</strong></span> <span class='ocrx_word' id='word_1_35' title='bbox 1087 1891 1238 1957; x_wconf 78' lang='lat' dir='ltr'><strong>noticiam</strong></span> 
     </span>
     <span class='ocr_line' id='line_1_8' title="bbox 120 1977 1239 2082; baseline 0.029 -49"><span class='ocrx_word' id='word_1_36' title='bbox 120 1977 222 2036; x_wconf 87' lang='lat' dir='ltr'><strong>tenore</strong></span> <span class='ocrx_word' id='word_1_37' title='bbox 237 1979 441 2056; x_wconf 78' lang='lat' dir='ltr'><strong>presencium</strong></span> <span class='ocrx_word' id='word_1_38' title='bbox 460 1983 609 2051; x_wconf 82' lang='lat' dir='ltr'><strong>volumus</strong></span> <span class='ocrx_word' id='word_1_39' title='bbox 626 1989 814 2070; x_wconf 89' lang='lat' dir='ltr'><strong>peruenire;</strong></span> <span class='ocrx_word' id='word_1_40' title='bbox 838 1993 924 2074; x_wconf 89' lang='lat' dir='ltr'><strong>quod</strong></span> <span class='ocrx_word' id='word_1_41' title='bbox 941 1995 1089 2082; x_wconf 79' lang='lat' dir='ltr'><strong>Nieolao,</strong></span> <span class='ocrx_word' id='word_1_42' title='bbox 1114 1997 1239 2066; x_wconf 74' lang='lat' dir='ltr'><strong>‘l‘homa</strong></span> 
     </span>
     <span class='ocr_line' id='line_1_9' title="bbox 119 2077 1239 2192; baseline 0.028 -51"><span class='ocrx_word' id='word_1_43' title='bbox 119 2082 147 2138; x_wconf 87' lang='lat' dir='ltr'><strong>ot</strong></span> <span class='ocrx_word' id='word_1_44' title='bbox 173 2077 313 2163; x_wconf 83' lang='lat' dir='ltr'><strong>Symoue</strong></span> <span class='ocrx_word' id='word_1_45' title='bbox 344 2085 420 2170; x_wconf 86' lang='lat' dir='ltr'><strong>filijs</strong></span> <span class='ocrx_word' id='word_1_46' title='bbox 453 2087 604 2173; x_wconf 86' lang='lat' dir='ltr'><strong>Symonis</strong></span> <span class='ocrx_word' id='word_1_47' title='bbox 622 2093 680 2177; x_wconf 85' lang='lat' dir='ltr'><strong>filij</strong></span> <span class='ocrx_word' id='word_1_48' title='bbox 698 2098 810 2182; x_wconf 83' lang='lat' dir='ltr'><strong>Tobye</strong></span> <span class='ocrx_word' id='word_1_49' title='bbox 836 2099 876 2164; x_wconf 93' lang='lat' dir='ltr'><strong>de</strong></span> <span class='ocrx_word' id='word_1_50' title='bbox 893 2101 988 2167; x_wconf 89' lang='lat' dir='ltr'><strong>Zeres</strong></span> <span class='ocrx_word' id='word_1_51' title='bbox 1005 2125 1064 2188; x_wconf 89' lang='lat' dir='ltr'><strong>pro</strong></span> <span class='ocrx_word' id='word_1_52' title='bbox 1080 2125 1115 2170; x_wconf 91' lang='lat' dir='ltr'><strong>se</strong></span> <span class='ocrx_word' id='word_1_53' title='bbox 1131 2113 1164 2171; x_wconf 91' lang='lat' dir='ltr'><strong>et</strong></span> <span class='ocrx_word' id='word_1_54' title='bbox 1180 2129 1239 2192; x_wconf 94' lang='lat' dir='ltr'><strong>pro</strong></span> 
     </span>
     <span class='ocr_line' id='line_1_10' title="bbox 119 2185 1235 2290; baseline 0.028 -43"><span class='ocrx_word' id='word_1_55' title='bbox 119 2185 225 2252; x_wconf 85' lang='lat' dir='ltr'><strong>Desew</strong></span> <span class='ocrx_word' id='word_1_56' title='bbox 241 2208 281 2252; x_wconf 82' lang='lat' dir='ltr'><strong>ao</strong></span> <span class='ocrx_word' id='word_1_57' title='bbox 296 2189 451 2260; x_wconf 84' lang='lat' dir='ltr'><strong>Ladizluo</strong></span> <span class='ocrx_word' id='word_1_58' title='bbox 468 2197 543 2282; x_wconf 87' lang='lat' dir='ltr'><strong>filijs</strong></span> <span class='ocrx_word' id='word_1_59' title='bbox 560 2201 629 2267; x_wconf 87' lang='lat' dir='ltr'><strong>suls</strong></span> <span class='ocrx_word' id='word_1_60' title='bbox 647 2219 686 2267; x_wconf 88' lang='lat' dir='ltr'><strong>ex</strong></span> <span class='ocrx_word' id='word_1_61' title='bbox 715 2224 788 2290; x_wconf 87' lang='lat' dir='ltr'><strong>nna,</strong></span> <span class='ocrx_word' id='word_1_62' title='bbox 822 2215 917 2290; x_wconf 83' lang='lat' dir='ltr'><strong>parte</strong></span> <span class='ocrx_word' id='word_1_63' title='bbox 947 2210 989 2274; x_wconf 79' lang='lat' dir='ltr'><strong>ab</strong></span> <span class='ocrx_word' id='word_1_64' title='bbox 1022 2210 1128 2278; x_wconf 84' lang='lat' dir='ltr'><strong>altera</strong></span> <span class='ocrx_word' id='word_1_65' title='bbox 1159 2233 1235 2278; x_wconf 87' lang='lat' dir='ltr'><strong>vero</strong></span> 
     </span>
     <span class='ocr_line' id='line_1_11' title="bbox 118 2290 1237 2404; baseline 0.029 -50"><span class='ocrx_word' id='word_1_66' title='bbox 118 2290 264 2374; x_wconf 79' lang='lat' dir='ltr'><strong>Magistro</strong></span> <span class='ocrx_word' id='word_1_67' title='bbox 295 2299 476 2370; x_wconf 82' lang='lat' dir='ltr'><strong>Laurenoio</strong></span> <span class='ocrx_word' id='word_1_68' title='bbox 493 2306 560 2373; x_wconf 88' lang='lat' dir='ltr'><strong>lilio</strong></span> <span class='ocrx_word' id='word_1_69' title='bbox 578 2308 711 2376; x_wconf 80' lang='lat' dir='ltr'><strong>Comitis</strong></span> <span class='ocrx_word' id='word_1_70' title='bbox 729 2313 878 2380; x_wconf 84' lang='lat' dir='ltr'><strong>Vrbanus</strong></span> <span class='ocrx_word' id='word_1_71' title='bbox 895 2316 935 2380; x_wconf 92' lang='lat' dir='ltr'><strong>de</strong></span> <span class='ocrx_word' id='word_1_72' title='bbox 953 2319 1061 2384; x_wconf 84' lang='lat' dir='ltr'><strong>Katlre</strong></span> <span class='ocrx_word' id='word_1_73' title='bbox 1079 2341 1188 2404; x_wconf 87' lang='lat' dir='ltr'><strong>prose</strong></span> <span class='ocrx_word' id='word_1_74' title='bbox 1206 2329 1237 2388; x_wconf 90' lang='lat' dir='ltr'><strong>et</strong></span> 
     </span>
     <span class='ocr_line' id='line_1_12' title="bbox 119 2401 1236 2511; baseline 0.028 -48"><span class='ocrx_word' id='word_1_75' title='bbox 119 2418 172 2480; x_wconf 94' lang='lat' dir='ltr'><strong>pro</strong></span> <span class='ocrx_word' id='word_1_76' title='bbox 186 2401 341 2486; x_wconf 84' lang='lat' dir='ltr'><strong>Magistro</strong></span> <span class='ocrx_word' id='word_1_77' title='bbox 359 2409 489 2476; x_wconf 90' lang='lat' dir='ltr'><strong>Detrieo</strong></span> <span class='ocrx_word' id='word_1_78' title='bbox 508 2414 573 2480; x_wconf 91' lang='lat' dir='ltr'><strong>tilio</strong></span> <span class='ocrx_word' id='word_1_79' title='bbox 590 2417 747 2484; x_wconf 85' lang='lat' dir='ltr'><strong>Dethrnar</strong></span> <span class='ocrx_word' id='word_1_80' title='bbox 764 2419 803 2485; x_wconf 90' lang='lat' dir='ltr'><strong>de</strong></span> <span class='ocrx_word' id='word_1_81' title='bbox 834 2443 954 2505; x_wconf 81' lang='lat' dir='ltr'><strong>genere</strong></span> <span class='ocrx_word' id='word_1_82' title='bbox 986 2425 1077 2510; x_wconf 88' lang='lat' dir='ltr'><strong>Opuu</strong></span> <span class='ocrx_word' id='word_1_83' title='bbox 1108 2429 1236 2511; x_wconf 85' lang='lat' dir='ltr'><strong>generis</strong></span> 
     </span>
     <span class='ocr_line' id='line_1_13' title="bbox 117 2505 1236 2614; baseline 0.027 -44"><span class='ocrx_word' id='word_1_84' title='bbox 117 2505 264 2576; x_wconf 81' lang='lat' dir='ltr'><strong>‹liotorurn</strong></span> <span class='ocrx_word' id='word_1_85' title='bbox 290 2512 428 2582; x_wconf 90' lang='lat' dir='ltr'><strong>filiorum</strong></span> <span class='ocrx_word' id='word_1_86' title='bbox 446 2520 595 2603; x_wconf 81' lang='lat' dir='ltr'><strong>Symonis</strong></span> <span class='ocrx_word' id='word_1_87' title='bbox 614 2543 721 2590; x_wconf 87' lang='lat' dir='ltr'><strong>eororn</strong></span> <span class='ocrx_word' id='word_1_88' title='bbox 740 2528 832 2594; x_wconf 90' lang='lat' dir='ltr'><strong>nobis</strong></span> <span class='ocrx_word' id='word_1_89' title='bbox 851 2533 1067 2614; x_wconf 82' lang='lat' dir='ltr'><strong>personaliter</strong></span> <span class='ocrx_word' id='word_1_90' title='bbox 1082 2534 1236 2600; x_wconf 91' lang='lat' dir='ltr'><strong>eonstitu-</strong></span> 
     </span>
     <span class='ocr_line' id='line_1_14' title="bbox 118 2619 1238 2723; baseline 0.021 -43"><span class='ocrx_word' id='word_1_91' title='bbox 118 2619 292 2709; x_wconf 78' lang='lat' dir='ltr'><strong>tis‚prelati</strong></span> <span class='ocrx_word' id='word_1_92' title='bbox 309 2621 366 2706; x_wconf 87' lang='lat' dir='ltr'><strong>filij</strong></span> <span class='ocrx_word' id='word_1_93' title='bbox 384 2626 536 2710; x_wconf 78' lang='lat' dir='ltr'><strong>Symonis</strong></span> <span class='ocrx_word' id='word_1_94' title='bbox 562 2644 798 2716; x_wconf 82' lang='lat' dir='ltr'><strong>proposuerunt</strong></span> <span class='ocrx_word' id='word_1_95' title='bbox 829 2638 996 2719; x_wconf 79' lang='lat' dir='ltr'><strong>viuauoee,</strong></span> <span class='ocrx_word' id='word_1_96' title='bbox 1030 2641 1117 2723; x_wconf 88' lang='lat' dir='ltr'><strong>quod</strong></span> <span class='ocrx_word' id='word_1_97' title='bbox 1149 2640 1238 2705; x_wconf 83' lang='lat' dir='ltr'><strong>dimi·</strong></span> 
     </span>
     <span class='ocr_line' id='line_1_15' title="bbox 118 2730 1236 2827; baseline 0.016 -33"><span class='ocrx_word' id='word_1_98' title='bbox 118 2730 259 2805; x_wconf 83' lang='lat' dir='ltr'><strong>dietatem</strong></span> <span class='ocrx_word' id='word_1_99' title='bbox 294 2735 463 2802; x_wconf 79' lang='lat' dir='ltr'><strong>cuiusdam</strong></span> <span class='ocrx_word' id='word_1_100' title='bbox 497 2745 582 2804; x_wconf 89' lang='lat' dir='ltr'><strong>terre</strong></span> <span class='ocrx_word' id='word_1_101' title='bbox 615 2761 720 2806; x_wconf 88' lang='lat' dir='ltr'><strong>eorum</strong></span> <span class='ocrx_word' id='word_1_102' title='bbox 748 2743 1236 2827; x_wconf 81' lang='lat' dir='ltr'><strong>emplioie&#39;l&#39;elekusvooateiu</strong></span> 
     </span>
     <span class='ocr_line' id='line_1_16' title="bbox 117 2845 1237 2935; baseline 0.01 -25"><span class='ocrx_word' id='word_1_103' title='bbox 117 2846 270 2916; x_wconf 66' lang='lat' dir='ltr'><strong>comitatu</strong></span> <span class='ocrx_word' id='word_1_104' title='bbox 288 2849 328 2913; x_wconf 91' lang='lat' dir='ltr'><strong>de</strong></span> <span class='ocrx_word' id='word_1_105' title='bbox 345 2845 469 2913; x_wconf 93' lang='lat' dir='ltr'><strong>Borsod</strong></span> <span class='ocrx_word' id='word_1_106' title='bbox 487 2845 654 2914; x_wconf 82' lang='lat' dir='ltr'><strong>existentis</strong></span> <span class='ocrx_word' id='word_1_107' title='bbox 672 2870 691 2914; x_wconf 89' lang='lat' dir='ltr'>a</span> <span class='ocrx_word' id='word_1_108' title='bbox 716 2857 810 2935; x_wconf 86' lang='lat' dir='ltr'><strong>parte</strong></span> <span class='ocrx_word' id='word_1_109' title='bbox 840 2859 923 2919; x_wconf 90' lang='lat' dir='ltr'><strong>terre</strong></span> <span class='ocrx_word' id='word_1_110' title='bbox 954 2855 1041 2920; x_wconf 86' lang='lat' dir='ltr'><strong>Seno</strong></span> <span class='ocrx_word' id='word_1_111' title='bbox 1073 2858 1237 2921; x_wconf 83' lang='lat' dir='ltr'><strong>nominate</strong></span> 
     </span>
     <span class='ocr_line' id='line_1_17' title="bbox 121 2953 1237 3050; baseline 0.013 -34"><span class='ocrx_word' id='word_1_112' title='bbox 121 2953 264 3023; x_wconf 86' lang='lat' dir='ltr'><strong>iaoentern</strong></span> <span class='ocrx_word' id='word_1_113' title='bbox 297 2978 368 3024; x_wconf 86' lang='lat' dir='ltr'><strong>curn</strong></span> <span class='ocrx_word' id='word_1_114' title='bbox 385 2954 543 3020; x_wconf 85' lang='lat' dir='ltr'><strong>uniuersis</strong></span> <span class='ocrx_word' id='word_1_115' title='bbox 559 2956 755 3026; x_wconf 84' lang='lat' dir='ltr'><strong>vtilitatibns</strong></span> <span class='ocrx_word' id='word_1_116' title='bbox 769 2967 801 3026; x_wconf 89' lang='lat' dir='ltr'><strong>et</strong></span> <span class='ocrx_word' id='word_1_117' title='bbox 818 2963 1028 3050; x_wconf 87' lang='lat' dir='ltr'><strong>pertineneijs</strong></span> <span class='ocrx_word' id='word_1_118' title='bbox 1044 2964 1111 3029; x_wconf 90' lang='lat' dir='ltr'><strong>suis</strong></span> <span class='ocrx_word' id='word_1_119' title='bbox 1127 2964 1237 3031; x_wconf 91' lang='lat' dir='ltr'><strong>dedis-</strong></span> 
     </span>
     <span class='ocr_line' id='line_1_18' title="bbox 124 3063 1236 3157; baseline 0.008 -29"><span class='ocrx_word' id='word_1_120' title='bbox 124 3070 187 3128; x_wconf 91' lang='lat' dir='ltr'><strong>sent</strong></span> <span class='ocrx_word' id='word_1_121' title='bbox 201 3071 231 3132; x_wconf 91' lang='lat' dir='ltr'><strong>et</strong></span> <span class='ocrx_word' id='word_1_122' title='bbox 246 3065 461 3131; x_wconf 88' lang='lat' dir='ltr'><strong>eontulissent</strong></span> <span class='ocrx_word' id='word_1_123' title='bbox 476 3063 670 3130; x_wconf 83' lang='lat' dir='ltr'><strong>dominabus</strong></span> <span class='ocrx_word' id='word_1_124' title='bbox 686 3065 847 3134; x_wconf 87' lang='lat' dir='ltr'><strong>sororibus</strong></span> <span class='ocrx_word' id='word_1_125' title='bbox 872 3071 948 3152; x_wconf 83' lang='lat' dir='ltr'><strong>sule,</strong></span> <span class='ocrx_word' id='word_1_126' title='bbox 965 3071 1118 3137; x_wconf 82' lang='lat' dir='ltr'><strong>uxoribus</strong></span> <span class='ocrx_word' id='word_1_127' title='bbox 1132 3073 1236 3157; x_wconf 88' lang='lat' dir='ltr'><strong>predi-</strong></span> 
     </span>
     <span class='ocr_line' id='line_1_19' title="bbox 123 3172 1237 3260; baseline 0.01 -25"><span class='ocrx_word' id='word_1_128' title='bbox 123 3178 233 3238; x_wconf 88' lang='lat' dir='ltr'><strong>olorum</strong></span> <span class='ocrx_word' id='word_1_129' title='bbox 249 3172 400 3256; x_wconf 82' lang='lat' dir='ltr'><strong>Magistri</strong></span> <span class='ocrx_word' id='word_1_130' title='bbox 419 3173 573 3238; x_wconf 71' lang='lat' dir='ltr'><strong>tnui-enci</strong></span> <span class='ocrx_word' id='word_1_131' title='bbox 574 3173 588 3255; x_wconf 91' lang='lat' dir='ltr'>j</span> <span class='ocrx_word' id='word_1_132' title='bbox 606 3180 638 3237; x_wconf 91' lang='lat' dir='ltr'><strong>et</strong></span> <span class='ocrx_word' id='word_1_133' title='bbox 649 3173 772 3240; x_wconf 92' lang='lat' dir='ltr'><strong>Detrioi</strong></span> <span class='ocrx_word' id='word_1_134' title='bbox 788 3195 827 3240; x_wconf 83' lang='lat' dir='ltr'><strong>ao</strong></span> <span class='ocrx_word' id='word_1_135' title='bbox 837 3175 980 3260; x_wconf 85' lang='lat' dir='ltr'><strong>ipsorum</strong></span> <span class='ocrx_word' id='word_1_136' title='bbox 993 3177 1166 3246; x_wconf 83' lang='lat' dir='ltr'><strong>heredibus</strong></span> <span class='ocrx_word' id='word_1_137' title='bbox 1182 3180 1237 3246; x_wconf 88' lang='lat' dir='ltr'><strong>he-</strong></span> 
     </span>
     <span class='ocr_line' id='line_1_20' title="bbox 122 3277 1236 3372; baseline 0.012 -33"><span class='ocrx_word' id='word_1_138' title='bbox 122 3277 282 3364; x_wconf 83' lang='lat' dir='ltr'><strong>redumque</strong></span> <span class='ocrx_word' id='word_1_139' title='bbox 302 3300 431 3346; x_wconf 91' lang='lat' dir='ltr'><strong>suorum</strong></span> <span class='ocrx_word' id='word_1_140' title='bbox 452 3279 690 3346; x_wconf 82' lang='lat' dir='ltr'><strong>suecessoribus</strong></span> <span class='ocrx_word' id='word_1_141' title='bbox 704 3282 778 3366; x_wconf 89' lang='lat' dir='ltr'><strong>juro</strong></span> <span class='ocrx_word' id='word_1_142' title='bbox 795 3292 950 3367; x_wconf 91' lang='lat' dir='ltr'><strong>perpetuo</strong></span> <span class='ocrx_word' id='word_1_143' title='bbox 968 3287 1104 3368; x_wconf 85' lang='lat' dir='ltr'><strong>pneifiee</strong></span> <span class='ocrx_word' id='word_1_144' title='bbox 1135 3287 1236 3372; x_wconf 89' lang='lat' dir='ltr'><strong>possi·</strong></span> 
     </span>
     <span class='ocr_line' id='line_1_21' title="bbox 121 3383 1236 3479; baseline 0.011 -30"><span class='ocrx_word' id='word_1_145' title='bbox 121 3383 245 3454; x_wconf 80' lang='lat' dir='ltr'><strong>desdam</strong></span> <span class='ocrx_word' id='word_1_146' title='bbox 262 3395 294 3455; x_wconf 89' lang='lat' dir='ltr'><strong>et</strong></span> <span class='ocrx_word' id='word_1_147' title='bbox 308 3385 500 3453; x_wconf 86' lang='lat' dir='ltr'><strong>habendam.</strong></span> <span class='ocrx_word' id='word_1_148' title='bbox 517 3387 655 3471; x_wconf 90' lang='lat' dir='ltr'><strong>Insuper</strong></span> <span class='ocrx_word' id='word_1_149' title='bbox 665 3389 892 3473; x_wconf 83' lang='lat' dir='ltr'><strong>obligauerunt</strong></span> <span class='ocrx_word' id='word_1_150' title='bbox 908 3393 1031 3458; x_wconf 88' lang='lat' dir='ltr'><strong>sedioli</strong></span> <span class='ocrx_word' id='word_1_151' title='bbox 1049 3393 1106 3479; x_wconf 84' lang='lat' dir='ltr'><strong>filij</strong></span> <span class='ocrx_word' id='word_1_152' title='bbox 1124 3395 1236 3479; x_wconf 86' lang='lat' dir='ltr'><strong>Symo·</strong></span> 
     </span>
     <span class='ocr_line' id='line_1_22' title="bbox 121 3493 1236 3583; baseline 0.013 -28"><span class='ocrx_word' id='word_1_153' title='bbox 121 3493 165 3559; x_wconf 91' lang='lat' dir='ltr'><strong>uis</strong></span> <span class='ocrx_word' id='word_1_154' title='bbox 180 3503 209 3561; x_wconf 92' lang='lat' dir='ltr'><strong>et</strong></span> <span class='ocrx_word' id='word_1_155' title='bbox 225 3495 358 3562; x_wconf 89' lang='lat' dir='ltr'><strong>heredes</strong></span> <span class='ocrx_word' id='word_1_156' title='bbox 375 3516 460 3583; x_wconf 87' lang='lat' dir='ltr'><strong>suos,</strong></span> <span class='ocrx_word' id='word_1_157' title='bbox 478 3496 645 3581; x_wconf 80' lang='lat' dir='ltr'><strong>predictas</strong></span> <span class='ocrx_word' id='word_1_158' title='bbox 662 3496 812 3564; x_wconf 85' lang='lat' dir='ltr'><strong>dominas</strong></span> <span class='ocrx_word' id='word_1_159' title='bbox 830 3499 1181 3570; x_wconf 84' lang='lat' dir='ltr'><strong>etheredesearundern</strong></span> <span class='ocrx_word' id='word_1_160' title='bbox 1193 3504 1236 3570; x_wconf 83' lang='lat' dir='ltr'><strong>ab</strong></span> 
     </span>
     <span class='ocr_line' id='line_1_23' title="bbox 121 3603 1234 3692; baseline 0.012 -28"><span class='ocrx_word' id='word_1_161' title='bbox 121 3604 253 3671; x_wconf 87' lang='lat' dir='ltr'><strong>omnibus</strong></span> <span class='ocrx_word' id='word_1_162' title='bbox 267 3606 399 3670; x_wconf 89' lang='lat' dir='ltr'><strong>raeione</strong></span> <span class='ocrx_word' id='word_1_163' title='bbox 417 3604 500 3670; x_wconf 86' lang='lat' dir='ltr'><strong>dicte</strong></span> <span class='ocrx_word' id='word_1_164' title='bbox 517 3603 726 3671; x_wconf 86' lang='lat' dir='ltr'><strong>dimidietatis</strong></span> <span class='ocrx_word' id='word_1_165' title='bbox 743 3615 828 3672; x_wconf 86' lang='lat' dir='ltr'><strong>terre</strong></span> <span class='ocrx_word' id='word_1_166' title='bbox 839 3607 983 3692; x_wconf 79' lang='lat' dir='ltr'><strong>inpetere</strong></span> <span class='ocrx_word' id='word_1_167' title='bbox 994 3609 1171 3678; x_wconf 85' lang='lat' dir='ltr'><strong>nitentibus</strong></span> <span class='ocrx_word' id='word_1_168' title='bbox 1182 3612 1234 3677; x_wconf 91' lang='lat' dir='ltr'><strong>de-</strong></span> 
     </span>
     <span class='ocr_line' id='line_1_24' title="bbox 123 3707 1235 3804; baseline 0.012 -34"><span class='ocrx_word' id='word_1_169' title='bbox 123 3707 240 3775; x_wconf 85' lang='lat' dir='ltr'><strong>fendere</strong></span> <span class='ocrx_word' id='word_1_170' title='bbox 253 3719 284 3776; x_wconf 90' lang='lat' dir='ltr'><strong>et</strong></span> <span class='ocrx_word' id='word_1_171' title='bbox 294 3710 446 3796; x_wconf 83' lang='lat' dir='ltr'><strong>expedire</strong></span> <span class='ocrx_word' id='word_1_172' title='bbox 463 3713 604 3796; x_wconf 88' lang='lat' dir='ltr'><strong>proprijs</strong></span> <span class='ocrx_word' id='word_1_173' title='bbox 620 3713 817 3780; x_wconf 84' lang='lat' dir='ltr'><strong>laboribuset</strong></span> <span class='ocrx_word' id='word_1_174' title='bbox 829 3717 990 3802; x_wconf 83' lang='lat' dir='ltr'><strong>expensis,</strong></span> <span class='ocrx_word' id='word_1_175' title='bbox 1009 3725 1040 3784; x_wconf 94' lang='lat' dir='ltr'><strong>et</strong></span> <span class='ocrx_word' id='word_1_176' title='bbox 1050 3719 1083 3784; x_wconf 94' lang='lat' dir='ltr'><strong>in</strong></span> <span class='ocrx_word' id='word_1_177' title='bbox 1099 3717 1235 3804; x_wconf 82' lang='lat' dir='ltr'><strong>pacifica</strong></span> 
     </span>
     <span class='ocr_line' id='line_1_25' title="bbox 121 3817 1233 3911; baseline 0.011 -33"><span class='ocrx_word' id='word_1_178' title='bbox 121 3821 313 3896; x_wconf 88' lang='lat' dir='ltr'><strong>possessione</strong></span> <span class='ocrx_word' id='word_1_179' title='bbox 330 3819 435 3903; x_wconf 90' lang='lat' dir='ltr'><strong>ipsius</strong></span> <span class='ocrx_word' id='word_1_180' title='bbox 452 3817 665 3887; x_wconf 84' lang='lat' dir='ltr'><strong>dimidietetis</strong></span> <span class='ocrx_word' id='word_1_181' title='bbox 682 3828 765 3887; x_wconf 87' lang='lat' dir='ltr'><strong>terre</strong></span> <span class='ocrx_word' id='word_1_182' title='bbox 781 3822 998 3911; x_wconf 89' lang='lat' dir='ltr'><strong>indempniter</strong></span> <span class='ocrx_word' id='word_1_183' title='bbox 1030 3847 1233 3894; x_wconf 79' lang='lat' dir='ltr'><strong>conseruare,</strong></span> 
     </span>
     <span class='ocr_line' id='line_1_26' title="bbox 120 3921 1281 3999; baseline 0.012 -14"><span class='ocrx_word' id='word_1_184' title='bbox 120 3921 150 3988; x_wconf 94' lang='lat' dir='ltr'><strong>ln</strong></span> <span class='ocrx_word' id='word_1_185' title='bbox 179 3927 264 3992; x_wconf 88' lang='lat' dir='ltr'><strong>ouius</strong></span> <span class='ocrx_word' id='word_1_186' title='bbox 297 3927 343 3992; x_wconf 90' lang='lat' dir='ltr'><strong>rei</strong></span> <span class='ocrx_word' id='word_1_187' title='bbox 375 3927 594 3992; x_wconf 76' lang='lat' dir='ltr'><strong>testimonium</strong></span> <span class='ocrx_word' id='word_1_188' title='bbox 628 3928 671 3993; x_wconf 81' lang='lat' dir='ltr'><strong>ed</strong></span> <span class='ocrx_word' id='word_1_189' title='bbox 702 3929 895 3998; x_wconf 83' lang='lat' dir='ltr'><strong>instonoiam</strong></span> <span class='ocrx_word' id='word_1_190' title='bbox 922 3933 1234 3999; x_wconf 78' lang='lat' dir='ltr'><strong>dictorumliliorunr</strong></span> <span class='ocrx_word' id='word_1_191' title='bbox 1279 3965 1281 3969; x_wconf 49' lang='grc'>’</span> 
     </span>
     <span class='ocr_line' id='line_1_27' title="bbox 120 4031 1232 4120; baseline 0.011 -26"><span class='ocrx_word' id='word_1_192' title='bbox 120 4031 254 4115; x_wconf 83' lang='lat' dir='ltr'><strong>Synonis</strong></span> <span class='ocrx_word' id='word_1_193' title='bbox 270 4040 439 4120; x_wconf 83' lang='lat' dir='ltr'><strong>presentes</strong></span> <span class='ocrx_word' id='word_1_194' title='bbox 455 4035 650 4102; x_wconf 86' lang='lat' dir='ltr'><strong>contulimus</strong></span> <span class='ocrx_word' id='word_1_195' title='bbox 667 4037 767 4119; x_wconf 84' lang='lat' dir='ltr'><strong>sigilli</strong></span> <span class='ocrx_word' id='word_1_196' title='bbox 783 4039 886 4104; x_wconf 92' lang='lat' dir='ltr'><strong>nostri</strong></span> <span class='ocrx_word' id='word_1_197' title='bbox 902 4040 1081 4106; x_wconf 85' lang='lat' dir='ltr'><strong>munimine</strong></span> <span class='ocrx_word' id='word_1_198' title='bbox 1102 4042 1232 4106; x_wconf 86' lang='lat' dir='ltr'><strong>robora·</strong></span> 
     </span>
     <span class='ocr_line' id='line_1_28' title="bbox 119 4142 1232 4231; baseline 0.009 -27"><span class='ocrx_word' id='word_1_199' title='bbox 119 4147 170 4206; x_wconf 82' lang='lat' dir='ltr'><strong>tas.</strong></span> <span class='ocrx_word' id='word_1_200' title='bbox 184 4143 388 4211; x_wconf 87' lang='lat' dir='ltr'><strong>Presentibos</strong></span> <span class='ocrx_word' id='word_1_201' title='bbox 405 4148 513 4208; x_wconf 86' lang='lat' dir='ltr'><strong>tamen</strong></span> <span class='ocrx_word' id='word_1_202' title='bbox 530 4142 687 4227; x_wconf 84' lang='lat' dir='ltr'><strong>Magistro</strong></span> <span class='ocrx_word' id='word_1_203' title='bbox 705 4143 804 4211; x_wconf 85' lang='lat' dir='ltr'><strong>Saule</strong></span> <span class='ocrx_word' id='word_1_204' title='bbox 820 4147 965 4229; x_wconf 85' lang='lat' dir='ltr'><strong>Leotore,</strong></span> <span class='ocrx_word' id='word_1_205' title='bbox 981 4146 1103 4231; x_wconf 82' lang='lat' dir='ltr'><strong>Mykor</strong></span> <span class='ocrx_word' id='word_1_206' title='bbox 1120 4147 1232 4215; x_wconf 79' lang='lat' dir='ltr'><strong>Custo-</strong></span> 
     </span>
     <span class='ocr_line' id='line_1_29' title="bbox 121 4243 1232 4340; baseline 0.009 -29"><span class='ocrx_word' id='word_1_207' title='bbox 121 4243 160 4332; x_wconf 82' lang='lat' dir='ltr'><strong>de,</strong></span> <span class='ocrx_word' id='word_1_208' title='bbox 173 4250 283 4318; x_wconf 85' lang='lat' dir='ltr'><strong>llarko</strong></span> <span class='ocrx_word' id='word_1_209' title='bbox 301 4251 342 4316; x_wconf 90' lang='lat' dir='ltr'><strong>de</strong></span> <span class='ocrx_word' id='word_1_210' title='bbox 360 4249 480 4337; x_wconf 82' lang='lat' dir='ltr'><strong>l&#39;oelra,</strong></span> <span class='ocrx_word' id='word_1_211' title='bbox 497 4253 635 4318; x_wconf 78' lang='lat' dir='ltr'><strong>llartino</strong></span> <span class='ocrx_word' id='word_1_212' title='bbox 651 4251 691 4317; x_wconf 90' lang='lat' dir='ltr'><strong>de</strong></span> <span class='ocrx_word' id='word_1_213' title='bbox 708 4253 827 4338; x_wconf 83' lang='lat' dir='ltr'><strong>Heues,</strong></span> <span class='ocrx_word' id='word_1_214' title='bbox 848 4253 985 4319; x_wconf 86' lang='lat' dir='ltr'><strong>Nioolao</strong></span> <span class='ocrx_word' id='word_1_215' title='bbox 1002 4254 1044 4319; x_wconf 91' lang='lat' dir='ltr'><strong>de</strong></span> <span class='ocrx_word' id='word_1_216' title='bbox 1075 4253 1232 4340; x_wconf 85' lang='lat' dir='ltr'><strong>Sumbun,</strong></span> 
     </span>
     <span class='ocr_line' id='line_1_30' title="bbox 119 4351 1230 4448; baseline 0.005 -24"><span class='ocrx_word' id='word_1_217' title='bbox 119 4351 243 4440; x_wconf 85' lang='lat' dir='ltr'><strong>Syrnono</strong></span> <span class='ocrx_word' id='word_1_218' title='bbox 273 4359 315 4426; x_wconf 92' lang='lat' dir='ltr'><strong>de</strong></span> <span class='ocrx_word' id='word_1_219' title='bbox 331 4358 436 4443; x_wconf 82' lang='lat' dir='ltr'><strong>Vngh,</strong></span> <span class='ocrx_word' id='word_1_220' title='bbox 454 4359 608 4443; x_wconf 85' lang='lat' dir='ltr'><strong>Steplano</strong></span> <span class='ocrx_word' id='word_1_221' title='bbox 627 4359 667 4426; x_wconf 93' lang='lat' dir='ltr'><strong>do</strong></span> <span class='ocrx_word' id='word_1_222' title='bbox 684 4361 820 4446; x_wconf 87' lang='lat' dir='ltr'><strong>Zemlyn</strong></span> <span class='ocrx_word' id='word_1_223' title='bbox 845 4361 1090 4428; x_wconf 82' lang='lat' dir='ltr'><strong>Arohidiaeonis</strong></span> <span class='ocrx_word' id='word_1_224' title='bbox 1107 4367 1139 4428; x_wconf 89' lang='lat' dir='ltr'><strong>et</strong></span> <span class='ocrx_word' id='word_1_225' title='bbox 1154 4362 1230 4448; x_wconf 83' lang='lat' dir='ltr'><strong>alijs</strong></span> 
     </span>
     <span class='ocr_line' id='line_1_31' title="bbox 119 4463 1233 4562; baseline 0.009 -38"><span class='ocrx_word' id='word_1_226' title='bbox 119 4463 213 4530; x_wconf 90' lang='lat' dir='ltr'><strong>nultis</strong></span> <span class='ocrx_word' id='word_1_227' title='bbox 232 4487 320 4532; x_wconf 85' lang='lat' dir='ltr'><strong>anno</strong></span> <span class='ocrx_word' id='word_1_228' title='bbox 353 4467 485 4532; x_wconf 90' lang='lat' dir='ltr'><strong>Domini</strong></span> <span class='ocrx_word' id='word_1_229' title='bbox 517 4467 640 4534; x_wconf 65' lang='grc' dir='ltr'><strong>ΜῦΟΟ0</strong></span> <span class='ocrx_word' id='word_1_230' title='bbox 671 4469 889 4562; x_wconf 80' lang='lat' dir='ltr'><strong>octuagesimo</strong></span> <span class='ocrx_word' id='word_1_231' title='bbox 920 4471 1029 4538; x_wconf 85' lang='lat' dir='ltr'><strong>tercio.</strong></span> <span class='ocrx_word' id='word_1_232' title='bbox 1062 4471 1233 4553; x_wconf 86' lang='lat' dir='ltr'><strong>Regnante</strong></span> 
     </span>
     <span class='ocr_line' id='line_1_32' title="bbox 118 4565 1231 4665; baseline 0.012 -34"><span class='ocrx_word' id='word_1_233' title='bbox 118 4565 253 4639; x_wconf 84' lang='lat' dir='ltr'><strong>Ladizlao</strong></span> <span class='ocrx_word' id='word_1_234' title='bbox 284 4575 410 4642; x_wconf 88' lang='lat' dir='ltr'><strong>Illustri</strong></span> <span class='ocrx_word' id='word_1_235' title='bbox 442 4578 531 4660; x_wconf 79' lang='lat' dir='ltr'><strong>Rege</strong></span> <span class='ocrx_word' id='word_1_236' title='bbox 563 4575 741 4664; x_wconf 84' lang='lat' dir='ltr'><strong>Hungarie,</strong></span> <span class='ocrx_word' id='word_1_237' title='bbox 783 4577 974 4645; x_wconf 84' lang='lat' dir='ltr'><strong>Lodonrorio</strong></span> <span class='ocrx_word' id='word_1_238' title='bbox 1005 4580 1231 4665; x_wconf 78' lang='lat' dir='ltr'><strong>Strlgoniensi,</strong></span> 
     </span>
    </p>
   </div>
   <div class='ocr_carea' id='block_1_4' title="bbox 1060 4685 1124 4756">
    <p class='ocr_par' dir='ltr' id='par_1_4' title="bbox 1060 4685 1124 4756">
     <span class='ocr_line' id='line_1_33' title="bbox 1060 4685 1124 4756; baseline 0.031 -2"><span class='ocrx_word' id='word_1_239' title='bbox 1060 4685 1124 4756; x_wconf 70' lang='lat'><strong>26&#39;</strong></span> 
     </span>
    </p>
   </div>
   <div class='ocr_carea' id='block_1_5' title="bbox 0 0 1538 5150">
    <p class='ocr_par' dir='ltr' id='par_1_5' title="bbox 0 0 1538 5150">
     <span class='ocr_line' id='line_1_34' title="bbox 0 0 1538 5150; baseline 0 3"><span class='ocrx_word' id='word_1_240' title='bbox 0 0 1538 5150; x_wconf 95' lang='lat' dir='ltr'><strong> </strong></span> 
     </span>
    </p>
   </div>
  </div>
 </body>
</html>
