3148 5146
815 329 974 433 '‘208-

333 524 525 612 postulauit,
559 528 593 589 ut
609 543 669 590 nos
685 531 803 589 terram
820 521 987 606 Kukynns
1003 523 1152 588 vocatam
1170 520 1203 585 in
1229 517 1399 587 Comitatus
1424 519 1467 585 de

320 630 465 716 'Vgucha
481 631 685 715 existentem,
718 649 814 712 quam
833 648 890 714 pro
906 627 1139 713 multiplicibus
1156 627 1303 695 eiusdem
1336 624 1464 693 merito

332 738 390 827 rijs
407 736 556 820 servieijs
572 735 606 802 in
623 735 866 802 Feketewholm
884 733 1023 802 fideliter
1037 735 1194 821 impensis
1225 735 1331 802 cidem
1364 731 1465 800 domi-

332 847 384 912 nis
401 843 595 912 karissimus
610 851 705 927 pater
721 851 831 910 noster
850 841 903 926 pic
928 840 1172 910 recordacionis
1203 859 1260 907 suc
1292 839 1466 924 priuilegio

330 953 510 1020 contulisse
527 951 679 1031 noscitur,
712 971 849 1034 eamque
865 970 968 1034 usque
985 951 1029 1018 ad
1061 951 1121 1015 hec
1151 957 1299 1033 tempora
1330 949 1466 1034 pacifice

324 1059 527 1154 possedibat
542 1059 689 1144 possidet
704 1059 773 1126 sine
789 1057 982 1124 detrimento
998 1057 1079 1123 iuris
1098 1057 1282 1142 cuiuslibet,
1310 1056 1418 1123 cidcrn
1433 1061 1465 1121 et

334 1167 403 1233 suis
420 1167 595 1235 heredibus
613 1167 654 1233 de
670 1173 780 1234 nostro
797 1168 913 1232 fauore
928 1165 1029 1248 Regio
1062 1163 1241 1231 liberaliter
1270 1161 1466 1246 relinquere,

334 1293 473 1360 ymcque
489 1274 632 1341 conlerre
663 1275 818 1340 deuocius
850 1271 1069 1356 dignaremur.
1106 1273 1176 1337 Nos
1207 1269 1380 1356 siquidem,
1413 1268 1467 1353 qui

326 1380 456 1448 ¹Diuina
472 1381 732 1464 fauente'gracia
758 1401 816 1466 pro
847 1378 990 1465 suscepti
1023 1379 1191 1464 regiminis
1223 1379 1326 1444 nostri
1358 1375 1465 1443 officio

333 1488 535 1572 singulorum
552 1489 668 1553 merita
683 1495 829 1554 tenemur
847 1505 1098 1570 recompensare
1114 1505 1154 1552 ex
1171 1483 1293 1570 debito,
1319 1484 1467 1572 gratuita

334 1596 474 1663 seruicia
490 1593 735 1678 indefessosque
765 1591 941 1659 fidelitates
965 1593 1118 1658 eiusdem
1149 1591 1300 1676 Magistri
1332 1591 1467 1678 Thonis,

334 1722 397 1784 que
415 1709 448 1768 et
464 1722 581 1786 quasa
607 1701 761 1785 primeuis
793 1699 935 1784 puericie
967 1698 1169 1784 temporibus·
1195 1718 1253 1783 per
1283 1705 1466 1782 temporum

335 1811 500 1879 curricula
516 1811 549 1876 in
567 1809 707 1876 diuersis
724 1807 829 1890 Regni
846 1807 1113 1892 expedicionibus
1129 1807 1269 1872 uiriliter
1277 1806 1467 1891 impendere

336 1921 471 2005 curauit,
504 1925 537 1986 et
552 1919 586 1983 in
602 1918 745 1984 futurum
759 1901 950 2000 impendere
965 1934 1030 1982 non
1057 1913 1185 2000 desinit,
1217 1914 1252 1980 in
1277 1913 1467 1980 memoriam

335 2033 538 2110 reuocantes,
556 2031 790 2110 paternamque
806 2023 1050 2090 concessionem
1066 2022 1098 2088 iu
1118 2021 1179 2088 hac
1195 2027 1288 2107 parte
1320 2021 1467 2102 legitime

334 2137 457 2201 iactam
475 2133 603 2198 irritare
619 2132 805 2200 nullatenus
822 2131 1002 2216 cupientes,
1033 2151 1108 2214 ymo
1125 2130 1239 2216 pocius
1256 2130 1467 2197 admissionis

337 2242 451 2325 gracia
467 2237 668 2320 solidantes;
693 2237 872 2324 predictam
889 2246 1011 2304 terram
1027 2237 1193 2322 Kukynns
1220 2257 1291 2306 cum
1318 2239 1471 2305 omnibus

337 2346 531 2414 utilitatibus
548 2356 580 2412 et
595 2345 781 2430 attinencijs
797 2344 873 2429 suis,
907 2345 990 2412 sicin
1006 2364 1065 2428 per
1091 2345 1216 2431 priores
1247 2346 1471 2412 limitacionea

337 2459 370 2521 ct
387 2451 541 2518 terminos
558 2451 679 2517 nemini
704 2451 926 2536 preindioante
957 2471 1111 2536 possessa
1142 2453 1261 2536 extitit,
1294 2452 1336 2519 de
1367 2453 1473 2536 Regia

338 2559 490 2646 specialis
505 2560 614 2642 gracie
631 2559 844 2645 benignitate,
862 2566 956 2644 prout
971 2560 1006 2623 in
1022 2558 1196 2643 priuilegio
1207 2558 1350 2628 eiusdem
1363 2560 1473 2627 karis-

338 2669 410 2736 simi
426 2667 529 2754 patris
545 2666 648 2733 nostri
665 2665 793 2750 plenius
810 2667 1005 2752 continetur,
1023 2669 1224 2756 reliquimus,
1251 2669 1473 2754 permisimus,

338 2777 534 2844 contulimus
551 2779 583 2843 et
598 2775 814 2843 concessimus
830 2775 894 2860 ipsi
910 2774 1065 2859 Magistro
1082 2775 1217 2862 Thornc,
1249 2796 1287 2841 ac
1318 2796 1377 2860 per
1395 2795 1472 2844 cum

338 2885 407 2952 suis
423 2883 595 2950 heredibus
612 2881 831 2967 heredumque
847 2883 1087 2951 successoribus
1105 2883 1148 2949 ad
1179 2883 1368 2950 habendum
1400 2884 1474 2950 inre

338 2999 499 3076 perpetuo
515 2992 636 3076 pariter
653 2998 685 3058 et
700 2989 954 3076 possidendum
979 2991 1127 3058 volentes
1145 2998 1178 3056 ct
1208 2989 1363 3077 regaliter
1395 3011 1475 3057 con-

325 3099 500 3179 cedentes,
533 3097 617 3181 qnod
635 3117 655 3162 a
673 3097 768 3164 modo
786 3097 925 3163 eundem
943 3103 975 3164 et
991 3117 1068 3164 snos
1101 3097 1236 3164 heredes
1268 3116 1367 3183 snper
1399 3119 1475 3184 pre-

339 3207 440 3273 missa
457 3212 543 3272 terra
559 3205 669 3272 nullus
685 3205 815 3272 omnino
830 3204 1012 3287 inquietare
1028 3205 1149 3271 debeat
1165 3206 1219 3271 uel
1246 3215 1477 3290 presumpmat

340 3320 456 3380 contra
472 3313 608 3380 sormam
625 3313 755 3381 iusticie
773 3311 946 3380 euidentia.
962 3311 1005 3377 Vt
1020 3311 1119 3397 igitur
1135 3313 1196 3381 hec
1211 3318 1324 3379 nostra
1340 3332 1478 3382 conces·

337 3419 389 3487 sio
405 3441 463 3486 seu
479 3419 636 3487 admissio
652 3440 750 3506 snper
765 3427 906 3504 patema
922 3420 1103 3486 collacione
1117 3419 1180 3486 rite
1191 3419 1478 3503 babitaproeessu

339 3533 517 3612 tempomm
534 3534 722 3611 perseueret
738 3527 942 3614 inconcussa,
974 3528 1007 3592 in
1024 3527 1160 3594 euidens
1176 3528 1224 3594 rei
1249 3527 1478 3596 testimonium

341 3640 509 3721 presentes
526 3635 744 3702 concessimus
760 3633 886 3701 litteras
904 3633 1044 3720 duplicis
1061 3633 1161 3723 sigilli
1177 3633 1281 3701 nostri
1292 3636 1481 3702 munimine

337 3741 517 3808 roboratas.
541 3741 661 3806 Datum
687 3759 744 3825 pcr
768 3759 883 3808 manus
908 3739 1107 3807 venerabilis
1122 3739 1185 3805 viri
1200 3740 1350 3824 Magistri
1366 3740 1477 3808 Bene·

336 3847 420 3914 dicti
437 3847 560 3912 Sancte
576 3845 811 3930 strigoniensis
829 3845 974 3913 Ecclesia
990 3846 1103 3928 Electi,
1128 3846 1348 3931 Perpetuique
1365 3848 1481 3915 Comi·

336 3957 380 4022 tis
398 3953 543 4020 eiusdem
559 3953 633 4037 loci,
651 3953 810 4038 Propositi
826 3953 1019 4037 Budeensis,
1042 3953 1119 4021 aule
1135 3954 1238 4038 Regis
1254 3953 1483 4024 ViccCancel·

337 4062 411 4146 larij
430 4059 542 4127 dilecti
560 4067 592 4127 et
607 4059 712 4126 fidelis
729 4059 831 4127 nostri
847 4080 933 4127 anno
948 4059 1080 4128 Domini
1097 4061 1326 4128 M⁰GO⁰LXX⁰
1342 4071 1482 4154 quarto,

338 4169 444 4254 Regni
471 4176 577 4234 autem
603 4168 706 4235 nostri
730 4187 816 4235 anno
849 4169 1005 4235 secundo.
1038 4167 1291 4236 Venerabilibus
1322 4171 1485 4254 patribus

325 4273 505 4360 ‘Stephano
522 4273 691 4342 colocensi
724 4282 756 4340 et
786 4275 935 4344 Jobannc
965 4275 1153 4361 Spalatensi
1186 4273 1483 4365 Archiepiscopis;

263 4429 266 4434 -
340 4382 515 4469 Lamperto
531 4379 694 4470 Agriensi,
721 4383 848 4451 Briccio
866 4381 1095 4470 Chenadicnsi,
1112 4382 1198 4450 Jcnb
1214 4381 1485 4468 Quinqueeccle·

323 4488 449 4574 aiensi,
466 4488 630 4575 Phylippo
646 4491 811 4560 Waciensi
828 4491 902 4559 aule
921 4491 1049 4560 domine
1062 4493 1187 4576 Regino
1203 4489 1379 4560 karissime
1397 4519 1486 4564 con-

339 4597 436 4660 sortis
453 4601 561 4662 nostre
578 4595 790 4685 cancellario,
807 4599 909 4666 Paulo
926 4597 1161 4690 vesprimiensi
1179 4599 1252 4667 aule
1263 4605 1376 4669 noctre
1387 4605 1489 4673 Gan-
