3148 5146
147 1153 175 1216 Ι
179 1151 217 1217 V.
233 1150 353 1218 Ldezld
367 1148 544 1235 hirdiynak
559 1147 688 1215 Kolked
719 1149 875 1235 helyetpct
904 1149 1066 1234 torgyazd
1096 1147 1286 1235 adomdoya

390 1255 494 1342 Trepic
509 1255 686 1322 Jcooroat
695 1255 751 1339 fic
765 1259 929 1322 ozdmdra.
951 1254 1016 1320 127
1018 1256 1050 1318 3.

263 1449 332 1518 Nos
366 1448 470 1517 Maria
499 1447 562 1518 Dei
592 1448 707 1535 gracia
736 1447 864 1534 Regina
893 1447 1071 1536 Hungarie‚
1102 1448 1290 1536 Dalmacie,

150 1558 291 1628 Oroacie
307 1565 368 1626 etc.
386 1556 649 1626 commendantes
680 1563 793 1624 tenore
823 1556 1028 1642 presencium
1059 1553 1286 1643 significamus

146 1666 274 1752 ¹quihus
290 1663 423 1752 expedit
438 1663 609 1750 uniuersis,
641 1663 829 1748 quodcum
860 1662 1095 1731 Serenissimus
1126 1663 1288 1748 Princeps

154 1773 309 1843 dominus
334 1771 519 1840 Lodouicus
544 1770 673 1858 pridem
704 1769 847 1838 Illustris
877 1772 947 1839 Rex
978 1767 1148 1855 Hungaric
1178 1770 1288 1840 felicis

155 1879 399 1948 recordacionis
415 1900 500 1966 pyus
516 1878 644 1964 genitor
660 1883 772 1946 noster
797 1877 970 1946 uniuersas
1000 1877 1224 1963 possessiones
1256 1883 1290 1943 et

153 1987 437 2072 possessionarias
467 1984 638 2070 porciones
668 1983 807 2051 condam
838 1983 999 2069 Stephani
1023 1983 1102 2050 dicti
1127 2019 1172 2032 -
1187 2020 1233 2034 -
1246 2021 1293 2034 -

153 2115 197 2161 eo
214 2093 300 2178 quod
315 2094 450 2162 orbatus
466 2091 634 2175 utriusque
650 2109 750 2160 sexus
764 2091 858 2178 prole
874 2093 918 2159 ah
942 2088 1005 2158 hac
1027 2090 1100 2158 luce
1131 2089 1286 2162 decessus

151 2201 344 2288 putabatur,
383 2199 551 2284 Magistris
584 2199 727 2282 Georgio
759 2197 876 2267 Oomiti
908 2195 951 2266 ds
981 2197 1117 2284 Bcregh‚
1158 2198 1290 2269 Andros

153 2310 356 2380 Tesacraric
373 2318 495 2397 nostro,
512 2329 574 2377 nec
589 2329 654 2376 non
671 2309 849 2396 Stephano,
866 2308 1027 2396 Dyonisio
1043 2315 1076 2375 et
1091 2309 1200 2376 Dauid
1212 2307 1291 2393 tilijs

149 2417 307 2504 Magistri
322 2416 431 2486 Jahch
445 2417 488 2484 dc
503 2415 612 2486 Kusal
628 2415 687 2485 sth.
709 2423 866 2502 perpetuo
898 2417 1107 2497 contulisset;
1131 2415 1189 2484 sed
1220 2421 1292 2484 tan·

152 2527 230 2595 dem
246 2526 320 2612 ipso
335 2525 478 2612 glorioso
494 2525 647 2609 Principe
662 2523 793 2592 domino
808 2525 898 2609 Rege
923 2523 1072 2612 genitore
1103 2529 1215 2592 nostro
1244 2523 1291 2590 ab

153 2637 219 2702 hoo
235 2629 351 2700 mnndi
364 2631 530 2718 ergastulo
547 2631 668 2699 Diuino
684 2635 823 2700 vocante
834 2631 962 2717 jndicio
979 2628 1138 2699 demedio
1149 2631 1291 2718 sublato,

153 2762 238 2810 vxor
262 2740 369 2828 ipsius
401 2738 616 2828 Stephani-
637 2777 675 2788 —
698 2779 735 2791 --
755 2777 800 2788 -
830 2740 998 2826 Stephano
1029 2738 1120 2806 chito
1153 2737 1289 2821 cognita

154 2847 300 2935 grauida
313 2847 407 2935 prole
422 2867 589 2934 pregnans
606 2855 738 2934 reperta
765 2865 806 2914 ex
837 2885 882 2896 --
912 2884 957 2894 -
990 2881 1030 2895 -
1063 2866 1126 2930 que
1157 2845 1291 2912 tandem

153 2956 280 3024 Diuiuc
294 2962 376 3024 nutu
392 2953 641 3042 superueniente
657 2954 780 3040 prolem
795 2953 927 3022 nomine
942 2953 1102 3021 Briccium
1119 2951 1292 3039 genuisset

156 3063 384 3140 masculinam,
401 3061 536 3148 ipseque
551 3061 698 3130 Briccius
709 3070 857 3148 suscepto
867 3059 1076 3146 baptismatis
1085 3065 1292 3129 sacramento

159 3171 330 3240 citissimis
346 3169 462 3238 diebus
493 3169 594 3236 vitam
625 3170 836 3256 temporalem
869 3168 1046 3255 finiuisset3
1070 3168 1292 3236 Serenissima

155 3277 316 3362 Princeps
332 3275 467 3343 domina
481 3276 632 3360 genetrix
648 3283 762 3343 nostra
777 3273 957 3342 karissima
981 3274 1131 3341 similiter
1161 3273 1290 3360 &gina

155 3383 332 3470 Hungarie
348 3381 482 3450 easdem
498 3383 726 3468 possessiones
751 3390 784 3450 et
814 3381 1090 3468 possessioneriae
1120 3380 1292 3469 porciones

155 3489 296 3559 antefati
312 3489 458 3556 eiusdem
474 3487 636 3574 Stephani
651 3495 684 3558 et
699 3490 770 3558 eius
786 3489 845 3574 filij
863 3488 927 3556 sihi
952 3487 1166 3572 succedentis,
1197 3488 1293 3558 vhili·

156 3599 215 3666 het
228 3597 365 3664 habitas
382 3604 415 3663 et
432 3597 611 3664 existentes
628 3595 727 3664 velud
743 3597 910 3666 hominum
926 3597 996 3664 sine
1028 3596 1148 3666 herede
1179 3597 1291 3665 deces-

146 3724 270 3774 sorum
285 3703 330 3770 ad
346 3722 463 3770 manns
478 3707 609 3770 nostras
632 3703 754 3789 Regias
785 3703 957 3772 deuolutus
987 3701 1108 3772 dudem
1141 3703 1218 3788 fitijo
1249 3705 1293 3774 dc

155 3831 246 3880 nouo
262 3817 295 3877 et
312 3809 421 3878 denuo
437 3811 639 3898 contulisset,
671 3809 834 3896 iidemque
849 3811 907 3897 filij
924 3810 1074 3897 Magistri
1102 3811 1211 3878 Jahch
1241 3813 1293 3880 vsi

151 3918 309 4004 legitima
324 3916 430 4000 Regni
445 3917 548 3985 nostri
565 3917 810 4006 consuetudine,
843 3919 1014 3988 uniuersas
1031 3919 1200 4006 porciones
1216 3941 1291 4008 por·

146 4025 374 4098 sessionarias
406 4024 552 4093 eiusdem
584 4025 755 4114 Stephani,
798 4027 881 4096 duas
912 4026 1026 4114 Keled,
1074 4027 1293 4122 Dentheleke,

149 4132 308 4221 Wyfatu
324 4129 428 4217 Edde,
461 4131 555 4218 Sard,
586 4132 683 4200 Mach
698 4140 732 4204 et
747 4171 790 4184 —-
806 4176 851 4188 -
865 4135 911 4224 yh
925 4141 1061 4204 vocatas
1093 4135 1157 4204 sth.
1190 4140 1293 4207 statui

145 4242 272 4312 facere
287 4239 353 4308 sihi
369 4238 554 4308 voluissent
569 4241 631 4309 sib.
656 4241 772 4311 Petrus
804 4243 845 4311 ds
875 4243 971 4331 Byze,
1001 4243 1131 4312 nobiles
1162 4244 1292 4317 domine

148 4349 275 4418 relicte
290 4346 454 4417 iohannis
469 4349 547 4416 dicti
563 4349 659 4438 Olah,
685 4357 719 4418 et
734 4351 821 4420 Petri
836 4351 896 4438 tilij
914 4349 1048 4440 Phome,
1073 4371 1114 4420 ao
1129 4351 1295 4442 Stephani

142 4455 241 4525 dicti
255 4454 383 4522 hiesser
398 4455 670 4525 contradixissent
685 4458 747 4527 sth.
758 4459 795 4545 (s
810 4478 849 4526 aa
866 4459 963 4527 innerr
974 4456 1066 4536 eredt
1074 4456 1147 4548 per)
1165 4460 1209 4530 ad
1218 4485 1293 4552 pra-

135 4568 272 4636 sentes
289 4566 425 4630 octonas
441 4561 804 4650 festiiipyphnniarum
819 4565 949 4636 Domini
960 4567 1020 4634 sih.
1038 4563 1294 4661 (ttrgyaltatott,

268 4697 374 4738 nouom.
389 4697 474 4736 nuru.
490 4698 561 4739 msr.
578 4708 623 4722 -·
638 4701 711 4740 nrrn.
728 4701 796 4742 mr.
1166 4682 1186 4746 6
