3124 5152
877 311 942 382 252

823 402 984 416 -ψ

345 507 533 576 huiusmodi
549 507 794 580 infidelitatibus
809 509 878 577 suis
894 515 927 575 et
943 507 1129 577 excessibus
1154 507 1249 576 morti
1278 505 1475 576 adiudieau·
1555 565 1556 580 r

344 623 402 699 tes,
419 617 535 686 villam
551 616 622 685 eins
638 615 733 686 era
749 621 897 686 uocatam
922 615 956 683 in
981 614 1144 684 Comitatu
1176 613 1372 701 Byhoriensi
1403 614 1473 682 exi·
1555 653 1556 702 p

343 727 491 811 amulam,
522 745 620 810 quam
637 724 743 796 dictus
758 724 904 792 Thomas
921 745 985 792 non
1000 746 1042 792 cn
1067 723 1251 793 collacione
1265 723 1381 810 Regia,
1411 743 1473 791 nec

343 829 431 898 insto
446 831 624 919 empcionis
642 833 737 900 titulo
752 831 954 918 possederat,
978 831 1038 898 aed
1054 829 1281 920 potencialiter
1296 849 1475 916 occupaue

343 945 406 1027 rat,
437 957 476 1007 eo
493 939 580 1024 qood
597 939 719 1009 domiui
735 941 787 1008 sni
802 939 1020 1026 prenominati
1037 939 1203 1026 Nycolaus
1217 937 1428 1026 Woyawoda
1442 943 1476 1006 et

344 1047 477 1132 stegen
492 1054 568 1116 tunc
583 1047 735 1135 temporis
752 1047 786 1114 in
801 1049 911 1133 Regno
928 1053 1046 1132 nostro,
1062 1053 1095 1115 et
1110 1046 1300 1135 specialiter
1328 1045 1365 1113 in
1398 1063 1474 1133 pro·

347 1155 458 1224 uincia
472 1155 692 1243 Waradycnsi
707 1175 779 1226 eum
797 1175 918 1242 magua
947 1155 1102 1243 potencia
1131 1173 1168 1224 se
1199 1155 1370 1242 gerebant,
1402 1173 1477 1222 cunr

348 1263 497 1332 omnibns
514 1263 708 1334 utilitatibus
723 1264 801 1352 suis,
815 1265 876 1332 sub
892 1262 1035 1348 antiquis
1050 1263 1145 1332 metis
1159 1269 1194 1330 ct
1216 1260 1371 1348 terminia,
1406 1260 1477 1346 qni·
1555 1305 1556 1344 p

345 1373 406 1442 bus
423 1372 539 1440 eadem
554 1393 614 1460 per
628 1373 752 1461 priores
768 1393 846 1442 suos
862 1390 1066 1459 possessores
1081 1369 1220 1440 limitata
1234 1371 1344 1440 fuerat
1358 1375 1476 1457 etpos-
1555 1363 1556 1456 ᾖ

346 1499 457 1567 sessa;
482 1487 514 1550 et
528 1481 656 1550 vineam
687 1480 831 1554 eiusdem
862 1480 1048 1566 empticium
1077 1501 1175 1568 super
1205 1486 1294 1548 terra
1326 1476 1478 1546 &closis
1555 1485 1556 1510 ³

346 1587 570 1657 waradiensis
587 1589 621 1656 in
638 1589 710 1658 loco
728 1589 932 1678 Pyspukmal
957 1595 1076 1658 uocato
1107 1587 1287 1673 adiacente,
1317 1604 1380 1654 nec
1409 1605 1479 1653 non
1555 1625 1556 1640 r

346 1699 457 1766 omnia
472 1697 559 1766 bona
575 1698 691 1786 ipsius,
723 1697 859 1766 mobilia
876 1695 1027 1766 videlieet
1043 1702 1076 1766 et
1098 1695 1288 1782 immobilia,
1318 1713 1383 1778 que
1399 1691 1479 1760 licet

345 1811 497 1892 respectu
513 1805 770 1874 destruccionem
787 1814 820 1875 et
835 1806 1051 1894 dampnorum
1068 1803 1201 1874 Comitis
1216 1804 1352 1889 Thcme,
1369 1799 1477 1885 Magi·
1555 1795 1556 1876 i

347 1919 486 1982 strorum
502 1912 671 2001 lobannis,
686 1921 719 1982 ct
733 1913 883 2000 Rolandi‚
915 1935 955 1982 ac
977 1913 1137 1999 Stephani
1167 1910 1386 1997 predictorum
1418 1925 1477 1995 per
1555 1985 1556 1996 2

347 2021 507 2109 prelatum
523 2021 680 2090 'l'homam
697 2022 738 2088 de
754 2023 851 2109 Kany
866 2023 1028 2090 illatorum
1044 2021 1172 2089 modica
1187 2038 1261 2088 esse
1291 2015 1479 2096 uideantur,
1555 2049 1556 2100 2

348 2147 409 2215 pro
425 2126 574 2214 dampnis
590 2135 622 2196 et
638 2125 915 2198 destruccionibus
932 2129 1161 2200 nichilominus
1177 2125 1363 2209 eorundem,
1388 2119 1479 2192 dedi·
1555 2145 1556 2202 j

348 2255 420 2304 mua
435 2241 467 2302 et
482 2235 724 2320 assignuuimus
740 2236 975 2322 prenominatis
1002 2235 1118 2304 Comiti
1144 2234 1277 2322 Thone,
1307 2229 1478 2316 Magistris

347 2343 508 2412 iohannis
524 2351 557 2411 ct
571 2343 730 2432 Rolando,
748 2365 789 2411 ac
803 2345 982 2435 Stephano,
1014 2353 1048 2412 et
1062 2344 1141 2431 alijs
1156 2343 1233 2431 filijs
1247 2341 1352 2430 ipsius
1368 2335 1480 2408 Conri-

349 2450 392 2522 tis
406 2450 542 2537 thome,
576 2451 710 2535 Jacobo,
726 2451 894 2534 Ladiclao,
911 2453 1088 2520 Benedicto
1105 2459 1138 2521 et
1160 2450 1305 2520 ‚Iohanni
1329 2446 1480 2531 ucoafla3
1555 2443 1556 2534 l

348 2577 409 2628 nec
424 2577 491 2626 non
505 2557 583 2644 ilija
599 2557 735 2644 predicti
752 2559 902 2646 Magistri
933 2559 1106 2650 iohannis,
1133 2561 1236 2645 Petro,
1266 2556 1415 2627 iohanni
1447 2561 1482 2623 et

349 2667 500 2756 Nyeolao
518 2667 705 2750 nominatis,
737 2678 769 2736 et
784 2689 843 2755 per
859 2687 916 2737 eos
940 2670 1009 2738 suis
1039 2667 1225 2755 heredibus,
1255 2666 1482 2749 heredumque
1555 2671 1556 2730 i

350 2771 1483 2862 suorumsuecessoribusperpetuoetirreuoeabiliterpossidends.In
1555 2821 1556 2888 ἦ

349 2881 440 2952 cuins
451 2884 497 2952 rei
508 2881 695 2954 memoriam
707 2883 956 2970 firmitatemque
966 2893 1157 2972 perpetuam
1168 2891 1335 2973 presentes
1347 2881 1482 2950 litteras
1555 2927 1556 2936 1

349 2991 567 3062 concessimus
577 2990 741 3078 dupplieia
751 2991 854 3077 sigilli
865 2993 966 3060 nostri
976 2993 1152 3062 munimine
1161 2991 1481 3063 roborandoDatum

326 3114 329 3119 ’
348 3119 531 3186 permanes
548 3098 745 3168 uenerabilis
761 3099 822 3168 viri
838 3099 987 3186 Magistri
1001 3100 1138 3188 Nyoolai
1149 3101 1253 3168 illecti
1265 3095 1483 3168 hloelesieAl·

349 3207 459 3278 benaia
470 3208 555 3276 Aule
563 3215 675 3276 nostre
685 3207 971 3298 vicecancellarij,
989 3209 1100 3296 dilecti
1115 3217 1148 3278 et
1164 3207 1381 3278 tidelisnostri
1391 3227 1483 3276 anno

349 3315 481 3384 Domini
497 3315 671 3386 millesimo
687 3316 907 3386 ducentesimo
923 3319 1162 3404 septuagesimo
1172 3337 1266 3401 nono,
1276 3315 1354 3385 111⁰.
1364 3313 1485 3384 kalen·

351 3421 413 3491 das
429 3421 614 3512 Februarij,
646 3424 828 3495 indiccione
844 3425 996 3514 septima,
1022 3426 1124 3513 Regni
1140 3433 1248 3494 autom
1264 3425 1366 3494 nostri
1391 3443 1486 3492 anno
1555 3421 1556 3426 ’

351 3529 500 3617 septimo.
517 3535 771 3620 Metropolitana
786 3533 871 3605 Sede
897 3534 1134 3620 Strigouiensia
1149 3533 1297 3604 Ecclesia
1327 3541 1488 3622 sanante,
1555 3519 1556 3608 Ῐ

349 3639 498 3709 iohanne
514 3641 700 3727 spalatensi
715 3640 977 3730 Archiepiseopo,
1003 3641 1152 3712 Johanne
1167 3641 1369 3712 Archielecto
1386 3641 1488 3711 Guio-

351 3747 441 3817 censi
456 3747 532 3816 aule
546 3754 658 3818 nostre
674 3749 894 3838 (lancellarim
919 3749 982 3818 Job
999 3749 1350 3836 Quinquceccleaiensi,
1376 3748 1488 3819 Ledo
1555 3759 1556 3820 3

351 3857 451 3925 merie
462 3855 679 3947 Waradiensi,
695 3858 879 3948 Tpmotheo
890 3859 1116 3948 Zagrahiensl‚
1131 3857 1289 3946 Dyonisio
1304 3857 1490 3946 Jauriensi,

352 3965 451 4033 Petro
466 3963 696 4051 Transiluano,
727 3966 860 4034 Andrea
875 3966 1040 4056 Agriensi,
1066 3967 1222 4054 Gregorio
1248 3965 1490 4056 emonensi,

349 4074 446 4144 Petro
460 4073 716 4160 Weeprimiensi,
744 4075 871 4166 'l'homa
901 4076 1080 4164 Wacyensi
1111 4075 1284 4163 Episcopia
1313 4074 1490 4145 Ecclesiae
1555 4147 1556 4156 χ

350 4183 414 4250 Dei
431 4179 568 4250 feliciter
592 4181 861 4267 gnbcmantibns.
894 4185 1024 4252 Matheo
1041 4183 1203 4272 Palatino,
1221 4181 1346 4252 Comite
1360 4183 1491 4272 Suprn·
1555 4201 1556 4204 ’

350 4292 467 4381 nicusi,
483 4292 692 4382 symigiensi,
710 4293 827 4362 Judice
843 4294 1079 4380 Orrmauorum3
1102 4295 1249 4381 Npcolao
1266 4295 1358 4362 Banc
1372 4295 1489 4362 tocius

349 4401 538 4484 Solanonie,
571 4399 692 4487 Vgrino
708 4402 866 4488 Magistro
881 4402 1147 4474 rawarnieoruu
1163 4411 1356 4490 nostrorum,
1390 4404 1491 4471 Bane
1555 4419 1556 4432 ¹

351 4507 558 4592 deMacbcu3
574 4509 683 4597 Fpnta
698 4511 903 4599 Woyawoda
918 4513 1149 4601 Transiluano,
1167 4513 1292 4584 Gemite
1302 4513 1491 4601 deZouuk3

352 4617 518 4704 Stephano
556 4617 713 4704 Magistro
741 4620 971 4709 Dapilerorum
987 4629 1185 4710 nostrorum,
1222 4622 1348 4691 comita
1383 4624 1492 4693 Poao·
