3112 5154
562 306 724 404 jar—

94 507 141 566 em
154 504 356 586 compertum,
372 499 550 584 antiquitus
567 507 711 586 tempore
727 497 816 566 dicta
832 498 949 584 prioris
963 517 1080 584 gncrrs
1094 505 1208 570 tenuc-

87 613 158 673 ··rnnt
172 615 200 672 et
215 608 444 692 possederunt5
475 629 515 676 ac
530 608 673 695 ipsorum
704 607 881 676 heredibus
900 613 932 674 et
963 609 1206 677 successoribus

95 716 181 782 libere
208 735 246 781 ao
261 715 397 801 pacifice
412 716 445 782 in
462 721 654 802 perpetuum
683 713 893 800 possidenda„
909 713 951 780 Et
967 713 1010 780 sit
1036 713 1117 782 villa
1132 715 1208 798 ipsa

96 821 223 908 predicta
238 843 309 889 cnm
326 825 538 910 pertinenoijs
559 823 627 892 suis
643 819 683 890 de
715 830 823 892 cetero
854 823 998 890 omnium
1029 822 1205 890 eorundem

97 931 332 1016 supradictorum
364 931 579 1017 Dedigiorum
610 931 654 998 ad
672 929 857 998 faciendam
890 927 1008 998 exinde
1040 937 1142 998 totam
1169 950 1209 996 ac

97 1037 293 1126 omnimodam
310 1059 406 1107 snam
423 1040 633 1126 voluntatem,
651 1061 716 1108 non
748 1037 950 1108 obstantibus
982 1038 1208 1106 instrumentis

98 1145 220 1229 publicis
236 1148 289 1214 vel
304 1146 420 1231 Regijs
436 1148 630 1235 priuilegijs,
647 1167 706 1214 seu
722 1147 837 1230 aliqua
852 1165 1045 1232 quacunque
1061 1143 1207 1232 licencia,

96 1254 203 1320 mouet
213 1274 346 1321 nnaseu
363 1255 522 1342 pluribus,
538 1274 602 1340 que
618 1255 672 1322 vel
688 1274 770 1338 quas
792 1253 968 1320 Commune
983 1271 1042 1320 seu
1058 1251 1206 1320 homines

97 1357 129 1424 de
142 1357 277 1446 Spalato,
310 1361 364 1427 vel
381 1358 556 1428 Commune
587 1381 645 1428 sen
674 1360 823 1428 homines
839 1361 880 1427 de
896 1359 1056 1443 Tragurio
1078 1379 1208 1444 quoquo

98 1467 176 1532 modo
191 1468 392 1536 obtinuerint
408 1470 456 1534 nel
483 1469 606 1536 habent
622 1469 662 1536 de
694 1469 840 1554 predicta
870 1469 958 1536 villa.
990 1467 1060 1546 Qua
1093 1466 1208 1534 instru-

22 1583 23 1586 ’
97 1580 199 1661 menta,
215 1576 389 1662 priuilegia
406 1583 437 1642 et
452 1579 570 1664 littere,
586 1577 692 1662 siqua
707 1579 758 1646 vel
770 1579 872 1660 sique
887 1577 1022 1644 mitonins
1039 1581 1209 1660 apparent,

22 1775 23 1778 Ἴ
98 1684 190 1748 omnia
204 1704 260 1750 seu
277 1703 403 1771 omnes,
420 1705 460 1752 ac
478 1685 609 1770 singula
639 1705 696 1753 seu
729 1686 878 1770 singulas
909 1703 1005 1752 cassa
1022 1689 1052 1748 et
1085 1695 1208 1766 cassas,

22 1831 23 1872 3
98 1786 217 1856 initaet
246 1791 371 1880 irritas,
400 1811 505 1862 mona
537 1800 571 1861 et
586 1814 720 1881 vacuas,
752 1794 874 1862 nullius
893 1791 1159 1876 vigoris,roboris
1175 1799 1208 1856 et

22 1949 23 1964 2
97 1898 201 1966 valoris
216 1901 373 1984 deinceps
389 1901 423 1967 in
439 1908 630 1988 perpetuum
649 1901 718 1968 fore
734 1901 993 1987 pronunciamus.

185 2004 337 2074 Preterea
353 2007 523 2094 scopulum
539 2009 610 2078 siue
621 2010 760 2076 insulam
770 2015 918 2077 vocatam
935 2008 1049 2076 Sancti
1066 2005 1206 2090 Stefani,

96 2129 178 2196 snper
192 2133 253 2196 qua
269 2115 359 2182 inter
373 2115 536 2200 predictas
553 2113 712 2186 Ciuitates
736 2118 862 2200 questio
893 2115 1094 2200 mouebatur,
1126 2115 1209 2180 arbi-

97 2225 201 2286 tramur
215 2221 683 2290 etdiffinitiuesentenciamus
695 2243 766 2290 esse
783 2223 823 2290 de
845 2230 952 2290 cetero
968 2223 1002 2288 in
1019 2226 1208 2308 perpetuum

22 2391 23 2420 ,
99 2324 263 2396 Communis
281 2329 424 2416 Spoleti,
443 2331 671 2398 nonobstante
690 2331 904 2398 instrumento
924 2329 1035 2412 aliquo
1045 2330 1097 2396 vel
1107 2328 1210 2414 Regio

22 2423 23 2436 ¹
97 2432 251 2518 priuilegio
277 2455 338 2503 scu
370 2437 438 2502 alia
453 2457 646 2522 quacunque
662 2438 783 2525 littera,
800 2458 863 2504 vno
878 2438 930 2505 vel
946 2456 1012 2506 vna
1027 2436 1097 2504 sinc
1113 2438 1211 2524 pluri-

100 2539 158 2626 bns,
172 2562 232 2626 qne
248 2545 306 2610 vel
324 2563 406 2628 quas
426 2541 605 2610 Commune
621 2565 679 2612 seu
709 2545 859 2612 homiues
873 2543 914 2610 de
944 2545 1104 2628 Tragurio
1134 2566 1210 2629 quo·

98 2650 237 2729 quomodo
264 2651 475 2718 obtinuerunt
491 2653 541 2717 vel
557 2650 680 2720 habent
697 2652 737 2720 de
755 2653 885 2740 prelata
900 2653 1007 2720 insola
1022 2672 1080 2719 sen
1097 2671 1210 2738 scopu·

97 2755 141 2840 lo;
169 2779 228 2843 que
243 2761 469 2845 instrumenta,
501 2760 679 2846 priuilegia
695 2769 727 2830 et
740 2762 857 2848 littere,
890 2761 920 2828 si
937 2781 1002 2846 qna
1019 2762 1071 2828 vel
1088 2761 1116 2828 si
1148 2781 1210 2843 qne

98 2863 214 2934 ulterius
237 2875 446 2955 apparerent,
462 2869 640 2936 omniaseu
650 2889 772 2957 omnes,
783 2889 822 2936 ac
832 2868 963 2952 singula
979 2887 1036 2934 seu
1052 2869 1210 2954 singulas,

99 2992 176 3040 masa
191 2981 223 3042 et
238 2995 363 3060 cassas,
378 2977 472 3042 irrita
487 2982 520 3042 et
535 2975 655 3059 irritas,
671 2997 776 3044 vacuo
793 2985 825 3044 et
841 2994 962 3044 vacuas
977 2975 1096 3042 nullius
1122 2975 1212 3059 vigo-

97 3079 142 3166 ris,
155 3082 276 3150 roboris
311 3090 343 3150 et
358 3082 479 3150 valoris
496 3083 566 3150 lore
581 3083 622 3150 de
638 3091 745 3152 cetero
762 3083 795 3150 in
815 3089 1006 3168 perpetuum
1021 3081 1209 3168 pronuncia·

96 3208 164 3256 mna.
178 3193 359 3259 Ecclesiam
377 3211 455 3259 vcro
474 3193 587 3260 Sancti
618 3193 705 3260 Petri
737 3193 778 3260 de
810 3191 990 3260 Clobuiocia
1021 3209 1093 3257 cum
1125 3192 1212 3258 omni

97 3297 238 3365 territorio
263 3318 334 3382 suo,
352 3304 384 3365 et
398 3305 516 3366 terram
533 3321 596 3386 que
611 3301 747 3368 Bistricz
766 3299 959 3384 nominatur,
981 3317 1079 3384 super
1094 3297 1212 3382 quibus

22 3441 23 3454 κ
95 3399 169 3469 inter
195 3405 361 3490 predictas
392 3405 550 3476 Ciuitates
581 3407 706 3490 questio
741 3406 939 3492 vertebatur,
972 3425 1029 3492 per
1069 3412 1212 3474 nostram

87 3509 289 3580 arbitrariam
321 3515 518 3582 sentenciam
559 3513 766 3583 diffinitinam
796 3515 899 3599 Regia
932 3513 1097 3581 Maiestati
1128 3515 1212 3584 inter

98 3618 212 3684 casdem
228 3619 395 3706 predictas
411 3622 569 3694 Ciuitates
589 3623 800 3708 relinquimus
818 3621 1066 3689 terminandam.

189 3725 312 3796 Omnes
352 3739 460 3796 antem
502 3733 726 3817 possessiones
768 3730 954 3797 Communis
984 3737 1016 3796 et
1047 3729 1211 3796 hominnm

94 3827 208 3916 Spalati
222 3839 448 3922 quoquomodo
465 3847 629 3925 acceptas,
646 3841 778 3908 ablatas
794 3840 864 3906 sime
879 3837 1029 3906 venditas
1048 3858 1106 3926 per
1121 3836 1213 3904 Com·

95 3957 179 4008 mune
202 3952 234 4010 et
251 3944 395 4012 homines
410 3947 563 4032 Tragurij
581 3956 648 4014 tam
665 3947 698 4012 in
715 3945 855 4014 Ciuitate
875 3967 972 4030 quam
990 3949 1024 4012 in
1045 3945 1212 4012 territorio

85 4045 228 4137 'Tragurij
245 4052 279 4116 in
290 4051 352 4118 huc
367 4073 495 4142 guerra,
513 4073 576 4138 que
591 4055 835 4140 presencialiter
850 4055 1047 4139 habebatur,
1066 4050 1210 4118 arbitra·

96 4173 157 4219 mur
171 4165 201 4224 ct
211 4158 385 4228 diffinitine
401 4162 641 4230 sentenciamus
651 4161 821 4230 Communi
838 4169 871 4228 et
887 4160 1071 4228 bominibus
1087 4157 1213 4241 Spaleti

96 4278 158 4330 esse
187 4267 393 4351 integraliter
427 4271 665 4355 restituendas;
691 4279 768 4338 ete
801 4289 960 4338 conuerso
991 4264 1213 4354 possessiomes

96 4366 268 4442 Communis
300 4381 333 4441 et
347 4375 512 4444 hominum
538 4379 689 4467 Tragurij
708 4377 930 4463 quoquomodo
947 4378 1109 4461 acceptas,
1125 4373 1213 4439 obla-

96 4479 140 4541 tas
155 4478 222 4546 sine
236 4481 389 4551 venditas
404 4503 462 4570 per
494 4486 669 4553 &inmune
696 4493 728 4553 et
758 4485 903 4552 homines
936 4479 1066 4572 Spaleti
1097 4481 1213 4548 tamin

90 4578 228 4655 Ciuitate
258 4609 358 4676 qnam
388 4590 424 4658 in
439 4593 600 4660 territorio
631 4593 767 4679 Spoleti,
794 4592 963 4660 Communi
980 4599 1011 4660 et
1030 4589 1215 4657 bominibus

1048 4695 1108 4766 15*
