3068 5150
627 1037 702 1108 296.

109 1238 129 1300 Ι
134 1237 163 1302 V.
186 1238 302 1306 Luscio
323 1239 502 1324 ttrotynat
518 1235 644 1326 Zobopy
659 1246 740 1304 utut
747 1239 859 1326 fulde
874 1240 1031 1326 trirppuzo
1044 1240 1226 1326 adomtnpa

235 1345 313 1412 Hem
328 1347 360 1412 tc
376 1345 529 1432 Demeter,
545 1347 719 1413 Jtooucat
728 1348 798 1429 floc‘
811 1351 975 1412 neomuto.
998 1348 1095 1414 1282.

107 1543 138 1604 (A
150 1543 308 1611 grttzichy
321 1545 418 1596 csoltd
431 1543 626 1612 Okmtnyttrs
638 1546 662 1597 1.
674 1546 734 1596 ket.
761 1548 803 1596 51.
817 1547 837 1596 1.
859 1545 997 1611 Vtghelyi
1016 1547 1105 1596 Dezstt
1131 1545 1225 1596 kerle-

598 1635 718 1701 menye.)

527 1923 794 1934 m—

621 2461 696 2530 297.

102 2659 155 2725 IV.
171 2660 286 2727 Lente
300 2661 411 2744 kirtly
431 2635 537 2724 Ocuri
552 2660 689 2727 Koortd
704 2661 875 2727 mererere
890 2685 912 2726 a
922 2661 1048 2748 kirdlyc'
1058 2668 1132 2729 odor
1141 2661 1222 2749 fele-

406 2769 506 2832 rtsztt
521 2767 775 2855 odomcioyozza.
800 2769 901 2835 1282.

199 2963 377 3031 Ladizlaus
408 2961 471 3030 Dei
500 2963 615 3045 gracie
645 2961 824 3052 Hnngarie,
866 2963 1045 3050 Dclmsoie,
1076 2965 1220 3050 Croucie,

100 3071 203 3156 Reme,
218 3071 342 3156 Seruis,
358 3069 505 3156 Gallicis,
522 3069 724 3158 Lodomerie‚
741 3068 896 3138 cumanis
915 3070 1133 3157 Bulgerieque
1148 3072 1219 3140 Rex

104 3178 243 3248 omnihus
260 3178 383 3246 Christi
400 3177 550 3245 fidelibus
567 3183 734 3264 presentes
744 3177 870 3248 litteras
880 3179 1072 3265 inspecturis
1083 3181 1219 3248 sulutem

100 3284 130 3348 in
147 3306 193 3374 eo,
206 3287 260 3371 qui
276 3294 419 3354 eternum
434 3285 577 3368 Regibus
594 3287 651 3352 dat
666 3285 817 3353 salutem.
842 3286 894 3352 Ad
909 3286 1133 3355 vniuersorum
1150 3297 1216 3354 tum

100 3397 295 3478 presencium
310 3413 409 3478 quern
423 3392 603 3460 futurorum
627 3392 784 3461 noticiam
809 3393 922 3462 harum
955 3395 1038 3460 serie
1068 3397 1220 3464 nolumus

100 3503 283 3586 peruenire:
301 3500 389 3585 qnod
403 3520 463 3568 nos
480 3499 773 3587 circumspeccione
788 3501 1046 3588 Regiapensatis
1057 3503 1220 3571 fidelitati-

101 3607 158 3675 bns
174 3615 204 3677 st
219 3609 393 3694 meritorijs
425 3608 591 3694 obsequijs
622 3616 655 3675 et
685 3608 888 3692 obsequiosis
919 3607 1042 3676 meritis
1072 3609 1219 3694 Magistri

100 3714 239 3785 tonale
256 3716 298 3785 de
312 3716 412 3785 Owor
427 3715 537 3784 dilecti
553 3723 585 3784 et
601 3716 708 3786 fidelis
724 3717 838 3804 nostri,
870 3735 933 3801 qne
949 3717 1042 3783 nobis
1068 3717 1218 3802 tempori-

99 3824 156 3892 bus
171 3826 335 3913 oportunis
352 3824 565 3894 lcudabiliter
580 3825 740 3914 exhybnit
755 3833 787 3895 et
795 3823 963 3910 impendit,
980 3829 1115 3909 propter
1124 3844 1220 3908 quem

99 3934 237 4004 nolentes
254 3934 317 4002 sibi
333 3953 500 4001 occurrere
518 3936 619 4019 Regio
636 3954 707 4003 curn
718 3932 848 4019 senore3
865 3929 1108 4000 considerantes
1119 3931 1220 3998 eciem

99 4041 263 4112 rtilitatern
280 4047 313 4109 et
328 4041 498 4110 comodum
514 4041 644 4127 continij
661 4041 769 4126 Regni
800 4041 914 4128 nostri,
946 4039 980 4105 in
1012 4060 1051 4107 eo
1083 4039 1219 4128 scilicet,

98 4151 172 4233 qnia
185 4154 270 4222 idem
285 4154 444 4238 Magister
459 4152 637 4222 uunaldus
653 4153 687 4218 in
704 4152 775 4238 ipso
791 4150 929 4218 confinio
958 4149 992 4214 in
1017 4147 1221 4234 possessione

98 4279 156 4328 suo
170 4261 369 4330 hereditario
383 4260 467 4330 torte
482 4260 717 4329 fecit-castrum
734 4258 911 4346 preparari,
943 4277 1001 4343 per
1030 4256 1115 4341 qnod
1147 4275 1221 4325 con-

98 4371 239 4438 seruncio
255 4369 334 4437 dicti
349 4368 479 4455 confinij
497 4369 667 4456 potissime
683 4367 883 4452 gubernatur
900 4391 908 4431 ι
926 4362 1030 4431 eidem
1062 4363 1219 4448 Magistro

99 4477 247 4546 Oorroldo
263 4477 305 4544 de
320 4483 433 4544 nostru
458 4475 572 4561 gracie
597 4476 815 4544 concessimus
846 4473 981 4560 speciali
1012 4470 1218 4540 medietatem

98 4583 213 4673 tributi,
243 4583 331 4670 quud
355 4589 404 4651 est
433 4584 467 4652 in
498 4583 660 4667 Musunio,
694 4583 747 4668 qui
778 4581 1004 4667 kerntquettey
1036 4578 1156 4646 dicitnr
1186 4585 1220 4647 in

101 4689 233 4779 wlgeri3
257 4691 343 4777 quod
356 4692 482 4762 scilicet
496 4693 651 4761 tributum
669 4691 711 4758 ed
729 4689 884 4758 comitem
902 4687 1143 4830 Musunicnsem
1160 4709 1219 4774 pro

1048 4799 1091 4864 23
