3112 5154
827 182 987 284 3434-

344 379 440 465 uiam,
458 397 554 464 super
570 397 635 464 qua
651 377 714 446 itur
730 377 773 445 ad
790 377 897 446 locum
915 379 977 446 lori
993 378 1034 447 de
1050 377 1162 464 (harig,
1194 378 1305 466 ibique
1321 385 1371 448 ost
1386 389 1471 449 meta

344 493 459 573 terrea,
477 487 710 554 commetancis
726 491 860 554 actenus
876 486 1033 572 Bogdauo
1049 494 1082 555 et
1093 485 1230 554 chemel
1241 489 1467 571 existentibus;

345 591 423 662 inde
439 597 532 662 iuxta
548 601 667 662 terram
684 593 763 660 dicti
779 593 937 681 Stephani
953 593 1131 680 procedens
1147 597 1470 681 uersusseptemtrio·

344 723 419 770 nem
436 702 468 768 in
486 701 632 789 predicta
647 702 702 770 nia
718 701 752 767 in
777 704 863 770 silua
888 703 957 768 exit
987 702 1030 768 ad
1060 709 1179 770 metam
1212 709 1372 787 terreom;
1396 705 1469 772 inde

345 811 489 878 declinat
506 811 550 879 ad
566 816 664 896 caput
677 809 768 896 fluuij
787 810 951 897 Graduob,
968 811 1079 897 ibique
1095 831 1188 878 mons
1205 833 1262 879 seu
1280 814 1377 882 berch
1394 813 1469 880 Gra·

344 920 426 986 deoh
442 927 576 988 uocatus
593 920 680 988 cedit
695 919 782 988 dioto
798 921 934 1007 Jacobo,
951 927 1037 987 terra
1053 919 1131 986 dicti
1147 922 1305 1005 Stephani
1336 943 1357 990 a
1381 929 1470 1008 parto

345 1028 540 1096 occidentali
556 1035 765 1114 remanente3
790 1027 867 1094 inde
883 1028 916 1094 in
934 1030 1046 1095 eodcrn
1064 1029 1164 1096 fluuio
1178 1031 1361 1116 procedens
1390 1031 1445 1097 ins
1459 1068 1470 1081 -

344 1137 413 1204 rius
429 1136 581 1221 relinquit
596 1143 714 1205 terram
731 1137 835 1221 ipsius
852 1133 1021 1223 Stephani,
1054 1142 1086 1204 et
1104 1137 1262 1204 uicinatur
1277 1145 1361 1207 terre
1392 1137 1469 1204 filio-

344 1263 413 1310 rum
430 1243 544 1330 Steph,
560 1250 592 1310 et
607 1244 696 1312 cadit
711 1245 745 1311 in
761 1243 894 1311 fluuium
911 1245 1181 1331 Meduegaunga3
1207 1245 1241 1311 in
1267 1265 1329 1330 quo
1360 1265 1468 1334 prooe-

345 1351 426 1419 dens
441 1351 592 1437 superius
608 1373 722 1422 uersus
739 1353 918 1440 meridiem,
936 1352 1114 1435 exiensque
1130 1353 1171 1420 de
1187 1354 1260 1438 ipso
1276 1353 1377 1421 fluuio
1397 1373 1466 1440 pro·

346 1459 432 1526 cedit
447 1479 560 1528 uersus
577 1465 703 1546 partem
722 1461 855 1527 orientis
872 1459 904 1525 in
922 1459 1016 1528 siluis
1033 1458 1099 1547 bik,
1118 1465 1150 1527 et
1165 1461 1254 1527 uenit
1269 1461 1312 1528 ad
1329 1461 1468 1546 priorem

347 1574 476 1651 metam,
494 1565 604 1652 ibique
620 1565 818 1634 terminatur.
853 1567 1033 1634 Astiterunt
1048 1568 1153 1635 eciam
1171 1587 1278 1634 coram
1294 1569 1389 1634 nobis
1405 1587 1468 1652 pcr-

346 1673 501 1742 sonaliter
517 1673 701 1762 Stephanus
717 1674 802 1742 lilius
819 1674 985 1761 Stephani,
1004 1681 1034 1742 et
1050 1673 1184 1741 Alexius
1201 1675 1285 1741 lilius
1296 1674 1401 1752 Zonk,
1418 1673 1468 1759 qui

347 1782 423 1849 huic
438 1781 622 1850 vendicioni
640 1787 673 1848 et
687 1781 846 1867 empcioni
863 1783 896 1848 in
913 1781 1001 1848 nullo
1027 1781 1283 1850 contradicentes
1308 1782 1470 1848 fauorabi-

348 1891 411 1957 lem
429 1908 618 1958 consensum
634 1891 833 1976 prebuerunt
849 1897 881 1956 et
897 1909 1076 1959 assensum.
1109 1891 1146 1956 ln
1162 1890 1255 1957 onius
1271 1887 1469 1958 uendicionis

346 1999 564 2064 testimonium
580 2005 613 2064 et
627 1999 724 2064 robur·
740 2003 905 2082 presentes
923 1997 1141 2066 concessimus
1157 1995 1256 2082 sigilli
1288 1997 1393 2064 nostri
1419 2019 1471 2082 pa·

346 2106 482 2172 trooinio
500 2105 721 2191 commonitas,
756 2105 837 2172 seria
862 2113 956 2172 sexta
980 2111 1057 2172 ante
1088 2105 1205 2172 festum
1234 2103 1471 2172 Purificacionis

349 2213 450 2280 Beate
465 2211 609 2296 Virginis
625 2233 711 2281 anno
729 2213 859 2280 Domini
877 2213 995 2282 M⁰CO⁰
1010 2214 1251 2299 septuagesimo
1268 2219 1396 2281 octauo.

348 2411 489 2476 (Eredetie
519 2411 704 2478 borhdrtydn,
735 2413 864 2478 melynek
897 2411 1017 2478 pecsttje
1050 2413 1292 2478 fejer-rdrbsndld
1313 2413 1470 2478 selyemzsi·

401 2501 491 2554 nor-on
510 2502 600 2570 suigg3
620 2519 636 2554 u
654 2503 761 2554 rumolt.
783 2505 902 2568 herozeg
921 2502 1076 2569 Butthydni
1096 2503 1191 2554 csaldd
1209 2502 1423 2567 levelttrtbsn.)

929 2793 1042 2800 -—-—q-.

810 3311 818 3325 '
875 3328 951 3400 aar.

345 3529 481 3616 Acopa·
495 3531 1004 3618 kdplolunuokhizouysc'plcoele,
1028 3529 1111 3614 hopy
1143 3529 1244 3595 Delrc
1277 3551 1378 3596 comes
1404 3529 1470 3611 fini

345 3639 518 3725 Ondnhaph
550 3641 691 3706 dirtokot
728 3641 852 3704 Szuhui
889 3639 996 3705 Jciuoa
1026 3637 1161 3720 ficiculo
1192 3637 1471 3724 olzcilopoar'tottdh.

861 3746 956 3812 1278.

344 3945 380 4007 (Δ
399 3945 573 4014 grblzicby
592 3945 685 3996 csalltd
704 3943 897 4008 Olrmrinytdra
915 3943 937 3992 1.
957 3943 1016 3992 hill.
1037 3945 1079 3990 41.
1107 3941 1163 4004 lap.
1196 3941 1278 4005 Nngy
1311 3941 1388 3992 Imre
1410 3941 1472 3990 libr·

832 4034 980 4097 lerrrdnye)

774 4323 812 4330 ..-
828 4321 1038 4330 -μ--ι-
