3096 5160
100 1162 153 1228 IV.
173 1161 290 1230 Luszlo
314 1161 495 1246 leiro'lyaole
521 1161 630 1226 Bezeso
656 1161 819 1248 helysdpre
836 1162 1008 1226 vouotlooad
1023 1163 1227 1246 hctdrju'ru'ei

93 1293 256 1358 pannucea
272 1295 294 1335 a
311 1270 416 1337 teleszi
431 1271 621 1336 democratiam
637 1270 782 1354 Pauly-i
798 1271 890 1336 Pe‘ter
905 1272 936 1335 e's
952 1269 1064 1336 Jotat
1081 1271 1227 1336 otesterelc

519 1383 681 1444 eadmero.
705 1378 805 1442 1287.

201 1573 377 1640 Ladizlaus
392 1573 455 1640 Dei
470 1573 582 1658 gracia
598 1574 668 1640 Rex
683 1571 851 1656 Hungarie
866 1569 1014 1640 fidelibus
1042 1573 1111 1640 suis
1144 1571 1225 1638 Oen·

98 1681 206 1746 nentui
225 1681 266 1748 de
282 1681 378 1746 Lelea
394 1680 532 1746 salutem
564 1687 597 1746 et
627 1679 782 1765 graciam.
807 1679 927 1746 Dicunt
957 1678 1051 1747 nobis
1076 1680 1226 1762 Magistri

98 1788 213 1855 Petrus
229 1797 262 1854 ot
278 1787 420 1854 Jaeobus
436 1786 477 1854 de
492 1786 619 1873 Pauly,
646 1787 730 1869 quod
749 1787 886 1871 quedam
903 1787 1066 1870 possessio
1083 1786 1226 1871 ipsorum

99 1897 213 1964 Bezew
230 1902 349 1960 crocata
365 1896 398 1960 in
415 1893 574 1960 comitatu
591 1894 632 1961 do
648 1895 722 1977 Vng
738 1893 881 1961 existens
897 1893 985 1977 apud
1002 1895 1089 1978 ipsos
1115 1893 1228 1960 habita

99 2005 360 2072 reambulaeione
377 2009 409 2070 et
435 2009 593 2069 metarum
626 2001 792 2070 ereoeione
822 1999 991 2086 indigeret.
1032 2002 1134 2087 Super
1164 2020 1227 2083 quo

99 2113 248 2178 fidelitati
266 2119 371 2179 uestro
387 2111 519 2177 firmiter
544 2111 748 2196 precipimus,
782 2115 941 2193 quatenus
966 2113 1108 2176 uestrum
1139 2107 1225 2176 detis

99 2219 260 2286 hominem
277 2219 437 2306 ydoneum
464 2239 522 2303 pro
553 2217 745 2302 testimonio,
778 2237 885 2285 eoram
921 2235 984 2299 qno
1014 2215 1155 2283 Jacobus
1187 2213 1228 2282 de

101 2327 270 2411 llorchwa,
289 2325 339 2392 rel
356 2325 534 2409 Gregorius
550 2325 635 2392 filius
652 2323 794 2393 Othman
825 2324 930 2390 altero
964 2322 1100 2390 absente
1131 2322 1226 2389 homo

100 2440 208 2499 noster
224 2433 413 2499 conuocatis
429 2431 546 2511 uicinis
564 2439 595 2496 et
612 2431 841 2498 commetaneis
859 2430 1021 2497 uniuersis
1037 2429 1172 2497 accedat
1183 2427 1226 2494 ad

99 2541 213 2608 faeiem
231 2541 411 2625 prescripta
428 2538 642 2625 possessionis
658 2539 783 2622 Bemw,
810 2543 841 2603 et
859 2537 997 2604 eandem
1024 2537 1226 2622 presentibus

97 2648 175 2732 ipsis
193 2667 252 2731 per
269 2667 346 2712 snas
362 2665 458 2712 ueras
475 2651 506 2710 et
531 2644 684 2729 antiquas
699 2651 804 2711 metas
836 2653 974 2726 ueteres,
1004 2643 1059 2708 nbi
1091 2663 1226 2711 neeesse

98 2754 191 2821 suerit
208 2772 311 2819 nonas
327 2759 430 2818 metas
447 2752 610 2838 erigendo,
621 2753 811 2838 reambulet,
828 2751 1128 2834 reambulatamque
1139 2758 1169 2817 et
1178 2752 1220 2816 ab

97 2863 230 2928 aliorum
248 2858 504 2945 possessionibus
521 2865 705 2945 separatam
724 2864 757 2925 et
772 2857 973 2925 distinctam
992 2863 1116 2924 statuat
1149 2877 1227 2923 ean-

98 2969 168 3036 dem
186 2969 341 3056 predictis
358 2969 526 3053 Magistris
543 2971 637 3035 Petro
654 2976 686 3035 et
701 2969 825 3038 Jacobo
851 2969 892 3035 de
924 2967 1042 3053 Pauky
1074 2989 1112 3035 eo
1143 2965 1225 3052 iure,

97 3080 220 3161 quoad
239 3079 327 3162 ipsos
342 3077 504 3162 pertinere
521 3077 723 3160 dignoscitur
739 3084 894 3164 perpetuo
919 3075 1162 3160 possidendam,
1195 3077 1224 3142 si

96 3207 160 3252 non
177 3186 275 3252 suerit
293 3183 538 3262 contradictum,
556 3181 806 3253 contradictores
824 3204 911 3268 uero,
928 3185 956 3249 si
973 3183 1076 3266 aliqui
1093 3183 1225 3269 fuerint,

98 3295 173 3360 citet
189 3296 279 3380 ipsos
296 3300 409 3361 eontra
424 3293 554 3361 eosdem
570 3294 700 3361 Petrum
726 3299 759 3360 et
784 3293 943 3361 Jacobum
974 3291 1015 3358 de
1046 3291 1162 3376 Panky
1193 3293 1226 3357 in

97 3409 240 3468 nostram
256 3401 463 3469 Presenciam
480 3402 522 3467 ad
549 3401 718 3469 terminum
751 3405 1006 3487 competentem3
1030 3407 1062 3465 et
1093 3399 1228 3484 posthoc

100 3509 215 3578 seriem
231 3510 334 3595 ipsius
350 3510 622 3578 reambulacionis
639 3531 711 3577 cum
727 3509 874 3578 cursibus
891 3513 1048 3576 metarum
1065 3507 1118 3574 uel
1128 3505 1227 3574 norni-

100 3619 198 3688 nibns
213 3617 484 3687 contradictorum
501 3639 574 3686 cum
601 3618 737 3685 termino
764 3620 933 3702 assignato
965 3615 1059 3683 nobis
1090 3615 1228 3681 fideliter

101 3727 298 3796 rescribatis.
339 3725 459 3794 Datum
490 3725 582 3794 Bude
612 3729 646 3794 in
677 3726 800 3794 octauis
832 3725 908 3794 sesti
939 3724 1031 3792 Beati
1061 3721 1228 3792 Michaelis

99 3835 302 3922 Archangeli
320 3856 406 3903 anno
421 3833 551 3902 Domini
567 3831 685 3902 ΜθΟΟο
700 3834 937 3920 octauogesimo
953 3829 1099 3916 septimo.

101 4037 136 4096 (A
148 4035 244 4089 lelesai
257 4035 440 4090 lronveutnelr
456 4035 566 4087 1287·ki
579 4031 881 4101 bizouystglevelebttl,
894 4032 967 4085 mint
977 4030 1059 4084 eltbb
1072 4033 1131 4082 387.
1142 4043 1179 4083 ez.
1189 4032 1226 4094 a.)
