3096 5160
682 279 748 349 543

630 371 786 382 t-——n

147 475 270 545 sionem
286 479 372 543 terre
385 495 445 546 sue
460 475 494 542 in
510 473 669 544 Gueresth
686 476 721 543 in
736 476 860 545 ambitu
878 497 942 545 vno
956 474 1054 544 sitam
1070 475 1113 544 ad
1138 473 1270 542 fluuium

146 581 259 652 flodus
274 604 341 652 uno
357 583 430 670 dne,
445 581 548 651 altero
564 583 719 652 serotine
735 584 779 652 ad
802 591 929 671 partem
960 583 1152 652 orientalem
1183 583 1272 650 adia-

146 697 296 776 sentem,
319 711 417 776 quam
433 690 563 775 quidem
578 691 766 776 porcionem
783 698 866 761 terre
881 691 961 760 auia
976 712 1035 759 sua
1063 691 1131 758 Eeb
1155 695 1273 758 uocata

146 798 208 865 sibi
223 798 316 885 prius
332 805 365 864 et
381 799 425 864 ab
456 799 533 866 olim
565 798 599 862 in
630 797 737 866 dotem
767 819 859 866 suam
891 798 1080 866 deuolutam
1112 796 1271 883 habendo,

146 905 354 990 postmodum
369 904 438 972 lilia
462 904 607 972 eiusdem
633 904 847 972 Eneheheroh
877 911 1005 992 rosata,
1037 911 1140 972 mater
1170 905 1275 990 ipsius

145 1011 266 1097 Katha,
282 1011 386 1079 donee
401 1011 548 1080 viuereth
564 1011 664 1101 (igy),
679 1012 815 1098 paoifiee
830 1010 1054 1099 possederunt,
1085 1011 1203 1095 quibus
1219 1011 1272 1077 de-

145 1120 337 1188 cedentibus
354 1127 387 1188 et
401 1119 517 1188 eadem
534 1119 649 1188 mulier
664 1121 776 1187 Katba
791 1140 893 1204 usque
909 1117 1016 1186 adhue
1032 1121 1066 1186 in
1083 1140 1166 1206 paee
1190 1116 1270 1186 deti-

146 1227 216 1294 nuit
231 1233 265 1292 et
281 1227 430 1312 possedit
445 1247 516 1294 eum
535 1227 683 1295 omnibas
698 1227 898 1295 utilitatibus
913 1227 980 1293 suis
1006 1233 1039 1292 et
1063 1225 1271 1310 pertinenoijs

144 1332 343 1415 quibuslibet
358 1354 398 1401 ao
413 1332 670 1416 eiroumstaneijs
687 1333 856 1420 uniuersis,
872 1332 1023 1402 eonlesse
1033 1339 1082 1400 est
1097 1332 1174 1400 uiue
1184 1350 1272 1417 uere,

145 1460 180 1507 se
196 1440 328 1509 dedisse
344 1447 377 1508 et
392 1441 568 1510 tradidisse
583 1441 648 1508 filie
664 1459 722 1509 sue
738 1442 839 1527 Zepte
854 1447 978 1527 veeste,
1005 1447 1037 1508 et
1053 1440 1170 1508 marito
1186 1440 1270 1508 eius·

145 1549 219 1616 dom
235 1569 356 1634 genero
373 1569 431 1618 suo
446 1549 583 1616 Nicetes
598 1547 665 1616 filio
681 1549 808 1616 Nioolai
825 1550 866 1616 de
884 1549 992 1635 Oluph
1007 1549 1072 1616 sibi
1102 1555 1135 1615 st
1162 1569 1271 1615 eorum

145 1656 328 1744 heredibus,
344 1657 563 1740 heredumque
579 1675 708 1725 suorum
724 1657 964 1725 sueoessoribus
990 1656 1271 1724 irretractabiliter

145 1768 179 1828 et
193 1761 452 1830 irreuooabiliter
463 1760 539 1845 jure
554 1769 712 1848 perpetuo
728 1761 970 1849 possidendam,
994 1761 1168 1830 tenendam
1184 1764 1268 1846 pari-

145 1877 195 1937 ter
210 1877 243 1936 et
259 1869 464 1956 hahendam3
488 1870 721 1955 prenominatis
737 1877 846 1939 autem
863 1870 960 1938 Petro
976 1869 1042 1938 filio
1067 1870 1211 1938 Barlabe
1236 1877 1268 1936 et

145 1977 228 2043 ioan
244 1977 310 2044 filio
326 1976 420 2044 Retel
437 1975 620 2044 huiusmodi
635 1976 810 2044 doneoioui
839 1995 1032 2045 eonsensum
1064 1977 1271 2060 prebentibus

145 2077 349 2152 beneuolum.
373 2085 412 2151 ln
428 2084 519 2152 ouius
535 2087 584 2151 rei
600 2083 787 2152 memoriam
803 2092 971 2170 presentes
1001 2084 1128 2150 litteras
1160 2091 1270 2150 nostro

146 2190 254 2274 sigillo
270 2189 487 2259 eoneessimus
502 2193 680 2259 roboratas.
713 2191 829 2258 Aotum
845 2211 931 2259 anuo
948 2189 1081 2256 Domini
1096 2189 1269 2257 millesimo

144 2295 214 2364 000
229 2297 444 2383 nonagesimo
469 2300 578 2388 tercio,
602 2320 712 2367 mense
742 2299 884 2367 Oetobri.
923 2297 1089 2384 Stephano
1121 2297 1270 2382 (lentore,

144 2404 294 2472 Dionirio
309 2404 460 2494 Custode,
475 2405 615 2474 Nicolao
631 2407 775 2488 Deoano,
807 2408 989 2490 ceterisque
1004 2425 1101 2490 quam
1122 2404 1271 2490 pluribus

143 2511 266 2580 ibidem
282 2511 506 2582 existentibus.
545 2514 665 2582 Datum
695 2534 754 2602 per
785 2535 901 2583 manus
931 2513 1080 2599 Magistri
1111 2511 1271 2600 Stephani

143 2620 289 2688 hectoris
304 2619 676 2706 Quinqueeeolesiensis.

144 2815 288 2880 OEredetie
301 2819 483 2886 berhertydn,
516 2835 534 2872 a
552 2822 635 2872 vhrds
659 2820 897 2886 selyemzsinhron
928 2821 1042 2886 thiggdtt
1074 2820 1167 2886 pecset
1197 2823 1270 2871 eive·

319 2913 410 2975 saett3
428 2924 446 2960 a
464 2909 542 2963 mele.
561 2911 631 2962 herb
650 2910 747 2976 Rsvay
767 2910 859 2962 esdad
876 2909 1090 2971 leueltertban.)

575 3195 842 3208 t*—

670 3738 748 3807 443.

139 3933 172 3998 A
183 3935 277 4019 pa'csa'
300 3933 529 4024 itdptalaaaak
555 3935 830 4022 oizoopactpteoete,
861 3936 943 4024 hopy
975 3935 1145 4001 Beremeoi
1176 3935 1270 4001 Peter

264 4041 339 4128 Wep
354 4051 438 4108 neoti
454 4045 590 4110 &deiecit
606 4043 718 4110 elodto
734 4044 817 4110 Beier
831 4045 1009 4110 maternae
1035 4043 1134 4107 1293.

250 4237 405 4306 Nioolaus
422 4238 608 4324 Propositus
635 4244 668 4305 et
692 4239 877 4324 Capitulum
908 4235 1265 4323 Quinqueeeeleriensis

138 4341 289 4412 Eoelosie
305 4346 454 4413 omnibus
470 4365 606 4431 presens
636 4345 792 4432 seriptum
824 4347 1031 4416 sernentibus
1061 4345 1202 4412 salutem
1232 4343 1268 4408 in

137 4453 290 4522 Domino.
315 4453 367 4522 Ad
384 4453 607 4522 uniuersorum
624 4455 779 4523 notitiem
797 4457 942 4524 uolumus
969 4453 1151 4541 peruenire,
1182 4449 1268 4534 quod

137 4561 256 4629 Petrus
271 4560 358 4630 lilius
374 4562 464 4630 Petri
482 4562 539 4646 filij
558 4563 648 4630 Buoh
665 4562 705 4630 de
730 4563 888 4632 Beremen
918 4581 986 4630 nna
1015 4581 1087 4630 eum
1112 4559 1180 4626 tilio
1211 4577 1270 4625 suo
