3124 5152
633 251 794 356 pce-

141 445 323 514 amicitiam
353 452 495 514 vestrum
521 445 698 514 affectuose
729 467 894 537 regamus,
926 455 1006 532 quet
1034 451 1106 518 zelo
1137 453 1279 540 iusticie,

143 553 265 619 benere
281 560 408 638 venue,
424 559 458 618 et
474 552 592 620 amoris
608 553 708 623 nostri
723 555 842 624 intuitu
859 556 968 626 velitis
984 559 1188 644 interponere
1203 581 1279 647 per·

143 665 191 726 tes
205 667 337 728 uestras
355 661 414 746 its,
431 659 517 742 qued
533 659 622 728 fideli
638 667 750 729 nestro
766 661 884 730 exinde
901 665 1051 750 satisfiet,
1075 687 1135 734 uos
1150 687 1279 753 queque

142 761 173 830 id
189 773 324 852 grutm
342 765 499 834 babentes
516 777 547 832 et
564 767 729 853 placidum
753 767 797 836 cd
822 775 919 854 grata
951 773 1045 840 voute
1076 780 1108 841 et
1140 771 1272 859 placide

142 873 279 955 preinde
296 879 471 942 unumne.
510 871 630 940 Datum
647 873 680 940 in
698 878 810 944 uestro
825 873 936 943 ducali
961 877 1085 964 palutio
1117 879 1274 948 XXVIII.

140 977 284 1064 Augusti
303 977 443 1064 septime
459 977 655 1046 indictionis.

255 1174 395 1242 (Irjubies,
414 1176 537 1227 Menum.
558 1191 599 1241 sp.
619 1173 685 1227 hist.
707 1175 899 1232 Sluv.b1erid
920 1181 942 1230 1.
962 1181 1021 1231 ket.
1044 1185 1103 1232 123.
1124 1183 1154 1244 l.)

577 1464 844 1478 ——nn

676 1889 751 1956 223.

146 2091 253 2176 recep
277 2087 407 2175 semei
429 2089 554 2173 pllrpdlc
579 2091 611 2154 du
641 2087 780 2173 apostoli
809 2089 897 2154 lebret
929 2093 1107 2174 meperdriti
1142 2090 1279 2160 Timetdt

230 2195 373 2283 zdyrdbi
383 2197 544 2281 prepete
559 2191 728 2260 Gcrzeueze
743 2215 848 2280 meqye
865 2193 1065 2262 btrtotcbau,
1097 2197 1196 2264 1279.

250 2390 440 2458 Venerabili
471 2390 505 2456 in
522 2390 651 2458 (ibristo
682 2392 768 2480 patri
801 2389 1040 2479 (Thymctbee)
1072 2392 1134 2460 Dei
1165 2395 1279 2476 grecie

140 2501 305 2588 Episcopo
313 2499 538 2585 Zagrubiensi,
554 2500 726 2584 Philippus
736 2499 953 2568 miseracione
963 2499 1083 2566 Divina
1100 2499 1276 2570 Firmanus

141 2611 336 2697 Episcopus,
365 2606 552 2690 dpesteliee
584 2607 678 2674 Sedis
693 2608 844 2692 Legatus,
861 2607 997 2675 salutem
1014 2613 1046 2674 et
1063 2606 1223 2678 sincerum
1239 2607 1274 2674 in

140 2717 280 2788 Domino
297 2714 477 2782 ceritatem.
494 2716 575 2784 Cum
591 2735 612 2780 u
628 2714 722 2781 nobis
755 2715 874 2798 petitur
905 2715 992 2800 qued
1024 2716 1144 2783 iustum
1178 2719 1226 2780 est
1243 2717 1275 2780 et

139 2825 324 2910 honestum,
334 2829 399 2892 tem
416 2824 509 2909 vigor
526 2823 680 2906 equitatis
697 2842 794 2906 quum
811 2823 888 2891 orde
904 2822 1006 2907 exigit
1021 2820 1171 2906 racionis,
1189 2823 1225 2888 ut
1240 2821 1275 2888 id

140 2952 196 3018 per
212 2931 472 3001 sollicitudiuem
487 2927 586 2998 efficii
601 2930 706 2997 uestri
722 2930 765 2996 ad
786 2929 928 2996 debitum
955 2929 1151 3017 perducetur
1183 2929 1276 2995 effee-

140 3047 216 3110 tum.
243 3038 403 3108 lixbibitc
427 3036 588 3123 siquidem
605 3039 699 3105 nobis
716 3045 826 3106 vestra
841 3038 962 3122 petieie
978 3034 1172 3122 continebat,
1189 3035 1276 3120 quod

141 3149 295 3216 deminus
326 3145 511 3228 bulizlaus,
553 3145 700 3230 Vngerie
729 3145 802 3214 Rex
835 3144 983 3232 illustris,
1014 3165 1054 3212 ex
1084 3141 1275 3212 devocionis

141 3256 261 3324 erdere
300 3273 396 3338 quem
436 3251 478 3321 ed
502 3251 753 3336 ngrebienseur
785 3253 965 3322 Ecclesium
997 3253 1091 3338 gerit,
1116 3253 1219 3336 vebis,
1243 3259 1275 3318 et

140 3386 197 3450 per
238 3383 298 3432 res
336 3362 399 3448 ipsi
439 3359 653 3446 Zegrubiensi
690 3361 839 3430 Ecclesie
878 3361 1070 3429 Comitatum
1102 3357 1144 3425 de
1176 3357 1276 3426 (iuer-

140 3479 312 3541 centenum
325 3470 464 3540 collecte
480 3469 731 3537 marturiuerum
748 3473 781 3536 et
796 3475 922 3555 septem
939 3468 1145 3538 denariorum
1162 3479 1273 3538 teuen-

140 3580 227 3668 dum,
245 3578 433 3647 babendum
451 3585 483 3646 et
498 3577 730 3665 possidendum
746 3577 848 3646 libere
862 3578 1009 3664 eontulit,
1025 3585 1120 3664 preut
1137 3579 1171 3646 in
1187 3579 1270 3648 eius·

141 3687 213 3754 deur
228 3687 332 3774 Regis
349 3685 454 3754 literis
470 3686 639 3774 ipsiusque
654 3684 768 3769 sigllle
783 3683 927 3772 dupplici
948 3683 1111 3774 sigillatis,
1133 3705 1215 3771 ques
1230 3685 1272 3754 de

140 3795 239 3863 uerbo
270 3795 466 3863 adverbum
499 3793 636 3862 fecimus
662 3793 867 3878 presentibus
882 3794 1034 3860 annotari
1052 3794 1181 3879 plenius
1197 3815 1267 3862 eeu·

139 3903 270 3976 sinetur.
301 3901 411 3981 Quare
443 3903 609 3970 humiliter
640 3900 822 3988 petitstisa
852 3901 957 3989 uehis,
989 3907 1024 3967 ut
1056 3901 1269 3969 collusionem

140 4011 349 4096 dIgneremur
379 4031 439 4096 per
468 4015 596 4078 nostres
627 4009 739 4076 literas
765 4009 965 4078 confirmare.
1001 4009 1071 4076 Nes
1088 4009 1200 4093 itaque
1216 4029 1268 4076 re·

140 4118 213 4186 suis
229 4116 530 4204 supplicaeieuibus
546 4125 741 4202 annuentes,
759 4117 969 4186 cellaeieuem
981 4115 1170 4204 predictam,
1187 4114 1273 4182 sicut

141 4225 286 4313 previde,
319 4225 406 4294 iuste
437 4247 477 4294 ue
492 4225 737 4296 racionabiliter
767 4226 856 4294 lactu
887 4235 947 4312 est,
973 4230 1078 4293 ratam
1096 4229 1128 4289 et
1144 4227 1272 4309 gratem

140 4333 309 4424 babentes,
342 4337 446 4422 ipsum
478 4336 673 4406 auctoritate
705 4353 769 4418 que
800 4333 963 4420 fungimur
994 4333 1222 4400 confirmamus
1243 4335 1275 4396 et

140 4444 301 4528 presentis
332 4443 447 4531 scripti
477 4441 659 4534 patrocinio
679 4443 920 4511 communimus.
941 4441 1031 4510 Nulli
1049 4459 1126 4523 ergo
1142 4437 1274 4506 omnine

142 4549 311 4618 bominum
335 4550 433 4620 liceat
451 4551 537 4620 bene
563 4549 721 4638 pagiuam
745 4557 855 4617 nostre
881 4546 1137 4617 confirmacionis
1166 4541 1278 4612 inirin-
