3148 5146
826 315 986 415 Q

338 515 425 603 ipsis
456 534 528 582 cum
559 509 712 598 Ogmand
743 509 785 576 de
816 509 892 576 Aba
926 509 1056 576 homine
1088 513 1199 574 nostro
1219 505 1477 578 transmitterent

331 621 550 707 ·fidedignnm,
591 639 701 687 coram
742 637 805 700 quo
839 615 957 685 dictam
992 621 1114 682 terram
1143 613 1251 698 Digne
1284 613 1471 681 conuocatis

342 729 572 798 commetaneis
589 733 621 794 et
636 723 753 792 uicinis
781 723 886 793 eidem
918 721 1038 790 Joabni
1068 721 1265 806 assignaret,
1283 721 1312 788 si
1344 727 1475 788 contra-

342 836 482 903 dictores
513 833 651 918 legitimi
674 852 740 900 non
772 837 987 917 conpararent
1017 848 1114 915 super
1145 828 1226 914 ipsa,
1257 833 1291 894 et
1321 825 1357 893 id
1384 827 1476 896 nobis

343 943 546 1031 postmodnm
572 939 810 1009 remandarent.
859 937 950 1006 Idem
981 937 1093 1021 itaque
1125 934 1310 1021 Capitulum
1343 934 1473 1002 demum

342 1050 510 1136 rescripsit
547 1050 652 1133 nobis,
692 1046 779 1134 quod
820 1043 940 1113 dietam
973 1051 1091 1112 terram
1122 1042 1233 1127 Digne
1265 1041 1474 1128 presentibus

345 1159 495 1226 omnibus
511 1153 742 1226 commetaneis
759 1162 791 1222 et
806 1153 922 1221 uicinis
940 1151 1068 1238 prelato
1086 1149 1207 1218 Joabni
1240 1148 1349 1216 dictus
1381 1149 1476 1216 bomo

346 1271 456 1336 noster
497 1267 700 1350 assignasset
741 1261 831 1329 nullo
863 1259 993 1347 penitus
1028 1255 1264 1328 contradictore
1296 1255 1476 1341 existente;

343 1375 428 1441 sicut
444 1374 479 1440 in
495 1372 610 1441 litteris
626 1369 704 1437 dicti
720 1367 865 1453 Capituli
896 1366 1036 1434 uidimus
1069 1363 1238 1432 contineri.
1271 1364 1340 1432 Nos
1372 1363 1473 1449 igitur

346 1477 560 1548 consideratis
589 1477 740 1561 seruicijs
772 1473 946 1559 meritorijs
964 1471 1067 1558 ipsius
1085 1471 1233 1554 Joabnis,
1250 1487 1313 1556 que
1328 1471 1430 1539 nobis
1446 1472 1478 1538 in

346 1587 466 1656 nostris
483 1583 764 1672 expeditionibus,
781 1602 863 1668 quas
879 1588 994 1650 contra
1017 1579 1139 1664 Regem
1170 1578 1303 1646 Boemie
1333 1579 1479 1663 oportuit

346 1715 406 1762 nos
438 1693 566 1777 babere,
598 1690 745 1760 exhibuit
774 1698 806 1757 et
826 1688 984 1776 inpendit,
1017 1693 1093 1754 tunc
1123 1686 1311 1772 specialiter
1343 1703 1418 1752 cunr
1439 1685 1478 1752 de

347 1807 454 1869 castro
470 1800 645 1884 lauriensi,
667 1798 754 1884 quod
785 1818 845 1886 per
875 1793 1097 1866 Tbethonicos
1127 1793 1236 1861 luerat
1266 1801 1472 1880 occupatum,

347 1907 555 1976 denastorius
579 1905 739 1973 exercitus
760 1905 896 1988 exierat,
914 1907 947 1970 at
961 1907 1097 1970 uenerat
1113 1920 1210 1986 super
1226 1899 1340 1967 uillam
1357 1901 1477 1986 Hanta,

347 2013 404 2080 nbi
437 2015 543 2081 dictus
573 2011 716 2080 loabnes
749 2029 821 2078 cum
852 2029 912 2076 sua
942 2015 1069 2075 armata
1103 2007 1240 2088 familia,
1271 2007 1357 2075 sicnt
1389 2015 1475 2076 certo

349 2119 474 2188 cercius
506 2121 601 2188 nobis
632 2117 787 2198 constitit,
819 2125 934 2186 contra
964 2117 1054 2204 ipsos
1085 2115 1326 2184 Thoutbonicos
1343 2117 1479 2185 uiriliter

350 2224 527 2310 dimicabit,
544 2247 564 2293 a
580 2245 714 2312 quorum
730 2226 880 2294 manibus
896 2224 1141 2311 quatuordecim
1157 2223 1305 2312 captiuos
1326 2225 1479 2308 Vngaroa

338 2333 511 2419 liberauit,
542 2331 599 2400 nbi
624 2331 727 2401 eciam
753 2340 818 2400 tres
833 2334 1012 2401 seruientes
1028 2333 1079 2400 sni
1095 2351 1153 2418 per
1168 2330 1299 2400 eosdem
1316 2331 1480 2400 'Phentbo-

352 2441 444 2509 nicos
459 2439 590 2508 luerunt
605 2439 784 2524 interiecti,
809 2441 843 2506 in
859 2439 935 2524 alijs
953 2439 1055 2508 eciam
1087 2438 1195 2506 multis
1226 2446 1321 2522 grata
1352 2459 1483 2526 semper

353 2554 384 2614 et
401 2547 580 2616 laudabilia
610 2547 748 2615 seruicia
778 2547 812 2614 in
832 2546 945 2614 fanore
976 2544 1063 2632 (lgy)
1095 2543 1261 2612 fidelitatis
1293 2545 1481 2614 omnimode

351 2651 476 2724 studuit
492 2653 665 2738 exbibare;
690 2663 911 2742 propterque,
928 2652 1003 2722 licet
1020 2653 1061 2720 de
1077 2652 1195 2737 Regali
1226 2653 1483 2737 Magnificencia

351 2760 468 2829 maiori
485 2763 748 2830 remuneracione
768 2761 883 2829 luisset
899 2757 1105 2842 redonandus,
1122 2759 1157 2826 in
1172 2757 1355 2844 aliqualem
1373 2769 1484 2829 tamen
1572 2823 1573 2850 ,

349 2870 687 2955 recompensacionem
703 2869 912 2938 seruiciornm
928 2888 1058 2938 suornm
1075 2867 1197 2935 dictam
1217 2874 1339 2936 terram
1370 2869 1487 2954 Digne
1572 2879 1573 2952 l

351 2976 525 3062 apreiato
556 2977 671 3046 Castro
702 2985 872 3062 exceptam
903 2977 1032 3064 penitus
1063 2983 1095 3044 et
1127 2983 1322 3062 exemptam,
1355 2984 1390 3044 et
1420 2979 1483 3044 snb

337 3083 475 3150 ⁴eisdem
505 3085 599 3152 metis
630 3092 663 3151 ct
693 3084 849 3170 terminis,
884 3085 1002 3169 quibus
1032 3082 1153 3150 dictum
1178 3083 1325 3150 Castrum
1343 3083 1485 3151 eandem

352 3194 473 3258 terram
505 3191 607 3260 tenuit
638 3199 671 3259 et
685 3191 841 3278 possedit,
861 3211 934 3259 cum
949 3191 1097 3258 omnibus
1113 3190 1327 3276 pertinencijs
1343 3199 1377 3260 et
1394 3190 1484 3258 utili-

352 3297 473 3367 tatibus
488 3302 567 3385 suis,
583 3299 788 3386 contulimus,
805 3299 963 3384 dedimus,
996 3299 1189 3366 donauimua
1221 3296 1329 3365 eidem
1361 3297 1486 3366 Joabni

338 3410 385 3470 et
398 3406 466 3472 suis
488 3405 663 3475 heredibus
688 3419 845 3493 perpetuo
860 3415 893 3474 et
908 3407 1164 3476 irrenocabilitcr
1181 3403 1425 3491 possidendam.
1442 3407 1484 3474 In

351 3511 445 3579 cuius
460 3511 508 3578 rei
522 3512 710 3582 memoriam
724 3514 974 3598 firmitatemque
989 3519 1184 3602 perpetuam
1202 3517 1374 3597 presentes
1391 3511 1483 3581 dedi-
1571 3585 1572 3594 χ

354 3635 424 3685 mus
455 3617 579 3690 litteras
601 3619 774 3706 ¹dupplicis
804 3621 910 3708 sigilli
950 3621 1054 3689 nostri
1085 3618 1265 3687 munimine
1298 3619 1486 3687 roboratas.

353 3725 473 3793 Datum
489 3747 547 3812 per
570 3745 687 3795 manns
717 3727 866 3812 Magistri
897 3727 1067 3797 Benedicti
1097 3729 1217 3796 Sancte
1247 3725 1490 3811 Strigoniensis

355 3834 501 3901 Ecclesia
532 3834 649 3922 illecti,
672 3831 887 3921 Perpetniqne
912 3835 1045 3904 Comitis
1063 3836 1124 3904 loci
1140 3832 1296 3920 eiusdem,
1322 3833 1490 3921 Propositi

354 3939 515 4010 Budensis
534 3948 566 4007 et
598 3941 672 4009 aule
704 3948 814 4011 nostra
845 3942 924 4010 Vice
956 3941 1151 4028 Cancellarij
1187 3939 1301 4009 dilecti
1317 3945 1350 4009 et
1382 3943 1491 4014 fidelis

337 4047 467 4132 -nostri,
500 4068 585 4116 anno
616 4049 749 4117 Domini
783 4049 957 4119 millesimo
990 4048 1058 4119 00⁰
1089 4049 1334 4136 septuagesimo
1369 4058 1493 4136 quamo

356 4153 464 4240 Regni
494 4163 603 4223 autern
636 4157 738 4225 nostri
769 4177 855 4224 anno
890 4158 1002 4224 tercio.
1045 4155 1295 4224 venerabilibus
1336 4159 1495 4243 patribus

356 4259 525 4349 Stephano
556 4263 726 4333 Colooensi
758 4272 790 4332 et
821 4265 949 4333 doabne
979 4265 1169 4352 Spalatensi
1199 4263 1493 4351 Arcbiepiscopis5

292 4417 300 4430 .
346 4367 529 4456 'Lamperto
546 4371 707 4459 agriensi,
724 4371 848 4440 Briccio
874 4370 1103 4460 Chanadiensi,
1136 4371 1199 4440 Job
1232 4371 1496 4458 Quinqnecccle-
1570 4403 1571 4452 t

344 4477 468 4561 sienni,
499 4478 602 4547 Panlo
634 4479 869 4566 vesprimiensi
899 4480 974 4548 aule
989 4483 1100 4578 nostre
1119 4477 1338 4568 Cancellario,
1355 4479 1497 4568 Pbilipo
1570 4455 1571 4537 l

346 4583 507 4663 'Vmiemi
537 4587 613 4654 aule
644 4585 773 4656 domine
803 4587 929 4675 Regina
970 4587 1128 4658 consortis
1158 4593 1269 4656 nostra
1309 4586 1499 4658 karissime
