3112 5154
772 230 932 330 *nuo—

291 423 440 492 omnibus
456 425 723 514 expedioicnibus
740 427 843 513 Regni
858 425 960 495 nostri
977 426 1152 492 cumomni
1178 423 1340 492 fidelitate
1366 445 1419 490 ex·

290 532 393 598 hibuit
409 539 441 599 et
457 533 614 622 inpendit,
647 546 854 603 memoratam
872 543 989 602 terram
1006 539 1151 602 nostram
1170 535 1275 602 Bezeo
1316 537 1417 601 nomi·

289 645 409 726 natam,
445 643 599 709 eumenis
623 642 817 710 utilitatibus
850 648 882 710 et
913 641 1123 728 pertinenciJs
1154 643 1326 727 uniuersis,
1359 645 1418 710 sub
1539 701 1540 714 ,

290 749 384 814 metis
401 755 433 814 et
451 751 596 848 terminis
613 749 830 835 infrascriptis
854 749 1078 835 prenominato
1108 747 1231 816 Jacobo
1257 749 1418 832 dedimus,

290 853 482 923 donanimos
500 863 532 924 et
548 856 738 925 tradidimus
756 859 827 925 iure
844 865 999 944 perpetuo
1032 864 1063 924 et
1095 857 1128 922 in
1160 857 1244 925 filios
1276 858 1416 924 liliorum

290 963 522 1048 possidendam
539 966 660 1050 pariter
676 973 708 1032 et
724 965 918 1034 habendam.
953 968 1039 1034 Mete
1070 972 1179 1032 autem
1210 971 1242 1030 et
1274 965 1416 1051 termini,

291 1071 406 1151 quihus
423 1069 536 1137 eadem
553 1079 639 1138 terra
656 1073 761 1138 Benen
777 1080 895 1140 uocata
911 1072 953 1138 ab
969 1071 1045 1155 alijs
1076 1073 1172 1140 terris
1204 1071 1325 1138 nostris
1359 1073 1416 1137 eir-

290 1177 532 1265 cnmiimitatnr,
565 1179 673 1247 taliter
687 1179 890 1266 explicantur
906 1206 913 1246 :
931 1179 1039 1246 Primo
1064 1180 1179 1266 incipit
1209 1181 1242 1247 in
1273 1179 1416 1263 quodam

289 1286 368 1370 loco,
402 1285 455 1354 vbi
472 1285 604 1370 quidam
620 1288 737 1356 fluuius
754 1287 904 1354 Chabrad
929 1293 1063 1356 uocatus
1094 1285 1181 1353 eadit
1213 1287 1249 1352 in
1278 1287 1414 1353 fluuium

291 1393 416 1460 Zothna
431 1395 639 1480 nominatum,
664 1395 719 1462 nbi
734 1395 767 1460 in
785 1395 897 1464 eodem
914 1395 1012 1462 fluuio
1030 1395 1182 1462 Chabrad
1199 1395 1290 1462 vadit
1315 1414 1415 1480 snpra

289 1519 403 1570 uersus
419 1501 585 1587 orientem,
603 1507 635 1567 et
651 1521 707 1588 per
723 1502 860 1568 eundem
878 1501 921 1569 ad
938 1503 1057 1570 bonnm
1068 1503 1217 1588 spacium
1227 1501 1261 1566 in
1273 1499 1414 1584 quodam

291 1611 359 1675 loco
376 1611 443 1674 exit
458 1607 502 1674 ad
517 1615 642 1695 partem
659 1609 901 1676 meridionalem
920 1607 960 1674 de
977 1611 1102 1694 eodem,
1136 1615 1167 1675 et
1183 1610 1228 1674 ibi
1245 1614 1323 1674 sunt
1354 1607 1415 1673 dne

289 1725 375 1784 mete
391 1723 512 1800 terree;
538 1715 656 1784 abhinc
672 1717 839 1802 pergendo
855 1713 899 1782 ad
915 1715 1052 1784 eandem
1069 1717 1201 1800 plagam
1219 1713 1414 1782 meridiona-

290 1827 354 1892 lem
370 1845 427 1910 per
444 1823 608 1910 quandam
625 1823 800 1910 planiciem
827 1824 929 1908 ligeth
962 1830 1111 1892 uocatam
1140 1823 1247 1904 iungit
1277 1821 1412 1888 fluuium

290 1936 432 2002 Jezeneu
449 1932 659 2018 nominatum,
677 1938 708 2000 et
725 1933 768 2000 ibi
785 1939 860 2000 sunt
876 1933 939 2000 due
955 1935 1168 2014 meteterree;
1187 1928 1308 1996 abhinc
1319 1948 1415 2014 super

290 2039 406 2108 eodem
420 2041 517 2107 fluuio
534 2040 698 2124 egreditur
715 2059 826 2109 uersus
844 2040 1007 2124 orientem,
1037 2045 1070 2104 et
1085 2036 1189 2106 eundo
1205 2057 1263 2122 per
1295 2037 1413 2103 bonum

290 2147 436 2232 spacium
454 2147 521 2214 exit
537 2146 580 2215 ad
597 2153 718 2234 partem
744 2148 989 2216 meridionalem
1021 2147 1062 2213 de
1094 2145 1218 2234 eadem,
1250 2145 1307 2212 vbi
1340 2151 1415 2211 runt

290 2255 439 2323 simililer
453 2255 516 2322 due
533 2263 616 2322 mete
630 2262 753 2338 terree3
776 2255 895 2322 deinde
911 2255 1056 2342 procedit
1081 2253 1186 2321 adhuc
1202 2252 1243 2319 ad
1277 2251 1413 2319 eandem

290 2370 416 2448 partem
433 2363 685 2452 meridionalem,
703 2369 734 2430 et
749 2362 1002 2448 pertranseundo
1019 2361 1181 2447 quandam
1198 2361 1317 2427 siluam
1345 2380 1414 2445 per-

290 2472 380 2537 uenit
395 2470 438 2538 ad
455 2489 605 2557 campum
621 2491 830 2556 nyresmeneu
847 2475 1006 2556 uocatum,
1037 2469 1092 2535 ubi
1107 2471 1141 2535 in
1173 2467 1279 2534 medio
1311 2467 1414 2552 ipsios

290 2579 397 2668 campi
413 2585 488 2646 sunt
504 2578 566 2646 due
581 2587 665 2646 mete
682 2587 795 2664 terroe,
823 2585 855 2645 et
872 2579 918 2645 ibi
934 2579 1110 2647 reflectitur
1125 2595 1241 2644 neruus
1267 2575 1414 2642 occiden-

290 2695 365 2773 tem,
392 2694 424 2754 et
440 2688 637 2754 transeundo
654 2688 801 2774 peruenit
817 2686 859 2753 ad
891 2687 1053 2770 quendam
1085 2687 1190 2753 locum
1222 2683 1416 2769 Bahathyas

290 2799 458 2877 ructatum
484 2793 602 2860 deinde
618 2796 724 2861 eundo
757 2793 862 2878 iungit
892 2793 1033 2860 riuolum
1065 2793 1203 2876 Zathkn,
1237 2791 1293 2858 nbi
1325 2791 1417 2857 iuxta

290 2903 394 2986 ipsum
411 2902 553 2968 riuulnm
570 2905 646 2969 sont
670 2901 734 2968 dne
765 2908 850 2969 mete
883 2907 1004 2982 terree3
1029 2907 1060 2968 et
1091 2900 1136 2966 ibi
1166 2899 1350 2982 regreditur
1382 2901 1414 2965 in

286 3009 400 3078 'eodem
419 3010 524 3078 riuulo
540 3030 652 3079 uersus
668 3010 846 3095 meridiem,
878 3017 910 3077 et
935 3009 1100 3094 pergendo
1133 3011 1166 3076 in
1198 3007 1312 3078 eodem
1345 3009 1417 3092 ipse

288 3119 415 3185 rinulus
431 3115 518 3184 cadit
534 3117 567 3182 in
584 3117 717 3185 fluuium
732 3118 888 3205 Zwstyce
920 3118 1130 3200 nominatum,
1162 3116 1217 3182 uhi
1248 3121 1323 3182 sunt
1355 3115 1417 3180 due

289 3230 373 3291 mete
389 3231 508 3308 terree;
522 3231 554 3290 et
570 3225 604 3290 in
621 3225 693 3310 ipso
708 3224 808 3292 fluuio
818 3223 948 3292 Zoetico
959 3223 1001 3290 ad
1013 3222 1172 3290 modicum
1185 3221 1415 3290 descendendo

290 3331 357 3400 exit
373 3330 416 3397 ad
433 3331 673 3399 meridionalem
692 3339 817 3418 partem
833 3331 875 3398 de
892 3331 1016 3418 eodem,
1049 3343 1082 3398 et
1098 3330 1142 3395 ibi
1158 3335 1233 3397 sunt
1249 3328 1314 3396 due
1331 3337 1416 3398 mete

290 3447 413 3523 terroe,
439 3439 556 3506 abhinc
587 3460 683 3526 super
707 3439 847 3523 quodam
865 3437 991 3506 modico
1008 3438 1113 3505 riuulo
1131 3438 1174 3504 ad
1190 3438 1327 3504 eandem
1342 3439 1411 3523 pla-

290 3566 366 3632 gam
383 3546 489 3614 cundo
506 3548 571 3617 exit
587 3548 628 3614 de
645 3546 757 3616 eodem
774 3565 884 3614 versos
901 3547 1108 3629 occidentem,
1126 3555 1158 3613 et
1174 3546 1220 3612 ibi
1246 3552 1324 3612 sunt
1349 3545 1413 3611 dne

290 3659 375 3724 mete
399 3661 521 3738 terree;
548 3653 666 3722 deinde
697 3653 740 3719 ad
773 3653 915 3742 eandem
943 3655 1078 3739 plagam
1110 3651 1287 3738 pertransit
1318 3672 1416 3722 unum

290 3781 449 3847 campum,
480 3769 514 3828 ot
529 3761 676 3848 peruenit
693 3761 736 3827 ad
767 3761 885 3828 siloam
916 3781 1014 3828 unam
1045 3759 1220 3846 Kemenyk
1252 3767 1415 3840 uocatam,

290 3871 382 3938 iuxta
397 3887 494 3953 qoam
511 3869 631 3936 siluam
648 3875 724 3936 sont
741 3869 803 3937 due
819 3877 904 3936 mete
919 3874 1046 3954 terroe3
1060 3865 1177 3934 deinde
1188 3867 1295 3935 adhue
1305 3885 1417 3934 uersos

291 3979 490 4046 occidentem
507 3977 597 4044 iuxta
612 3978 718 4063 ipsam
735 3977 854 4044 silnam
870 3975 975 4044 eundo
993 3975 1081 4042 uenit
1096 3975 1139 4041 ad
1155 3974 1237 4041 fines
1248 3973 1417 4041 cniusdam

291 4084 408 4170 campi,
425 4085 481 4151 uhi
496 4089 570 4154 sont
586 4085 649 4151 dne
667 4092 749 4151 mete
766 4091 891 4167 terrem
915 4081 1077 4170 pereundo
1094 4082 1137 4151 ab
1155 4082 1227 4167 ipso
1243 4083 1312 4149 loco
1344 4099 1417 4165 per-

290 4193 406 4259 transit
421 4191 590 4274 quandam
607 4193 725 4259 siluam
757 4211 905 4277 paruam,
938 4198 969 4257 et
999 4189 1105 4274 iungit
1135 4209 1233 4257 vnum
1267 4208 1417 4273 campum

293 4317 439 4386 pomum,
468 4301 500 4364 in
517 4319 579 4384 quo
596 4307 671 4368 sunt
687 4299 750 4366 due
767 4305 851 4366 meto
878 4305 1003 4382 terree;
1028 4296 1146 4363 abhinc
1179 4293 1418 4381 progrediendo

294 4427 351 4494 per
367 4407 486 4476 siluam
504 4407 592 4476 cadit
608 4408 641 4472 in
658 4429 755 4475 vnum
772 4406 912 4474 riuulum
930 4405 1060 4474 Zathha
1077 4411 1241 4490 uocatum,
1269 4405 1324 4471 vbi
1340 4411 1417 4468 sunt

294 4515 335 4582 de
351 4521 434 4583 mete
450 4523 571 4597 terree;
594 4516 627 4581 in
644 4535 707 4599 quo
723 4515 854 4598 quidem
873 4515 978 4583 riuulo
1004 4512 1229 4582 descendendo
1263 4511 1351 4578 eadit
1380 4511 1417 4575 in
