3112 5154
534 397 695 499 „gro-

75 591 201 661 onnibur
216 601 248 658 et
263 613 323 678 per
338 594 451 660 omniu
465 592 617 679 expedire
633 591 839 660 tenebuntur.
863 590 901 656 In
930 590 1023 657 euius
1038 609 1098 677 rey
1114 610 1194 658 me-

76 701 189 768 nmium
206 707 237 767 et
251 700 464 788 stabilitatem
480 705 670 786 perpetuam
685 717 782 786 super
796 703 948 785 pretaxta
964 693 1050 786 (lgy)
1068 695 1180 767 vendi·

77 807 152 877 eione
165 811 195 874 et
208 807 355 876 emoione
386 805 563 876 earundem
593 812 763 894 terrarum,
788 825 831 875 ne
845 823 1002 894 prooessu
1025 806 1195 892 temporis.

17 941 18 944 ¹
76 935 121 1002 per
133 915 307 1002 qnempiam
323 915 489 984 immutari
505 920 562 984 aut
577 913 748 983 retraetari
763 914 903 1000 valeant,
920 921 1088 1001 presentes
1104 929 1179 982 eon·

78 1021 351 1093 mminurlitteras
365 1023 468 1109 sigilli
498 1023 599 1091 nostri
629 1020 808 1090 munimine
839 1021 1017 1089 roboratas
1057 1021 1179 1090 Datum

77 1129 214 1216 Zupabie
227 1131 261 1199 in
277 1131 406 1200 uetanis
429 1131 639 1200 Penteeortes
670 1150 756 1197 anno
788 1127 919 1198 Domini
949 1127 1182 1197 Μ’(ΣΟθΒΧΧο

76 1237 200 1324 septimo.

78 1434 194 1496 (Eretum
209 1434 395 1502 burbrtrtytn,
424 1435 544 1503 melyro]
575 1435 706 1501 sponset
730 1435 814 1486 vore·
833 1435 1071 1500 selyemzsinoron
1090 1437 1177 1504 fflssssi

133 1522 242 1575 abnuat
258 1524 316 1578 kir.
334 1524 466 1578 mmai
484 1523 661 1628 lev‘elttrnak
680 1523 849 1592 Zagrribban
867 1522 933 1575 ltro
952 1527 1105 1590 raasson.)

17 2817 19 2860 l

17 3137 19 3200 l

17 3201 19 3236 l

485 1806 747 1827 -Q-

77 2533 248 2608 Awluoori
263 2539 460 2608 kunomtnek
485 2539 761 2632 bisooysdpleoele,
791 2541 877 2627 topy
901 2539 1038 2608 Katuliu
1070 2543 1196 2631 Royki'

78 2643 212 2712 uiuent
227 2657 364 2734 empye
379 2669 401 2713 u
416 2647 489 2714 mus
504 2646 750 2734 biteurtujotou
765 2647 902 2714 birtokot
911 2647 1034 2736 luterio,
1046 2650 1182 2717 Mortuo

286 2753 422 2841 fluonia,
437 2755 468 2822 ὄσ
483 2753 688 2821 rokouuinuk
702 2753 822 2821 dauco
846 2755 944 2823 1277.

163 2945 229 3016 llos
244 2945 433 3018 Conuentus
447 2947 637 3034 llonasterij
655 2947 747 3018 Beati
762 2947 897 3017 Adriani
916 2947 957 3018 de
973 2949 1055 3018 Zela
1071 2955 1182 3018 tenore

17 3019 19 3066 '
77 3053 257 3134 presencium
298 3053 520 3139 significamus
559 3055 675 3140 quibus
716 3055 850 3142 expedit
880 3057 1053 3142 uniuersis,
1094 3053 1182 3142 quod

76 3157 187 3228 lomina
200 3163 346 3232 Katbaw
360 3161 472 3231 reliete
486 3163 594 3230 llioov
609 3163 652 3230 de
665 3163 761 3251 Roylr
777 3163 847 3230 sine
872 3161 995 3232 herede
1025 3163 1181 3233 deceden-

75 3264 108 3331 tis
122 3267 158 3332 ab
171 3289 235 3337 nna
252 3276 356 3356 parte,
373 3277 406 3338 et
421 3270 607 3356 Stephanus
623 3269 710 3336 filius
726 3270 869 3354 Martini,
885 3271 1080 3340 Anastasius
1096 3271 1181 3340 filins

17 3383 19 3418 ³
76 3371 220 3462 Aumtasij
238 3398 300 3466 pro
317 3397 353 3446 se
368 3383 400 3444 et
414 3376 508 3444 Obalr
538 3376 607 3444 filio
639 3373 799 3464 (lylianus
830 3382 969 3464 cognato
1001 3399 1110 3447 eorum
1141 3379 1182 3446 de

17 3473 19 3504 ³
76 3479 170 3548 eadem
183 3484 224 3550 ab
241 3485 349 3552 altera
363 3501 471 3551 eoram
487 3483 581 3552 nobis
599 3483 925 3570 constituti5eadem
950 3486 1085 3553 domina
1109 3509 1182 3576 pos·

17 3595 19 3670 l
77 3591 233 3658 sessionem
250 3590 391 3678 predicti
406 3589 516 3659 mieov
531 3591 642 3660 mariti
657 3591 715 3676 sui,
731 3611 794 3676 que
810 3609 882 3658 eum
898 3591 1001 3682 siluis,
1017 3592 1134 3664 tenetis
1151 3604 1183 3664 et

17 3729 19 3768 r
75 3695 152 3764 terrie
165 3699 344 3766 arabilibus
359 3699 478 3784 viginti
493 3700 608 3785 iugera
622 3706 781 3768 terrarum
797 3699 959 3768 continere
990 3699 1117 3791 dieitur,
1150 3715 1182 3772 et

17 3805 18 3888 J
75 3800 126 3867 sibi
140 3807 171 3870 in
185 3805 351 3874 racionem
366 3805 452 3874 dotis
467 3827 525 3874 sue
541 3805 724 3895 deuenerat,
734 3813 885 3894 presente
895 3804 1072 3895 (Ro)lundo
1082 3809 1183 3878 fratre

17 3961 19 4012 ἒ
74 3926 130 3995 suo,
144 3911 195 3994 qni
209 3933 270 3998 pro
285 3931 322 3979 se
337 3921 369 3980 et
384 3911 520 3981 Nieolao
535 3933 691 3999 germano
706 3913 820 3997 astitit,
847 3913 970 3980 eisdem
1000 3913 1180 4002 Stephano,

17 4031 18 4058 ³
73 4011 228 4088 lnusmsio
245 4027 278 4086 et
294 4018 388 4087 Gbak
404 4041 464 4108 pro
480 4019 618 4088 dimidia
633 4040 745 4088 marea
760 4037 864 4104 usque
879 4019 914 4086 iu
931 4021 1013 4089 filios
1043 4021 1188 4091 filiorum,

73 4118 298 4212 inperpetuum
315 4135 346 4194 et
363 4127 619 4197 irreuooabiliter
634 4125 826 4196 vendidisse
843 4133 891 4195 est
907 4127 1067 4213 confessa,
1082 4147 1185 4212 quum

17 4229 18 4318 ζ
74 4225 222 4299 dimidiam
237 4253 382 4302 maroam
398 4235 529 4321 prelata
546 4235 678 4302 domina
694 4233 834 4302 assernit
849 4231 999 4320 plenarie
1015 4237 1188 4318 recepisse·

73 4336 382 4410 theodoualdus
400 4339 439 4411 eo
456 4350 489 4409 et
503 4342 632 4430 plenius
648 4347 825 4428 assumpto,
841 4339 927 4425 quod
944 4337 985 4406 de
1002 4345 1109 4438 uetere
1120 4358 1188 4407 neo-

17 4435 19 4444 ’
73 4437 132 4525 ipsu
146 4445 286 4534 (lomina,
316 4467 376 4518 neo
392 4449 463 4518 eins
479 4451 592 4535 agnati
608 4467 707 4536 super
722 4455 809 4515 terra
833 4433 1018 4533 presumpte
1044 4446 1181 4532 Stepha-

17 4543 19 4596 ῗ
72 4565 144 4632 num,
159 4553 252 4623 (than
266 4563 299 4625 et
314 4557 524 4626 Anastasium
541 4559 735 4644 preseriptos
751 4561 903 4642 poterunt
918 4555 1085 4644 impetere,
1116 4572 1181 4622 nee

17 4649 19 4742 i
70 4657 159 4728 eoian
172 4662 354 4732 molestare.
372 4667 415 4733 Vt
429 4665 529 4750 igitur
543 4666 603 4733 beo
617 4663 769 4732 rendieio
785 4661 882 4731 robur
899 4663 1045 4732 obtineat
1060 4679 1182 4750 perpe·
