3124 5152
779 295 938 404 35}—

294 486 596 590 per'priuilegialcs
621 482 748 567 litteras
779 497 979 566 venerabilis
1013 497 1155 582 Capituli
1188 479 1427 580 Strigoniensis

294 611 448 700 Ecclesia,
467 619 499 679 et
514 611 583 678 alia
599 607 791 676 documento
807 607 986 674 declararit
1002 631 1011 672 ε
1028 607 1097 673 Nos
1113 605 1294 694 predictam
1327 605 1424 670 dimi·

295 719 448 786 dretetem
465 719 609 786 omnium
625 717 866 803 possessionum
883 715 1033 782 Perohini
1050 715 1183 782 Comitis
1200 714 1429 800 empticiurnm

294 827 472 894 Mercutino
489 825 604 894 Conciti
622 823 827 906 reddidimus,
861 822 1058 890 restituimus
1075 829 1108 889 et
1133 821 1322 907 reliquimus
1353 827 1425 888 tan-

295 936 458 1020 quamius
474 955 565 1002 suum
583 937 739 1020 perpetuo
755 929 1010 1018 possidendam,
1033 929 1197 998 residuam
1224 950 1301 998 uero
1332 929 1428 996 dimi-

296 1043 450 1112 dietatem
468 1027 642 1108 earundem
662 1042 903 1129 possessionum
930 1039 1131 1107 reddidimus
1158 1046 1190 1107 et
1221 1038 1425 1108 restituimus

295 1151 460 1218 Anthonio
475 1149 570 1216 fratri
592 1133 745 1218 ¹Perohini
772 1147 905 1216 Comitis
937 1147 1072 1233 uterino,
1104 1147 1148 1213 ad
1179 1167 1274 1232 quem
1306 1145 1425 1213 eadem

295 1259 484 1339 dimidietas
501 1259 642 1326 debebat
658 1257 810 1326 deuenire
827 1257 895 1323 iure
911 1256 1112 1324 successorio
1128 1262 1161 1321 ct
1187 1253 1427 1322 consuetudine

295 1363 399 1449 Regni
417 1363 526 1450 nostri,
543 1364 689 1431 similitor
705 1371 864 1450 perpetuo
881 1363 1124 1450 possidendam.
1163 1361 1215 1430 Ad
1239 1363 1310 1450 hoc,
1342 1363 1425 1445 qnia

295 1491 405 1539 omnes
423 1471 488 1540 alic
504 1473 738 1559 possessiones,
757 1493 838 1555 quas
854 1471 1032 1538 Perohinus
1048 1468 1163 1539 Comes
1181 1491 1220 1538 ex
1237 1471 1424 1537 collacione

293 1581 395 1664 Regia
411 1580 586 1667 obtinebat,
605 1586 678 1667 post
695 1587 825 1646 mortem
844 1579 914 1646 eius
931 1577 973 1644 ad
989 1600 1106 1647 manus
1132 1587 1261 1648 nostras
1292 1578 1427 1646 fuerant

294 1685 463 1774 deuolute;
483 1689 550 1756 Nos
568 1688 699 1756 easdem
717 1688 891 1756 Merculino
908 1687 1025 1755 Comiti
1041 1685 1425 1775 propterfideiiamerita

294 1796 503 1864 seruioiorum
519 1797 634 1882 ipsius,
666 1815 729 1879 quo
746 1797 883 1883 primum
901 1795 1004 1864 felicis
1020 1795 1260 1864 recordacionis
1276 1795 1423 1864 Serenis·

294 1903 374 1970 simo
394 1905 476 1989 Regi
492 1904 664 1970 karissimo
680 1905 766 1989 patri
783 1912 903 1989 nostro,
918 1911 949 1970 et
966 1901 1093 1970 demum
1109 1904 1204 1970 nobis
1229 1904 1314 1970 omni
1340 1911 1422 1969 tem-

294 2030 373 2096 pore
390 2011 593 2077 incessanter
609 2010 755 2078 exhibuit
771 2019 802 2077 et
818 2011 988 2098 impendit,
1009 2031 1048 2078 ac
1067 2009 1230 2078 Anthonio
1247 2010 1338 2077 fratri
1353 2011 1422 2077 iam

294 2118 371 2183 dicti
389 2117 523 2184 Comitis
540 2117 687 2184 Perohini
704 2117 745 2185 de
760 2117 862 2202 Regio
877 2119 990 2185 fautore
1007 2125 1039 2184 et
1050 2117 1308 2204 graciaspeciaii
1319 2115 1423 2186 dona·

294 2225 410 2310 nimus,
427 2223 573 2292 dedimus
588 2231 622 2293 et
636 2223 827 2293 contulimus
843 2233 997 2314 perpetuo
1015 2232 1047 2294 et
1063 2227 1318 2295 irrcuocubiliter
1344 2247 1419 2312 pos-

294 2331 466 2418 sidendas;
492 2353 666 2417 omnesque
683 2334 807 2400 litteras
823 2343 960 2420 nostras,
978 2335 1006 2401 si
1022 2355 1105 2418 quas
1121 2355 1219 2420 super
1236 2335 1422 2402 eoliacionc

296 2439 438 2527 ipsarum
457 2440 698 2524 possessionum
714 2463 735 2508 a
751 2441 854 2508 Nobis
881 2442 982 2526 aliqui
1014 2443 1150 2509 forsitan
1180 2443 1423 2528 impetrassent,

297 2549 489 2616 auctoritato
507 2551 707 2636 presencium
724 2571 922 2634 reuocamus,
938 2571 1115 2634 cassamus,
1133 2572 1237 2619 tranas
1264 2557 1296 2618 et
1312 2552 1423 2618 irritas

296 2655 497 2724 nunciamus.
537 2658 574 2724 In
590 2659 680 2726 euius
708 2661 754 2726 rei
771 2660 956 2726 memorium
974 2665 1007 2725 et
1023 2667 1210 2746 perpetuam
1235 2659 1422 2726 firmitatem

294 2761 470 2832 itereuliuo
488 2765 604 2832 Comiti
620 2774 652 2832 et
669 2765 832 2835 Anthonio
848 2767 997 2835 fidelibus
1015 2768 1132 2836 nostris
1149 2775 1316 2854 presentes
1342 2789 1423 2835 oon·

295 2873 453 2940 cessimus
469 2872 595 2942 litteras
611 2875 774 2960 dupplicis
789 2876 891 2960 sigilii
908 2877 1009 2944 nostri
1037 2877 1213 2943 munimine
1238 2877 1421 2944 roboratus

293 2977 411 3047 Datum
429 2999 488 3067 per
502 3001 618 3050 manns
635 2983 830 3052 venerabilis
846 2985 906 3052 viri
917 2986 1069 3070 Magistri
1079 2983 1208 3053 Nicoiai
1219 2984 1300 3052 Anto
1311 2993 1423 3053 nostre

294 3087 568 3178 ViceCaneeiiurij
588 3092 698 3158 dilecti
717 3099 749 3158 et
764 3091 871 3159 fidelis
895 3093 997 3161 nostri
1023 3115 1108 3160 anno
1124 3093 1165 3160 ab
1185 3093 1424 3161 Incamucione

294 3195 424 3263 Domini
442 3197 670 3265 M⁰GO⁰LXX⁰
687 3219 782 3287 nono,
798 3200 900 3285 Regni
918 3209 1026 3268 autem
1042 3203 1144 3271 nostri
1161 3221 1247 3268 anno
1267 3201 1422 3288 septimo,

295 3393 436 3456 (Eredetie
450 3399 632 3465 berhartydn,
651 3413 669 3450 a
687 3400 750 3450 zdld
776 3397 1013 3465 selyemzsindron
1033 3402 1148 3469 tiiggiitt
1160 3401 1253 3466 peccet
1265 3401 1426 3470 elvesuett5

356 3487 478 3538 abudai
496 3488 548 3538 ktr.
568 3489 696 3542 kamsrai
714 3491 888 3543 leveltrirnak
916 3492 1084 3560 zegraooan
1112 3492 1175 3543 levo
1203 3489 1358 3560 reszeben.)
