<?xml version="1.0" encoding="UTF-8"?>
<!DOCTYPE html PUBLIC "-//W3C//DTD XHTML 1.0 Transitional//EN"
    "http://www.w3.org/TR/xhtml1/DTD/xhtml1-transitional.dtd">
<html xmlns="http://www.w3.org/1999/xhtml" xml:lang="en" lang="en">
 <head>
  <title>
</title>
<meta http-equiv="Content-Type" content="text/html;charset=utf-8" />
  <meta name='ocr-system' content='tesseract 3.04.00' />
  <meta name='ocr-capabilities' content='ocr_page ocr_carea ocr_par ocr_line ocrx_word'/>
</head>
<body>
  <div class='ocr_page' id='page_1' title='image "./codexdiplomatic06wenzgoog_0604.png"; bbox 0 0 3148 5164; ppageno 0'>
   <div class='ocr_carea' id='block_1_1' title="bbox 122 1188 1268 1486">
    <p class='ocr_par' dir='ltr' id='par_1_1' title="bbox 122 1188 1268 1486">
     <span class='ocr_line' id='line_1_1' title="bbox 122 1188 1268 1279; baseline -0.005 -18"><span class='ocrx_word' id='word_1_1' title='bbox 122 1195 155 1261; x_wconf 83' lang='grc' dir='ltr'><strong><em>Α</em></strong></span> <span class='ocrx_word' id='word_1_2' title='bbox 169 1194 260 1279; x_wconf 78' lang='lat' dir='ltr'>pe&#39;csi</span> <span class='ocrx_word' id='word_1_3' title='bbox 276 1192 502 1277; x_wconf 78' lang='lat' dir='ltr'>kdptatonnolo</span> <span class='ocrx_word' id='word_1_4' title='bbox 519 1189 791 1276; x_wconf 71' lang='lat' dir='ltr'>bizorzysciqleeetq</span> <span class='ocrx_word' id='word_1_5' title='bbox 816 1189 898 1273; x_wconf 74' lang='lat' dir='ltr'>kopp</span> <span class='ocrx_word' id='word_1_6' title='bbox 931 1188 1094 1275; x_wconf 71' lang='lat' dir='ltr'>Kdletnpee</span> <span class='ocrx_word' id='word_1_7' title='bbox 1126 1201 1268 1255; x_wconf 72' lang='lat' dir='ltr'>sonaret--</span> 
     </span>
     <span class='ocr_line' id='line_1_2' title="bbox 128 1291 1258 1386; baseline -0.004 -20"><span class='ocrx_word' id='word_1_8' title='bbox 128 1301 241 1386; x_wconf 76' lang='lat' dir='ltr'>raptati</span> <span class='ocrx_word' id='word_1_9' title='bbox 259 1299 387 1384; x_wconf 76' lang='lat' dir='ltr'>Mytud</span> <span class='ocrx_word' id='word_1_10' title='bbox 403 1299 467 1362; x_wconf 79' lang='lat' dir='ltr'>dcto</span> <span class='ocrx_word' id='word_1_11' title='bbox 483 1297 726 1382; x_wconf 75' lang='lat' dir='ltr'>Napyfolutan</span> <span class='ocrx_word' id='word_1_12' title='bbox 743 1299 808 1360; x_wconf 75' lang='lat' dir='ltr'>btrt</span> <span class='ocrx_word' id='word_1_13' title='bbox 824 1296 968 1381; x_wconf 75' lang='lat' dir='ltr'>dizonpos</span> <span class='ocrx_word' id='word_1_14' title='bbox 977 1291 1124 1378; x_wconf 80' lang='lat' dir='ltr'>fdtdeket</span> <span class='ocrx_word' id='word_1_15' title='bbox 1144 1293 1258 1382; x_wconf 74' lang='lat' dir='ltr'>Gyula</span> 
     </span>
     <span class='ocr_line' id='line_1_3' title="bbox 125 1403 1253 1486; baseline -0.006 -15"><span class='ocrx_word' id='word_1_16' title='bbox 125 1405 302 1471; x_wconf 78' lang='lat' dir='ltr'>mesternelr</span> <span class='ocrx_word' id='word_1_17' title='bbox 330 1407 361 1469; x_wconf 69' lang='lat' dir='ltr'>ts</span> <span class='ocrx_word' id='word_1_18' title='bbox 393 1405 557 1484; x_wconf 66' lang='lat' dir='ltr'>Potamia,</span> <span class='ocrx_word' id='word_1_19' title='bbox 590 1403 711 1468; x_wconf 75' lang='lat' dir='ltr'>Miklo&#39;o</span> <span class='ocrx_word' id='word_1_20' title='bbox 736 1403 871 1483; x_wconf 76' lang='lat' dir='ltr'>fiuiuolr</span> <span class='ocrx_word' id='word_1_21' title='bbox 896 1403 1136 1486; x_wconf 78' lang='lat' dir='ltr'>elzdtoqooitotl.</span> <span class='ocrx_word' id='word_1_22' title='bbox 1163 1403 1253 1467; x_wconf 76' lang='lat'><em>1294</em></span> 
     </span>
    </p>
   </div>
   <div class='ocr_carea' id='block_1_2' title="bbox 123 1594 1299 4682">
    <p class='ocr_par' dir='ltr' id='par_1_2' title="bbox 123 1594 1299 4682">
     <span class='ocr_line' id='line_1_4' title="bbox 234 1594 1250 1680; baseline -0.002 -16"><span class='ocrx_word' id='word_1_23' title='bbox 234 1599 302 1666; x_wconf 86' lang='lat' dir='ltr'>Nos</span> <span class='ocrx_word' id='word_1_24' title='bbox 333 1596 517 1680; x_wconf 74' lang='lat' dir='ltr'>Capitulum</span> <span class='ocrx_word' id='word_1_25' title='bbox 548 1594 903 1680; x_wconf 82' lang='lat' dir='ltr'>Quinqueeeolesiensis</span> <span class='ocrx_word' id='word_1_26' title='bbox 934 1596 1079 1662; x_wconf 82' lang='lat' dir='ltr'>Eeolesie</span> <span class='ocrx_word' id='word_1_27' title='bbox 1095 1597 1250 1663; x_wconf 87' lang='lat' dir='ltr'>memoris</span> 
     </span>
     <span class='ocr_line' id='line_1_5' title="bbox 124 1699 1253 1789; baseline -0.003 -15"><span class='ocrx_word' id='word_1_28' title='bbox 124 1705 400 1789; x_wconf 80' lang='lat' dir='ltr'>commendamus,</span> <span class='ocrx_word' id='word_1_29' title='bbox 416 1702 501 1788; x_wconf 93' lang='lat' dir='ltr'>quod</span> <span class='ocrx_word' id='word_1_30' title='bbox 516 1699 640 1786; x_wconf 89' lang='lat' dir='ltr'>Mykud</span> <span class='ocrx_word' id='word_1_31' title='bbox 655 1703 764 1770; x_wconf 74' lang='lat' dir='ltr'>Banna</span> <span class='ocrx_word' id='word_1_32' title='bbox 779 1702 864 1772; x_wconf 87' lang='lat' dir='ltr'>filius</span> <span class='ocrx_word' id='word_1_33' title='bbox 895 1702 1028 1788; x_wconf 84' lang='lat' dir='ltr'>Mykud‚</span> <span class='ocrx_word' id='word_1_34' title='bbox 1061 1702 1178 1770; x_wconf 89' lang='lat' dir='ltr'>nobilis</span> <span class='ocrx_word' id='word_1_35' title='bbox 1210 1704 1253 1771; x_wconf 91' lang='lat' dir='ltr'>de</span> 
     </span>
     <span class='ocr_line' id='line_1_6' title="bbox 125 1809 1255 1895; baseline -0.004 -15"><span class='ocrx_word' id='word_1_36' title='bbox 125 1813 277 1880; x_wconf 81' lang='lat' dir='ltr'>Partibus</span> <span class='ocrx_word' id='word_1_37' title='bbox 308 1810 543 1879; x_wconf 86' lang='lat' dir='ltr'>Ultrasiluanis</span> <span class='ocrx_word' id='word_1_38' title='bbox 574 1809 615 1877; x_wconf 91' lang='lat' dir='ltr'>de</span> <span class='ocrx_word' id='word_1_39' title='bbox 647 1830 765 1894; x_wconf 89' lang='lat' dir='ltr'>genere</span> <span class='ocrx_word' id='word_1_40' title='bbox 795 1809 950 1878; x_wconf 87' lang='lat' dir='ltr'>Kukenes</span> <span class='ocrx_word' id='word_1_41' title='bbox 983 1811 1195 1895; x_wconf 82' lang='lat' dir='ltr'>personaliter</span> <span class='ocrx_word' id='word_1_42' title='bbox 1220 1812 1255 1876; x_wconf 91' lang='lat' dir='ltr'>in</span> 
     </span>
     <span class='ocr_line' id='line_1_7' title="bbox 124 1917 1254 2005; baseline 0 -17"><span class='ocrx_word' id='word_1_43' title='bbox 124 1921 228 1990; x_wconf 84' lang='lat' dir='ltr'><strong>nostri</strong></span> <span class='ocrx_word' id='word_1_44' title='bbox 244 1920 413 2005; x_wconf 77' lang='lat' dir='ltr'>presencia</span> <span class='ocrx_word' id='word_1_45' title='bbox 429 1919 622 1986; x_wconf 79' lang='lat' dir='ltr'>constitutus</span> <span class='ocrx_word' id='word_1_46' title='bbox 641 1917 681 1982; x_wconf 93' lang='lat' dir='ltr'>de</span> <span class='ocrx_word' id='word_1_47' title='bbox 703 1924 789 1984; x_wconf 88' lang='lat' dir='ltr'>terra</span> <span class='ocrx_word' id='word_1_48' title='bbox 804 1917 1021 2002; x_wconf 77' lang='lat' dir='ltr'>possessionis</span> <span class='ocrx_word' id='word_1_49' title='bbox 1037 1937 1094 1984; x_wconf 88' lang='lat' dir='ltr'>sue</span> <span class='ocrx_word' id='word_1_50' title='bbox 1110 1917 1254 2003; x_wconf 85' lang='lat' dir='ltr'>Nogfolu</span> 
     </span>
     <span class='ocr_line' id='line_1_8' title="bbox 123 2023 1256 2111; baseline -0.002 -15"><span class='ocrx_word' id='word_1_51' title='bbox 123 2033 239 2096; x_wconf 84' lang='lat' dir='ltr'>vocate</span> <span class='ocrx_word' id='word_1_52' title='bbox 255 2029 290 2096; x_wconf 90' lang='lat' dir='ltr'>in</span> <span class='ocrx_word' id='word_1_53' title='bbox 322 2027 484 2094; x_wconf 79' lang='lat' dir='ltr'>Comitatu</span> <span class='ocrx_word' id='word_1_54' title='bbox 501 2026 542 2092; x_wconf 92' lang='lat' dir='ltr'>de</span> <span class='ocrx_word' id='word_1_55' title='bbox 558 2027 688 2093; x_wconf 88' lang='lat' dir='ltr'>Borona</span> <span class='ocrx_word' id='word_1_56' title='bbox 713 2025 830 2092; x_wconf 82' lang='lat' dir='ltr'>situata</span> <span class='ocrx_word' id='word_1_57' title='bbox 847 2032 879 2091; x_wconf 90' lang='lat' dir='ltr'>et</span> <span class='ocrx_word' id='word_1_58' title='bbox 895 2023 1073 2104; x_wconf 84' lang='lat' dir='ltr'>existentis,</span> <span class='ocrx_word' id='word_1_59' title='bbox 1090 2027 1256 2111; x_wconf 89' lang='lat' dir='ltr'>quandam</span> 
     </span>
     <span class='ocr_line' id='line_1_9' title="bbox 123 2132 1270 2222; baseline -0.001 -19"><span class='ocrx_word' id='word_1_60' title='bbox 123 2136 321 2222; x_wconf 79' lang='lat' dir='ltr'><strong>particulam</strong></span> <span class='ocrx_word' id='word_1_61' title='bbox 338 2139 421 2202; x_wconf 88' lang='lat' dir='ltr'>terre</span> <span class='ocrx_word' id='word_1_62' title='bbox 438 2134 639 2220; x_wconf 80' lang='lat' dir='ltr'>campestris,</span> <span class='ocrx_word' id='word_1_63' title='bbox 663 2133 705 2198; x_wconf 87' lang='lat' dir='ltr'>ab</span> <span class='ocrx_word' id='word_1_64' title='bbox 722 2132 798 2216; x_wconf 80' lang='lat' dir='ltr'>aliis</span> <span class='ocrx_word' id='word_1_65' title='bbox 815 2133 911 2200; x_wconf 83' lang='lat' dir='ltr'>terris</span> <span class='ocrx_word' id='word_1_66' title='bbox 927 2133 997 2198; x_wconf 92' lang='lat' dir='ltr'>suis</span> <span class='ocrx_word' id='word_1_67' title='bbox 1013 2155 1071 2217; x_wconf 90' lang='lat' dir='ltr'>per</span> <span class='ocrx_word' id='word_1_68' title='bbox 1102 2135 1270 2203; x_wconf 88' lang='lat' dir='ltr'>terminos-</span> 
     </span>
     <span class='ocr_line' id='line_1_10' title="bbox 127 2239 1259 2329; baseline 0 -19"><span class='ocrx_word' id='word_1_69' title='bbox 127 2263 213 2329; x_wconf 89' lang='lat' dir='ltr'>snos,</span> <span class='ocrx_word' id='word_1_70' title='bbox 244 2241 340 2326; x_wconf 87' lang='lat' dir='ltr'>signa</span> <span class='ocrx_word' id='word_1_71' title='bbox 370 2262 410 2306; x_wconf 88' lang='lat' dir='ltr'>ae</span> <span class='ocrx_word' id='word_1_72' title='bbox 441 2261 500 2326; x_wconf 87' lang='lat' dir='ltr'>por</span> <span class='ocrx_word' id='word_1_73' title='bbox 532 2245 635 2306; x_wconf 87' lang='lat' dir='ltr'>metas</span> <span class='ocrx_word' id='word_1_74' title='bbox 666 2239 848 2307; x_wconf 86' lang='lat' dir='ltr'>seiunetam</span> <span class='ocrx_word' id='word_1_75' title='bbox 882 2247 913 2306; x_wconf 89' lang='lat' dir='ltr'>et</span> <span class='ocrx_word' id='word_1_76' title='bbox 946 2248 1141 2329; x_wconf 81' lang='lat' dir='ltr'>separatam,</span> <span class='ocrx_word' id='word_1_77' title='bbox 1174 2245 1259 2312; x_wconf 89' lang='lat' dir='ltr'>siout</span> 
     </span>
     <span class='ocr_line' id='line_1_11' title="bbox 126 2347 1259 2434; baseline 0.001 -17"><span class='ocrx_word' id='word_1_78' title='bbox 126 2349 264 2418; x_wconf 82' lang='lat' dir='ltr'>inferius</span> <span class='ocrx_word' id='word_1_79' title='bbox 281 2348 488 2434; x_wconf 70' lang='lat' dir='ltr'>exprimetur,</span> <span class='ocrx_word' id='word_1_80' title='bbox 505 2348 690 2432; x_wconf 81' lang='lat' dir='ltr'>contiguam</span> <span class='ocrx_word' id='word_1_81' title='bbox 706 2353 738 2414; x_wconf 88' lang='lat' dir='ltr'>et</span> <span class='ocrx_word' id='word_1_82' title='bbox 753 2347 940 2416; x_wconf 81' lang='lat' dir='ltr'>immediate</span> <span class='ocrx_word' id='word_1_83' title='bbox 965 2348 1119 2433; x_wconf 82' lang='lat' dir='ltr'>vicinam,</span> <span class='ocrx_word' id='word_1_84' title='bbox 1135 2357 1259 2418; x_wconf 85' lang='lat' dir='ltr'>eonten-</span> 
     </span>
     <span class='ocr_line' id='line_1_12' title="bbox 126 2454 1260 2538; baseline 0.001 -14"><span class='ocrx_word' id='word_1_85' title='bbox 126 2459 325 2525; x_wconf 87' lang='lat' dir='ltr'>minalemue</span> <span class='ocrx_word' id='word_1_86' title='bbox 357 2455 451 2522; x_wconf 90' lang='lat' dir='ltr'>terris</span> <span class='ocrx_word' id='word_1_87' title='bbox 482 2459 515 2522; x_wconf 91' lang='lat' dir='ltr'>et</span> <span class='ocrx_word' id='word_1_88' title='bbox 546 2454 805 2538; x_wconf 85' lang='lat' dir='ltr'>possessionibus</span> <span class='ocrx_word' id='word_1_89' title='bbox 836 2455 983 2536; x_wconf 81' lang='lat' dir='ltr'>Magistri</span> <span class='ocrx_word' id='word_1_90' title='bbox 1009 2457 1087 2522; x_wconf 89' lang='lat' dir='ltr'>Jula</span> <span class='ocrx_word' id='word_1_91' title='bbox 1104 2464 1135 2523; x_wconf 90' lang='lat' dir='ltr'>et</span> <span class='ocrx_word' id='word_1_92' title='bbox 1151 2457 1260 2526; x_wconf 84' lang='lat' dir='ltr'>fratris</span> 
     </span>
     <span class='ocr_line' id='line_1_13' title="bbox 127 2559 1260 2650; baseline -0.001 -16"><span class='ocrx_word' id='word_1_93' title='bbox 127 2567 179 2634; x_wconf 87' lang='lat' dir='ltr'>sni</span> <span class='ocrx_word' id='word_1_94' title='bbox 211 2565 311 2650; x_wconf 87' lang='lat' dir='ltr'>Petri,</span> <span class='ocrx_word' id='word_1_95' title='bbox 345 2563 480 2630; x_wconf 87' lang='lat' dir='ltr'>liliorum</span> <span class='ocrx_word' id='word_1_96' title='bbox 513 2561 647 2627; x_wconf 82' lang='lat' dir='ltr'>Comitis</span> <span class='ocrx_word' id='word_1_97' title='bbox 679 2559 830 2644; x_wconf 84' lang='lat' dir='ltr'>Nyoolai‚</span> <span class='ocrx_word' id='word_1_98' title='bbox 870 2559 1102 2646; x_wconf 89' lang='lat' dir='ltr'>impignorauit</span> <span class='ocrx_word' id='word_1_99' title='bbox 1135 2565 1260 2633; x_wconf 90' lang='lat' dir='ltr'>eisdem</span> 
     </span>
     <span class='ocr_line' id='line_1_14' title="bbox 129 2668 1260 2756; baseline 0.002 -18"><span class='ocrx_word' id='word_1_100' title='bbox 129 2673 290 2756; x_wconf 86' lang='lat' dir='ltr'>Magistro</span> <span class='ocrx_word' id='word_1_101' title='bbox 321 2669 398 2736; x_wconf 85' lang='lat' dir='ltr'>Jula</span> <span class='ocrx_word' id='word_1_102' title='bbox 428 2675 460 2734; x_wconf 89' lang='lat' dir='ltr'>et</span> <span class='ocrx_word' id='word_1_103' title='bbox 491 2668 588 2734; x_wconf 89' lang='lat' dir='ltr'>Petro</span> <span class='ocrx_word' id='word_1_104' title='bbox 631 2668 780 2750; x_wconf 80' lang='lat' dir='ltr'>cognatis</span> <span class='ocrx_word' id='word_1_105' title='bbox 821 2669 890 2736; x_wconf 88' lang='lat' dir='ltr'>suis</span> <span class='ocrx_word' id='word_1_106' title='bbox 922 2689 980 2754; x_wconf 87' lang='lat' dir='ltr'>pro</span> <span class='ocrx_word' id='word_1_107' title='bbox 1019 2671 1260 2755; x_wconf 79' lang='lat' dir='ltr'>quinquaginta</span> 
     </span>
     <span class='ocr_line' id='line_1_15' title="bbox 130 2775 1259 2862; baseline -0.002 -16"><span class='ocrx_word' id='word_1_108' title='bbox 130 2781 248 2849; x_wconf 89' lang='lat' dir='ltr'>mareis</span> <span class='ocrx_word' id='word_1_109' title='bbox 265 2779 359 2862; x_wconf 87' lang='lat' dir='ltr'>prius</span> <span class='ocrx_word' id='word_1_110' title='bbox 376 2775 564 2860; x_wconf 83' lang='lat' dir='ltr'>numeratis,</span> <span class='ocrx_word' id='word_1_111' title='bbox 582 2781 613 2841; x_wconf 90' lang='lat' dir='ltr'>et</span> <span class='ocrx_word' id='word_1_112' title='bbox 629 2776 768 2859; x_wconf 88' lang='lat' dir='ltr'>reoeptis</span> <span class='ocrx_word' id='word_1_113' title='bbox 784 2777 826 2842; x_wconf 90' lang='lat' dir='ltr'>ab</span> <span class='ocrx_word' id='word_1_114' title='bbox 858 2777 982 2844; x_wconf 88' lang='lat' dir='ltr'>eisdem</span> <span class='ocrx_word' id='word_1_115' title='bbox 1015 2797 1123 2844; x_wconf 85' lang='lat' dir='ltr'>eoram</span> <span class='ocrx_word' id='word_1_116' title='bbox 1155 2780 1259 2846; x_wconf 86' lang='lat' dir='ltr'>nobis.</span> 
     </span>
     <span class='ocr_line' id='line_1_16' title="bbox 129 2881 1259 2968; baseline -0.002 -16"><span class='ocrx_word' id='word_1_117' title='bbox 129 2885 368 2954; x_wconf 81' lang='lat' dir='ltr'>Distineeiones</span> <span class='ocrx_word' id='word_1_118' title='bbox 424 2889 531 2949; x_wconf 88' lang='lat' dir='ltr'>autem</span> <span class='ocrx_word' id='word_1_119' title='bbox 587 2881 892 2968; x_wconf 86' lang='lat' dir='ltr'>speoifioaoionesve</span> <span class='ocrx_word' id='word_1_120' title='bbox 946 2883 1154 2948; x_wconf 89' lang='lat' dir='ltr'>terminorum</span> <span class='ocrx_word' id='word_1_121' title='bbox 1206 2885 1259 2950; x_wconf 91' lang='lat' dir='ltr'>uel</span> 
     </span>
     <span class='ocr_line' id='line_1_17' title="bbox 131 2987 1273 3080; baseline -0.003 -19"><span class='ocrx_word' id='word_1_122' title='bbox 131 2995 308 3080; x_wconf 83' lang='lat' dir='ltr'>signorum,</span> <span class='ocrx_word' id='word_1_123' title='bbox 325 2993 681 3076; x_wconf 79' lang='lat' dir='ltr'>cursusquemetarum,</span> <span class='ocrx_word' id='word_1_124' title='bbox 699 2987 783 3056; x_wconf 89' lang='lat' dir='ltr'>hane</span> <span class='ocrx_word' id='word_1_125' title='bbox 799 2989 985 3074; x_wconf 86' lang='lat' dir='ltr'>poroionem</span> <span class='ocrx_word' id='word_1_126' title='bbox 1002 2994 1087 3056; x_wconf 87' lang='lat' dir='ltr'>terre</span> <span class='ocrx_word' id='word_1_127' title='bbox 1102 2990 1273 3076; x_wconf 80' lang='lat' dir='ltr'>impigno-</span> 
     </span>
     <span class='ocr_line' id='line_1_18' title="bbox 130 3095 1261 3188; baseline -0.002 -19"><span class='ocrx_word' id='word_1_128' title='bbox 130 3109 210 3188; x_wconf 90' lang='lat' dir='ltr'>rate,</span> <span class='ocrx_word' id='word_1_129' title='bbox 245 3107 280 3165; x_wconf 90' lang='lat' dir='ltr'>ut</span> <span class='ocrx_word' id='word_1_130' title='bbox 312 3107 361 3164; x_wconf 89' lang='lat' dir='ltr'>est</span> <span class='ocrx_word' id='word_1_131' title='bbox 393 3097 526 3182; x_wconf 86' lang='lat' dir='ltr'>dietum,</span> <span class='ocrx_word' id='word_1_132' title='bbox 543 3100 585 3163; x_wconf 91' lang='lat' dir='ltr'>ab</span> <span class='ocrx_word' id='word_1_133' title='bbox 601 3097 677 3182; x_wconf 87' lang='lat' dir='ltr'>alijs</span> <span class='ocrx_word' id='word_1_134' title='bbox 693 3097 789 3162; x_wconf 88' lang='lat' dir='ltr'>terris</span> <span class='ocrx_word' id='word_1_135' title='bbox 809 3095 910 3180; x_wconf 90' lang='lat' dir='ltr'>ipsius</span> <span class='ocrx_word' id='word_1_136' title='bbox 926 3095 1051 3182; x_wconf 86' lang='lat' dir='ltr'>Mykud</span> <span class='ocrx_word' id='word_1_137' title='bbox 1067 3098 1150 3162; x_wconf 88' lang='lat' dir='ltr'>Bani</span> <span class='ocrx_word' id='word_1_138' title='bbox 1166 3117 1261 3186; x_wconf 86' lang='lat' dir='ltr'>sepa-</span> 
     </span>
     <span class='ocr_line' id='line_1_19' title="bbox 131 3201 1263 3290; baseline -0.001 -15"><span class='ocrx_word' id='word_1_139' title='bbox 131 3208 290 3290; x_wconf 86' lang='lat' dir='ltr'>ranoium,</span> <span class='ocrx_word' id='word_1_140' title='bbox 323 3205 407 3271; x_wconf 88' lang='lat' dir='ltr'>tales</span> <span class='ocrx_word' id='word_1_141' title='bbox 438 3201 743 3290; x_wconf 76' lang='lat' dir='ltr'>sunt21noipiendo</span> <span class='ocrx_word' id='word_1_142' title='bbox 775 3203 901 3269; x_wconf 84' lang='lat' dir='ltr'>seilicet</span> <span class='ocrx_word' id='word_1_143' title='bbox 941 3201 982 3268; x_wconf 91' lang='lat' dir='ltr'>de</span> <span class='ocrx_word' id='word_1_144' title='bbox 1025 3203 1127 3270; x_wconf 87' lang='lat' dir='ltr'>tribus</span> <span class='ocrx_word' id='word_1_145' title='bbox 1167 3207 1263 3274; x_wconf 86' lang='lat' dir='ltr'>metis</span> 
     </span>
     <span class='ocr_line' id='line_1_20' title="bbox 130 3309 1264 3396; baseline -0.002 -14"><span class='ocrx_word' id='word_1_146' title='bbox 130 3314 244 3382; x_wconf 89' lang='lat' dir='ltr'>terreis</span> <span class='ocrx_word' id='word_1_147' title='bbox 275 3310 498 3396; x_wconf 83' lang='lat' dir='ltr'>angularibus,</span> <span class='ocrx_word' id='word_1_148' title='bbox 531 3331 669 3394; x_wconf 87' lang='lat' dir='ltr'>quarum</span> <span class='ocrx_word' id='word_1_149' title='bbox 702 3331 767 3376; x_wconf 86' lang='lat' dir='ltr'>vna</span> <span class='ocrx_word' id='word_1_150' title='bbox 798 3315 932 3395; x_wconf 87' lang='lat' dir='ltr'>separat</span> <span class='ocrx_word' id='word_1_151' title='bbox 962 3309 1121 3394; x_wconf 87' lang='lat' dir='ltr'>Magistro</span> <span class='ocrx_word' id='word_1_152' title='bbox 1137 3311 1216 3381; x_wconf 88' lang='lat' dir='ltr'>Jula</span> <span class='ocrx_word' id='word_1_153' title='bbox 1233 3320 1264 3381; x_wconf 89' lang='lat' dir='ltr'>et</span> 
     </span>
     <span class='ocr_line' id='line_1_21' title="bbox 131 3416 1264 3504; baseline 0.002 -18"><span class='ocrx_word' id='word_1_154' title='bbox 131 3419 225 3486; x_wconf 80' lang='lat' dir='ltr'>fratri</span> <span class='ocrx_word' id='word_1_155' title='bbox 257 3438 327 3503; x_wconf 84' lang='lat' dir='ltr'>suo,</span> <span class='ocrx_word' id='word_1_156' title='bbox 360 3416 503 3485; x_wconf 84' lang='lat' dir='ltr'>secunda</span> <span class='ocrx_word' id='word_1_157' title='bbox 534 3416 612 3501; x_wconf 80' lang='lat' dir='ltr'>filiJs</span> <span class='ocrx_word' id='word_1_158' title='bbox 643 3417 730 3482; x_wconf 89' lang='lat' dir='ltr'>Petri</span> <span class='ocrx_word' id='word_1_159' title='bbox 762 3416 856 3503; x_wconf 85' lang='lat' dir='ltr'>Rani,</span> <span class='ocrx_word' id='word_1_160' title='bbox 885 3417 987 3484; x_wconf 89' lang='lat' dir='ltr'>tereia</span> <span class='ocrx_word' id='word_1_161' title='bbox 1018 3416 1142 3504; x_wconf 86' lang='lat' dir='ltr'>Mykud</span> <span class='ocrx_word' id='word_1_162' title='bbox 1172 3421 1264 3488; x_wconf 89' lang='lat' dir='ltr'>Bano</span> 
     </span>
     <span class='ocr_line' id='line_1_22' title="bbox 132 3522 1299 3611; baseline 0.003 -20"><span class='ocrx_word' id='word_1_163' title='bbox 132 3524 288 3611; x_wconf 80' lang='lat' dir='ltr'>predicto,</span> <span class='ocrx_word' id='word_1_164' title='bbox 322 3525 356 3589; x_wconf 90' lang='lat' dir='ltr'>in</span> <span class='ocrx_word' id='word_1_165' title='bbox 389 3543 525 3607; x_wconf 91' lang='lat' dir='ltr'>quarum</span> <span class='ocrx_word' id='word_1_166' title='bbox 557 3522 710 3589; x_wconf 90' lang='lat' dir='ltr'>uidelioet</span> <span class='ocrx_word' id='word_1_167' title='bbox 728 3523 826 3590; x_wconf 89' lang='lat' dir='ltr'>trium</span> <span class='ocrx_word' id='word_1_168' title='bbox 844 3529 1004 3590; x_wconf 85' lang='lat' dir='ltr'>metarum</span> <span class='ocrx_word' id='word_1_169' title='bbox 1020 3545 1085 3592; x_wconf 89' lang='lat' dir='ltr'>una</span> <span class='ocrx_word' id='word_1_170' title='bbox 1101 3533 1153 3593; x_wconf 90' lang='lat' dir='ltr'>est</span> <span class='ocrx_word' id='word_1_171' title='bbox 1167 3528 1266 3594; x_wconf 87' lang='lat' dir='ltr'>arbor</span> <span class='ocrx_word' id='word_1_172' title='bbox 1297 3539 1299 3549; x_wconf 90' lang='lat'>&#39;</span> 
     </span>
     <span class='ocr_line' id='line_1_23' title="bbox 132 3630 1265 3719; baseline 0.003 -21"><span class='ocrx_word' id='word_1_173' title='bbox 132 3634 197 3719; x_wconf 89' lang='lat' dir='ltr'>piri</span> <span class='ocrx_word' id='word_1_174' title='bbox 213 3651 343 3714; x_wconf 87' lang='lat' dir='ltr'>magna,</span> <span class='ocrx_word' id='word_1_175' title='bbox 360 3630 464 3697; x_wconf 89' lang='lat' dir='ltr'>tendit</span> <span class='ocrx_word' id='word_1_176' title='bbox 496 3630 540 3696; x_wconf 90' lang='lat' dir='ltr'>ad</span> <span class='ocrx_word' id='word_1_177' title='bbox 573 3635 698 3715; x_wconf 88' lang='lat' dir='ltr'>partem</span> <span class='ocrx_word' id='word_1_178' title='bbox 730 3631 923 3697; x_wconf 85' lang='lat' dir='ltr'>orientalem</span> <span class='ocrx_word' id='word_1_179' title='bbox 941 3631 984 3697; x_wconf 89' lang='lat' dir='ltr'>ad</span> <span class='ocrx_word' id='word_1_180' title='bbox 1015 3653 1112 3698; x_wconf 91' lang='lat' dir='ltr'>unam</span> <span class='ocrx_word' id='word_1_181' title='bbox 1145 3642 1265 3702; x_wconf 89' lang='lat' dir='ltr'>metam</span> 
     </span>
     <span class='ocr_line' id='line_1_24' title="bbox 134 3735 1266 3828; baseline 0.002 -21"><span class='ocrx_word' id='word_1_182' title='bbox 134 3747 296 3820; x_wconf 88' lang='lat' dir='ltr'>terream;</span> <span class='ocrx_word' id='word_1_183' title='bbox 322 3737 442 3805; x_wconf 90' lang='lat' dir='ltr'>deinde</span> <span class='ocrx_word' id='word_1_184' title='bbox 458 3736 645 3821; x_wconf 82' lang='lat' dir='ltr'>proceditur</span> <span class='ocrx_word' id='word_1_185' title='bbox 661 3736 705 3802; x_wconf 90' lang='lat' dir='ltr'>ad</span> <span class='ocrx_word' id='word_1_186' title='bbox 723 3735 806 3803; x_wconf 86' lang='lat' dir='ltr'>duas</span> <span class='ocrx_word' id='word_1_187' title='bbox 823 3742 926 3803; x_wconf 89' lang='lat' dir='ltr'>metas</span> <span class='ocrx_word' id='word_1_188' title='bbox 943 3747 1066 3806; x_wconf 87' lang='lat' dir='ltr'>terreas</span> <span class='ocrx_word' id='word_1_189' title='bbox 1083 3743 1266 3828; x_wconf 84' lang='lat' dir='ltr'>angulares,</span> 
     </span>
     <span class='ocr_line' id='line_1_25' title="bbox 135 3845 1268 3932; baseline 0 -18"><span class='ocrx_word' id='word_1_190' title='bbox 135 3849 190 3914; x_wconf 81' lang='lat' dir='ltr'>ubi</span> <span class='ocrx_word' id='word_1_191' title='bbox 206 3846 341 3914; x_wconf 90' lang='lat' dir='ltr'>diuertit</span> <span class='ocrx_word' id='word_1_192' title='bbox 357 3845 400 3912; x_wconf 88' lang='lat' dir='ltr'>ad</span> <span class='ocrx_word' id='word_1_193' title='bbox 417 3851 545 3930; x_wconf 89' lang='lat' dir='ltr'>partem</span> <span class='ocrx_word' id='word_1_194' title='bbox 561 3845 818 3932; x_wconf 88' lang='lat' dir='ltr'>meridionalem,</span> <span class='ocrx_word' id='word_1_195' title='bbox 852 3852 883 3910; x_wconf 88' lang='lat' dir='ltr'>et</span> <span class='ocrx_word' id='word_1_196' title='bbox 916 3846 1004 3913; x_wconf 84' lang='lat' dir='ltr'>eadit</span> <span class='ocrx_word' id='word_1_197' title='bbox 1035 3849 1068 3911; x_wconf 96' lang='lat' dir='ltr'>in</span> <span class='ocrx_word' id='word_1_198' title='bbox 1100 3849 1268 3929; x_wconf 86' lang='lat' dir='ltr'>quandam</span> 
     </span>
     <span class='ocr_line' id='line_1_26' title="bbox 136 3951 1268 4040; baseline 0.001 -19"><span class='ocrx_word' id='word_1_199' title='bbox 136 3973 290 4038; x_wconf 86' lang='lat' dir='ltr'>magnam</span> <span class='ocrx_word' id='word_1_200' title='bbox 323 3952 421 4036; x_wconf 87' lang='lat' dir='ltr'>uiam,</span> <span class='ocrx_word' id='word_1_201' title='bbox 453 3972 511 4036; x_wconf 86' lang='lat' dir='ltr'>per</span> <span class='ocrx_word' id='word_1_202' title='bbox 541 3973 638 4036; x_wconf 90' lang='lat' dir='ltr'>quam</span> <span class='ocrx_word' id='word_1_203' title='bbox 667 3951 774 4020; x_wconf 92' lang='lat' dir='ltr'>eundo</span> <span class='ocrx_word' id='word_1_204' title='bbox 791 3953 921 4019; x_wconf 83' lang='lat' dir='ltr'>ueniter</span> <span class='ocrx_word' id='word_1_205' title='bbox 938 3955 980 4020; x_wconf 90' lang='lat' dir='ltr'>ad</span> <span class='ocrx_word' id='word_1_206' title='bbox 997 3955 1097 4021; x_wconf 86' lang='lat' dir='ltr'>aliam</span> <span class='ocrx_word' id='word_1_207' title='bbox 1115 3977 1268 4040; x_wconf 86' lang='lat' dir='ltr'>magnam</span> 
     </span>
     <span class='ocr_line' id='line_1_27' title="bbox 135 4059 1268 4149; baseline 0.001 -21"><span class='ocrx_word' id='word_1_208' title='bbox 135 4063 236 4149; x_wconf 84' lang='lat' dir='ltr'>niam,</span> <span class='ocrx_word' id='word_1_209' title='bbox 253 4081 425 4146; x_wconf 86' lang='lat' dir='ltr'>perquam</span> <span class='ocrx_word' id='word_1_210' title='bbox 443 4060 484 4126; x_wconf 91' lang='lat' dir='ltr'>de</span> <span class='ocrx_word' id='word_1_211' title='bbox 504 4059 648 4145; x_wconf 84' lang='lat' dir='ltr'>Nogiolu</span> <span class='ocrx_word' id='word_1_212' title='bbox 680 4059 742 4126; x_wconf 90' lang='lat' dir='ltr'>itur</span> <span class='ocrx_word' id='word_1_213' title='bbox 776 4061 808 4124; x_wconf 93' lang='lat' dir='ltr'>in</span> <span class='ocrx_word' id='word_1_214' title='bbox 841 4060 952 4127; x_wconf 88' lang='lat' dir='ltr'>uillam</span> <span class='ocrx_word' id='word_1_215' title='bbox 982 4061 1145 4142; x_wconf 84' lang='lat' dir='ltr'>Suklous3</span> <span class='ocrx_word' id='word_1_216' title='bbox 1170 4083 1268 4147; x_wconf 88' lang='lat' dir='ltr'>quam</span> 
     </span>
     <span class='ocr_line' id='line_1_28' title="bbox 136 4166 1269 4257; baseline 0.001 -22"><span class='ocrx_word' id='word_1_217' title='bbox 136 4169 266 4252; x_wconf 90' lang='lat' dir='ltr'>quidem</span> <span class='ocrx_word' id='word_1_218' title='bbox 297 4167 386 4234; x_wconf 87' lang='lat' dir='ltr'>uiam</span> <span class='ocrx_word' id='word_1_219' title='bbox 419 4167 542 4234; x_wconf 82' lang='lat' dir='ltr'>directe</span> <span class='ocrx_word' id='word_1_220' title='bbox 573 4166 722 4234; x_wconf 88' lang='lat' dir='ltr'>saliendo</span> <span class='ocrx_word' id='word_1_221' title='bbox 755 4169 882 4235; x_wconf 87' lang='lat' dir='ltr'>uenitur</span> <span class='ocrx_word' id='word_1_222' title='bbox 913 4168 956 4234; x_wconf 88' lang='lat' dir='ltr'>ad</span> <span class='ocrx_word' id='word_1_223' title='bbox 973 4168 1138 4251; x_wconf 81' lang='lat' dir='ltr'>quoddam</span> <span class='ocrx_word' id='word_1_224' title='bbox 1156 4171 1269 4257; x_wconf 84' lang='lat' dir='ltr'>potok,</span> 
     </span>
     <span class='ocr_line' id='line_1_29' title="bbox 137 4274 1269 4362; baseline 0.003 -22"><span class='ocrx_word' id='word_1_225' title='bbox 137 4275 288 4342; x_wconf 83' lang='lat' dir='ltr'>uidelicet</span> <span class='ocrx_word' id='word_1_226' title='bbox 318 4275 423 4341; x_wconf 90' lang='lat' dir='ltr'>loonm</span> <span class='ocrx_word' id='word_1_227' title='bbox 457 4293 625 4358; x_wconf 84' lang='lat' dir='ltr'>aquosum,</span> <span class='ocrx_word' id='word_1_228' title='bbox 657 4274 851 4342; x_wconf 84' lang='lat' dir='ltr'>viminosum</span> <span class='ocrx_word' id='word_1_229' title='bbox 885 4281 918 4340; x_wconf 89' lang='lat' dir='ltr'>et</span> <span class='ocrx_word' id='word_1_230' title='bbox 950 4275 1181 4342; x_wconf 88' lang='lat' dir='ltr'>arundinosum</span> <span class='ocrx_word' id='word_1_231' title='bbox 1214 4279 1269 4362; x_wconf 87' lang='lat' dir='ltr'>uel</span> 
     </span>
     <span class='ocr_line' id='line_1_30' title="bbox 137 4381 1270 4468; baseline 0.002 -20"><span class='ocrx_word' id='word_1_232' title='bbox 137 4384 319 4462; x_wconf 84' lang='lat' dir='ltr'>iunoosum,</span> <span class='ocrx_word' id='word_1_233' title='bbox 352 4387 385 4448; x_wconf 90' lang='lat' dir='ltr'>et</span> <span class='ocrx_word' id='word_1_234' title='bbox 416 4402 473 4468; x_wconf 85' lang='lat' dir='ltr'>per·</span> <span class='ocrx_word' id='word_1_235' title='bbox 505 4381 589 4448; x_wconf 86' lang='lat' dir='ltr'>lruno</span> <span class='ocrx_word' id='word_1_236' title='bbox 614 4383 721 4449; x_wconf 90' lang='lat' dir='ltr'>looum</span> <span class='ocrx_word' id='word_1_237' title='bbox 737 4383 838 4468; x_wconf 89' lang='lat' dir='ltr'>potok</span> <span class='ocrx_word' id='word_1_238' title='bbox 855 4383 974 4451; x_wconf 87' lang='lat' dir='ltr'>dietum</span> <span class='ocrx_word' id='word_1_239' title='bbox 991 4384 1023 4448; x_wconf 93' lang='lat' dir='ltr'>in</span> <span class='ocrx_word' id='word_1_240' title='bbox 1040 4384 1149 4467; x_wconf 87' lang='lat' dir='ltr'>spaoio</span> <span class='ocrx_word' id='word_1_241' title='bbox 1166 4385 1270 4468; x_wconf 89' lang='lat' dir='ltr'>longi-</span> 
     </span>
     <span class='ocr_line' id='line_1_31' title="bbox 137 4487 1270 4575; baseline 0.004 -20"><span class='ocrx_word' id='word_1_242' title='bbox 137 4487 258 4555; x_wconf 83' lang='lat' dir='ltr'>tudinis</span> <span class='ocrx_word' id='word_1_243' title='bbox 275 4488 371 4555; x_wconf 85' lang='lat' dir='ltr'>vnius</span> <span class='ocrx_word' id='word_1_244' title='bbox 388 4487 510 4573; x_wconf 82' lang='lat' dir='ltr'>iugario</span> <span class='ocrx_word' id='word_1_245' title='bbox 536 4488 642 4556; x_wconf 88' lang='lat' dir='ltr'>eundo</span> <span class='ocrx_word' id='word_1_246' title='bbox 674 4491 828 4574; x_wconf 90' lang='lat' dir='ltr'>peruenis</span> <span class='ocrx_word' id='word_1_247' title='bbox 860 4491 904 4556; x_wconf 88' lang='lat' dir='ltr'>ad</span> <span class='ocrx_word' id='word_1_248' title='bbox 933 4496 1065 4575; x_wconf 90' lang='lat' dir='ltr'>pontem</span> <span class='ocrx_word' id='word_1_249' title='bbox 1097 4490 1270 4566; x_wconf 77' lang='lat' dir='ltr'>Budahida</span> 
     </span>
     <span class='ocr_line' id='line_1_32' title="bbox 137 4593 1282 4682; baseline 0.01 -22"><span class='ocrx_word' id='word_1_250' title='bbox 137 4595 271 4680; x_wconf 87' lang='lat' dir='ltr'>dietum,</span> <span class='ocrx_word' id='word_1_251' title='bbox 303 4593 395 4663; x_wconf 88' lang='lat' dir='ltr'>euius</span> <span class='ocrx_word' id='word_1_252' title='bbox 426 4603 533 4664; x_wconf 87' lang='lat' dir='ltr'>tamen</span> <span class='ocrx_word' id='word_1_253' title='bbox 566 4599 673 4682; x_wconf 84' lang='lat' dir='ltr'>pontis</span> <span class='ocrx_word' id='word_1_254' title='bbox 716 4600 781 4666; x_wconf 92' lang='lat' dir='ltr'>iam</span> <span class='ocrx_word' id='word_1_255' title='bbox 823 4599 944 4666; x_wconf 91' lang='lat' dir='ltr'>dudum</span> <span class='ocrx_word' id='word_1_256' title='bbox 986 4599 1141 4668; x_wconf 81' lang='lat' dir='ltr'>destructi</span> <span class='ocrx_word' id='word_1_257' title='bbox 1183 4620 1282 4670; x_wconf 82' lang='lat' dir='ltr'>nuno</span> 
     </span>
    </p>
   </div>
   <div class='ocr_carea' id='block_1_3' title="bbox 0 0 1604 5164">
    <p class='ocr_par' dir='ltr' id='par_1_3' title="bbox 0 0 1604 5164">
     <span class='ocr_line' id='line_1_33' title="bbox 0 0 1604 5164; baseline 0 0"><span class='ocrx_word' id='word_1_258' title='bbox 0 0 1604 5164; x_wconf 95' lang='lat' dir='ltr'> </span> 
     </span>
    </p>
   </div>
  </div>
 </body>
</html>
