3096 5160
849 974 923 1044 374.

322 1173 383 1238 IV.
400 1173 514 1238 Lciazld
529 1171 640 1257 kirrily
650 1171 901 1258 helydenhaqyja
917 1197 999 1239 ozon
1016 1174 1222 1260 epyezkedeat,
1239 1177 1320 1260 arely
1335 1177 1433 1240 awrict

324 1281 402 1364 Moq
419 1279 578 1344 contemnat·
595 1275 751 1342 dsSr'moa
782 1281 942 1344 comesaek
966 1281 1046 1361 fiai,
1077 1281 1199 1346 Miletos
1230 1284 1433 1347 comonachis

321 1385 429 1452 Simon
448 1388 602 1452 comecnelt
611 1385 738 1466 ficioal
757 1411 777 1451 a
795 1387 906 1452 anatot
918 1410 1012 1471 perca
1020 1387 1193 1474 fcildeltbea
1221 1388 1434 1456 oezlozltodtuk.

837 1497 934 1563 1286.

428 1692 551 1758 Amicis
567 1690 632 1757 suis
657 1688 861 1756 Reuerendis
893 1689 1073 1757 Oonucntui
1105 1693 1250 1760 Bccleaie
1281 1693 1321 1761 de
1349 1693 1433 1758 Lelex

322 1797 477 1866 Nicolaus
495 1797 534 1863 de
550 1797 638 1864 Gara
652 1797 757 1880 Regni
773 1796 941 1880 Hungarie
956 1797 1125 1865 Palatinus
1141 1805 1174 1866 et
1199 1799 1308 1867 Judex
1334 1800 1433 1865 Coma-
1529 1853 1530 1858 ,

319 1925 431 1972 norum
448 1904 508 1971 stb.
526 1903 702 1990 Noucritis,
720 1903 805 1988 quod
830 1925 901 1970 cum
933 1903 1066 1970 Marlxus
1099 1903 1183 1972 lilius
1215 1906 1373 1992 Mathyws
1402 1906 1435 1970 dc

319 2015 395 2097 Isyp
413 2019 445 2078 et
460 2011 614 2078 Nicolaus
631 2009 672 2078 dc
687 2009 790 2078 (thale
806 2029 903 2096 super
919 2011 1005 2079 lacto
1033 2013 1168 2079 duarum
1200 2015 1342 2100 parcium
1372 2033 1433 2098 poa-

321 2121 500 2187 sessionum
517 2118 627 2205 Lwch,
644 2119 798 2203 Megyeao
815 2125 847 2184 et
864 2117 965 2205 Bada,
984 2120 1060 2186 item
1086 2119 1296 2187 medietatum
1310 2140 1434 2206 posscs-

319 2227 445 2293 sionum
462 2225 632 2309 Naglaaen
649 2231 681 2292 et
696 2225 785 2293 Laak
803 2231 990 2294 vocatmum
1007 2225 1041 2293 in
1058 2225 1435 2315 ComitatuZomlyniensi

318 2331 528 2399 existeneium
545 2333 733 2417 Magistrum
751 2335 881 2399 Petrum
900 2333 999 2400 lilium
1017 2335 1187 2404 Michaelis
1204 2335 1244 2402 de
1261 2335 1332 2402 Dob
1345 2359 1353 2418 ;
1368 2335 1434 2400 item

317 2437 404 2506 idem
421 2439 554 2507 Marinus
571 2481 614 2492 -
635 2481 671 2492 -
690 2477 734 2489 -
750 2441 941 2524 Magistrum
958 2441 1097 2529 Petrum,
1130 2462 1272 2510 necnon
1298 2443 1436 2528 Mychae·

316 2547 379 2612 lem
395 2545 497 2614 filium
514 2548 682 2634 iohannis,
713 2548 872 2616 'rhomam
889 2547 991 2615 lilium
1008 2549 1176 2636 Stephani,
1210 2556 1242 2616 et
1258 2550 1435 2620 Ladislaum

317 2655 415 2721 lilium
432 2655 578 2722 hadislai
603 2673 696 2741 super
716 2653 802 2722 facto
820 2654 919 2722 tercie
934 2657 1039 2741 partis
1054 2656 1293 2741 posscssionum
1304 2657 1435 2742 Myhaly,

316 2761 460 2850 Monyak
476 2763 536 2830 alh.
557 2761 590 2826 in
607 2763 809 2848 presenciam
828 2763 951 2830 domini
967 2763 1089 2832 Detrici
1106 2763 1146 2832 de
1171 2765 1286 2834 Buhck
1317 2765 1432 2851 pridem

316 2869 466 2938 similiter
481 2869 624 2937 Palatini
641 2876 752 2937 contra
767 2890 839 2938 sese
855 2871 887 2938 in
915 2889 1046 2940 causam
1073 2872 1262 2950 attraxisset
1293 2871 1354 2940 stb.
1387 2869 1433 2954 (aa

317 2977 705 3064 ugy1403-to11409·tg
729 2979 880 3046 tobosaor
910 2979 1185 3064 prorogltltatvltn,
1218 2983 1314 3064 aegre
1347 2981 1436 3046 1409.

318 3084 432 3151 Budtn
451 3082 504 3148 »in
522 3083 646 3150 octauis
662 3085 756 3150 Beati
774 3083 945 3152 Michaelis
962 3085 1179 3169 Archangeli«
1198 3105 1219 3151 a
1236 3085 1437 3152 lelckolrmt-

316 3189 455 3277 nyaikat
469 3187 631 3274 mutatjtk
645 3189 700 3274 fel,
717 3195 740 3254 t.
759 3187 796 3270 i.)
812 3191 1007 3258 Pretaxatus
1024 3193 1178 3260 Nicolaua
1191 3192 1276 3260 filius
1287 3191 1437 3278 Stephani

316 3296 357 3362 de
373 3296 452 3380 Isyp
470 3295 551 3362 duas
570 3295 696 3362 litteras
710 3297 771 3361 atb.
788 3297 881 3363 nobis
898 3296 1153 3382 demonstrauit,
1179 3318 1312 3382 quarum
1337 3337 1381 3350 —-
1396 3333 1434 3348 -

313 3401 512 3470 -secunda
528 3411 640 3470 nostra
655 3409 770 3488 patens
788 3403 877 3469 Bude
898 3405 997 3471 tercio
1007 3405 1061 3470 die
1071 3405 1151 3490 loric
1161 3412 1275 3488 quarte
1291 3409 1433 3492 proxime

315 3509 518 3594 posticulum
539 3509 631 3576 Beati
658 3509 778 3576 Mathai
809 3511 959 3596 Apostoli
992 3532 1079 3580 anno
1111 3513 1241 3580 Domini
1273 3516 1437 3582 millesimo

314 3616 633 3700 quadringentesimo
675 3624 765 3686 sexto
807 3627 967 3708 emanata,
1009 3621 1133 3689 habens
1164 3621 1198 3688 in
1230 3643 1265 3690 sc
1296 3629 1433 3691 terrorem

314 3726 495 3792 litterarum
528 3725 648 3792 domini
680 3725 828 3795 Ladislai
862 3729 959 3814 Bagis
990 3750 1077 3796 anno
1111 3729 1240 3797 Domini
1271 3730 1439 3798 millesimo

313 3831 535 3900 ducentesimo
566 3835 787 3918 octuagesimo
820 3841 912 3902 sexto
945 3836 1114 3925 editarum,
1132 3837 1172 3904 de
1189 3838 1306 3907 litteris
1322 3837 1438 3905 domini

314 3937 440 4007 Nicolai
472 3940 580 4006 Kcnth
613 3941 749 4009 condam
783 3942 934 4010 similiter
965 3945 1108 4012 Palatini
1141 3945 1388 4032 adjudicatorijs
1408 3948 1437 4012 in

311 4044 500 4130 Wisscgrad
540 4047 730 4118 duodecimo
762 4049 817 4117 die
848 4059 1034 4119 octauarum
1077 4051 1151 4120 sesti
1183 4055 1275 4120 Beati
1307 4055 1436 4137 Georgii

312 4155 454 4222 martiris
470 4175 555 4223 crrno
574 4157 703 4225 Domini
719 4159 887 4227 millesimo
913 4163 1137 4228 trecentesimo
1170 4162 1439 4247 quinquagesimo

314 4262 450 4346 septimo
481 4267 641 4332 emunctis
673 4277 877 4352 exceptarum
919 4270 1113 4354 explicauit:
1140 4271 1227 4354 qnod
1260 4289 1331 4338 cnm
1361 4272 1440 4336 iuter

315 4369 490 4457 Synroncm
509 4381 540 4440 et
556 4376 631 4457 hlog
648 4374 788 4442 Comites
821 4375 905 4444 lilios
938 4377 1071 4446 Comitis
1103 4380 1187 4464 Mog,
1220 4379 1438 4446 Alexandrum

312 4475 413 4542 filium
430 4477 727 4567 ComitisSymonis
739 4486 978 4568 abvnaparte3
1006 4484 1195 4569 Magistrum
1214 4485 1441 4568 Alexandrum,

310 4581 478 4652 Nicolaum
497 4594 527 4652 ct
544 4589 629 4654 Atha
646 4589 729 4656 filios
747 4591 880 4657 Comitis
897 4591 1037 4678 Nicolai,
1056 4614 1094 4658 ac
1118 4593 1307 4662 Marcellum
1340 4594 1440 4660 filiurn
