3068 5150
587 905 662 974 303.

70 1108 93 1170 A
110 1108 258 1174 udancaei
273 1106 486 1195 kiiztcirsassip
502 1105 642 1174 Molioni
657 1105 830 1172 Ecdreuck
846 1105 967 1172 taciani
978 1105 1186 1194 podestdrsais

138 1217 298 1297 selszcrelt
314 1217 395 1287 aaut
411 1220 500 1305 tajct
515 1217 695 1304 cupedelyez
711 1240 732 1282 u
746 1215 880 1282 kal6zok
895 1214 983 1281 olleo.
1007 1213 1108 1280 1282.

164 1412 228 1480 Dis
259 1411 418 1497 vigesima
457 1412 596 1499 septima
626 1411 836 1496 Septembris.
876 1410 956 1480 Ouur
987 1409 1186 1496 Bogodanus

71 1521 219 1590 PctieIebo
235 1524 288 1590 vel
306 1521 406 1588 frater
422 1521 490 1590 cius
515 1519 616 1589 vadat
640 1519 813 1588 aurinando
833 1519 926 1588 iuxta
944 1526 1054 1606 partes
1085 1519 1186 1588 Farrs

70 1635 96 1695 et
110 1629 224 1697 Brazze
255 1649 328 1698 oum
344 1629 468 1697 duobus
484 1631 587 1715 lignis
603 1629 751 1715 armatis,
766 1628 851 1696 sicut
867 1627 994 1711 dicitur,
1010 1632 1109 1714 capta
1124 1627 1185 1694 suit

71 1757 136 1820 pars
151 1764 159 1804 :
175 1738 262 1823 quod
279 1759 340 1826 pro
355 1737 498 1805 utilitate
513 1745 546 1805 et
560 1738 736 1805 securitate
751 1736 894 1805 euntium
912 1741 946 1803 et
960 1735 1184 1806 reddonntium

72 1863 119 1927 per
145 1853 253 1931 partes
283 1847 371 1933 illas,
402 1846 596 1915 concedatur
626 1845 729 1914 nobili
746 1845 815 1914 viro
846 1844 974 1912 domiuo
994 1843 1124 1914 Andros
1140 1845 1182 1914 ds

72 1951 186 2040 Moiino,
202 1955 287 2024 ituro
301 1957 499 2026 Potestatom
515 1955 591 2024 illuo
602 1955 644 2024 od
655 1954 759 2024 dictas
787 1953 927 2042 Insulas,
944 1955 1069 2039 lignum
1085 1974 1184 2021 unum

72 2063 184 2128 aramis
195 2063 396 2154 octuaginta,
413 2070 445 2132 ot
455 2065 576 2133 habeat
590 2072 656 2133 tros
666 2062 764 2132 libras
775 2083 958 2150 grossorum
969 2084 990 2131 a
1001 2062 1180 2151 Communi,

72 2176 98 2235 ct
110 2169 174 2256 ipsc
190 2171 310 2241 debeat
325 2174 374 2241 ire
389 2192 461 2240 cum
477 2175 549 2259 ipso
565 2173 656 2256 ligno
680 2169 724 2241 ad
754 2172 857 2240 dictas
888 2178 999 2260 partes
1030 2169 1073 2239 ad
1104 2190 1181 2239 suas

73 2297 228 2367 expensas,
257 2281 343 2364 quod
372 2280 498 2366 lignum
529 2281 648 2351 debeat
677 2300 846 2350 remanere
876 2281 933 2369 ibi,
964 2289 996 2350 et
1012 2288 1120 2349 tenere
1146 2281 1180 2347 iu

72 2387 167 2455 counio
196 2389 240 2456 ad
271 2409 432 2476 expensas
463 2389 587 2458 illorum
620 2390 661 2457 dc
685 2390 807 2459 Insulis
838 2393 1008 2458 occasione
1039 2389 1184 2476 predicto

72 2493 251 2566 acuaris.

75 2691 194 2762 (hirtius,
217 2697 403 2752 Monumenta
428 2699 587 2766 spectantia
612 2700 763 2752 historiam
782 2702 930 2754 slavorum
954 2699 1184 2754 Moridiouulium

504 2789 529 2840 1.
540 2789 599 2842 tritt.
622 2793 681 2842 1³3.
694 2790 726 2854 1.)

490 3078 756 3088 ——-——-—-———-

585 3647 661 3714 304.

164 3847 283 3912 Frater
299 3845 434 3934 Gcrpoiy
450 3850 553 3914 trau-i
563 3849 753 3938 pitspiikack
768 3851 974 3916 vulocratus.
994 3853 1093 3916 1282.

163 4043 199 4110 In
216 4043 279 4112 Dei
290 4045 419 4112 nomine
434 4064 539 4113 amen.
555 4043 651 4112 Anno
668 4044 812 4114 eiusdem
828 4043 948 4114 ΜΟΟΟ0
964 4049 1184 4134 octuagesimo

69 4151 205 4238 suuncio,
220 4153 405 4224 indiccione
419 4154 471 4242 X,
489 4161 632 4242 ternpore
649 4153 771 4223 domini
791 4155 921 4224 Martini
952 4157 1044 4244 Papc
1061 4167 1094 4228 et
1126 4161 1187 4226 La-

67 4257 153 4329 dislai
174 4260 382 4331 serenissimi
406 4263 506 4349 Regis
522 4265 678 4350 Ungaric,
699 4265 753 4332 die
769 4265 930 4334 dominico
947 4268 1060 4334 ultimo
1077 4267 1187 4352 Madij·

68 4363 136 4434 Gom
167 4369 317 4438 Ecclesia
348 4369 459 4440 Sancti
491 4372 664 4459 Laurenoij
701 4375 917 4461 Episcopatus
956 4376 1187 4462 Traguriensis

67 4475 183 4561 proprio
213 4485 346 4566 pastore
372 4488 514 4568 vacaret,
530 4479 667 4569 ideoque
685 4482 728 4550 ad
743 4481 899 4552 honoram
917 4490 950 4551 et
964 4487 1184 4554 reuercnoianr

71 4581 218 4655 Altissiuri
250 4586 324 4674 Dei,
356 4587 506 4657 Glorioso
539 4590 684 4676 Virginis
713 4589 829 4678 Mario,
860 4591 1033 4662 Beatorum
1074 4595 1186 4664 Sancti
