3148 5146
711 415 749 478 tt

156 609 290 678 bonosi.
321 605 517 678 Huiusmodi
548 607 824 678 consideracionis
855 613 965 676 tenore
996 625 1156 694 perpenso
1196 605 1293 676 fidem

163 736 204 782 ac
218 713 297 784 fidei
328 713 552 784 constanciam
584 713 694 784 dilecti
726 734 766 782 ac
781 713 886 783 fidelis
902 713 1007 782 nostri
1021 713 1192 799 Laurencij
1211 714 1295 784 Bani

157 820 206 890 de
220 821 361 916 Zeurino
377 827 411 890 et
426 819 560 890 Comitis
571 820 618 904 de
633 819 774 892 Doboka
789 819 1037 907 tranquillitatis
1060 827 1170 892 nosue
1192 820 1295 890 oculis

143 926 343 1009 *intuentem
366 926 573 998 attendentes
604 929 719 1016 eciam,
751 927 838 1012 quod
869 947 943 996 oum
959 937 1035 1016 post
1050 926 1173 997 obitum
1188 927 1294 1016 patris

160 1033 266 1102 noemi
283 1030 407 1102 domini
422 1029 531 1122 B(ele)
549 1031 758 1104 Serenissimi
773 1035 875 1120 Regis
887 1033 1056 1122 Hungarie
1071 1034 1161 1104 clare
1176 1055 1293 1117 memo

156 1141 211 1208 rie
240 1140 344 1209 Nobis
359 1161 377 1208 e
392 1141 502 1210 uicino
533 1141 705 1210 deberetur
719 1142 825 1227 Regni
840 1143 1096 1230 gubernaculum
1110 1147 1144 1210 et
1159 1141 1287 1211 corona

154 1246 357 1331 quibusdam
375 1267 416 1316 ex
431 1247 613 1318 Beronibus
628 1248 733 1334 patris
756 1251 859 1317 nostri
874 1251 938 1318 telo
967 1249 1103 1338 perfidis
1133 1249 1293 1318 sauciatis

152 1353 273 1422 atatim
303 1362 378 1441 post
403 1354 548 1424 eiusdem
567 1355 775 1426 serenissimi
790 1357 890 1442 Regis
905 1357 1075 1428 decessum
1090 1357 1135 1428 ad
1150 1355 1291 1426 confinia

160 1468 345 1529 commento
361 1461 492 1532 malicie
508 1461 750 1551 diuertentibus,
771 1470 804 1532 et
819 1483 881 1533 sua
895 1463 1045 1534 uemucia
1061 1469 1095 1532 et
1112 1462 1230 1534 fraude
1244 1470 1290 1532 te·

160 1585 297 1634 sauram
333 1567 440 1654 Regni
480 1567 585 1638 nostri
617 1568 868 1655 perducentibus
899 1572 934 1638 in
959 1574 1159 1663 potestatem
1192 1568 1291 1654 Regis

159 1673 295 1742 Boemie
309 1693 349 1742 ac
363 1675 567 1762 districtum
591 1677 661 1763 ipae
678 1681 788 1746 tamen
819 1678 1029 1762 Laurencius,
1060 1687 1138 1746 tunc
1158 1675 1291 1750 ,Palati-

157 1799 223 1847 nus
251 1783 354 1866 Regni
387 1790 419 1852 et
435 1781 552 1852 Comes
582 1784 792 1872 Simigiensis
824 1804 865 1853 ac
880 1785 922 1854 de
937 1783 1089 1873 Kemluk,
1105 1789 1217 1869 utpote
1233 1786 1289 1868 qui
1387 1783 1392 1805 “

157 1887 197 1954 in
214 1887 350 1958 diuersis
365 1890 555 1959 fidelitatum
575 1892 698 1961 meritis
729 1893 773 1960 ab
804 1893 900 1962 annis
930 1889 1157 1962 adolescensie
1187 1909 1287 1977 penes

158 1993 326 2062 dominum
356 1996 477 2082 Regem
503 2005 630 2084 patrem
651 2005 796 2068 nostrum
811 2019 870 2086 pro
886 1999 993 2084 Regni
1008 1995 1149 2066 utilitate
1164 2003 1196 2064 et
1210 1994 1289 2064 obse

150 2101 238 2184 quio
253 2100 400 2173 fidelibus
416 2123 544 2192 semper
559 2107 683 2174 coaluit
712 2105 884 2176 sudoribus
900 2113 933 2174 et
957 2105 1063 2190 uiguit
1085 2103 1284 2188 coalescens,

155 2228 258 2292 quem
285 2212 387 2281 ambit
419 2213 668 2282 eteommendat
698 2223 849 2301 perstans
867 2221 900 2282 et
926 2212 1089 2282 inmobilis
1105 2211 1181 2280 fidei
1197 2211 1287 2279 forti·

153 2318 238 2385 tudo
253 2327 331 2389 ante
345 2321 427 2389 alios
444 2322 591 2392 Berones
610 2328 643 2392 et
658 2340 810 2408 proceres
825 2323 930 2410 Regni
956 2321 1059 2392 nostri
1089 2316 1285 2388 Oelsitudini

156 2425 279 2493 Nostra
310 2447 347 2494 se
364 2429 590 2512 obsequiosum
623 2428 771 2497 exhibuit
802 2448 843 2496 ac
874 2428 1038 2516 deuotum,
1069 2426 1118 2494 ita
1149 2432 1184 2494 ut
1198 2426 1286 2492 uiam

152 2535 304 2618 aperiret
318 2540 352 2601 et
365 2543 496 2622 pararet
511 2557 570 2606 suo
587 2537 739 2622 exemplo
755 2534 889 2621 reliquis
907 2535 1057 2606 omnibus
1073 2533 1118 2604 ad
1133 2535 1288 2602 Nostram

156 2639 367 2710 Maiestatem
391 2643 588 2716 fiducialiter
604 2642 800 2728 accedendi;
825 2651 899 2729 post
915 2641 1163 2712 coronacionem
1179 2640 1285 2710 eciam

157 2755 315 2836 nostram,
347 2770 418 2818 cum
452 2751 729 2837 peregrinacionis
761 2751 874 2836 gracia
905 2751 1099 2818 haberemus
1130 2755 1241 2818 votum
1257 2752 1289 2814 et

157 2856 357 2924 desiderium
397 2859 512 2942 paucis
552 2857 778 2926 comitantibus
820 2857 855 2924 in
885 2857 1052 2924 Potoniam
1092 2854 1287 2942 diuertendi‚

157 2981 331 3049 personam
347 2971 492 3031 nostram
510 2971 542 3032 et
559 2965 644 3032 tanti
660 2963 760 3050 Regis
775 2961 938 3030 fortunam
956 2959 1143 3029 deuocionis
1168 2960 1288 3030 intuitu

155 3075 294 3139 externe
324 3071 467 3158 regionis
484 3071 657 3138 euentibus
673 3077 705 3138 et
721 3071 850 3138 casibus
867 3066 1113 3154 committendo;
1137 3067 1285 3156 prelatus

156 3177 361 3247 Laurentius
392 3179 503 3246 Banus
534 3185 646 3248 nostro
676 3197 806 3266 semper
836 3175 998 3246 adherens
1028 3175 1133 3262 lateri,
1165 3175 1286 3244 solacio

154 3293 196 3353 et
211 3287 345 3355 consilio
370 3288 455 3354 inter
471 3287 599 3356 viarum
615 3285 806 3356 discrimina
821 3286 1006 3372 graciosum
1023 3284 1126 3352 Nobis
1142 3283 1288 3352 exhibuit

155 3395 362 3464 famulatum.
379 3393 429 3460 Ad
445 3396 513 3482 hee,
529 3415 628 3482 quum
652 3395 696 3463 ad
727 3393 913 3464 habendum
943 3397 1114 3460 tractatum
1131 3397 1164 3460 et
1194 3393 1288 3460 eollo·

154 3501 271 3586 quium
303 3522 375 3571 cunr
405 3505 495 3589 Rege
525 3503 658 3572 Boemie
689 3503 781 3590 apud
811 3500 984 3571 Posonium
1022 3499 1287 3570 conuenissemus

151 3610 381 3697 communiter,
412 3617 445 3676 et
476 3610 621 3678 uicissim
652 3631 692 3678 ac
724 3630 763 3678 ex
795 3609 963 3692 condict03
998 3605 1083 3674 malo
1114 3613 1222 3676 tamen
1254 3615 1287 3674 et

150 3717 342 3800 excogitato
372 3718 505 3802 ingenio
536 3719 690 3806 capitalis
722 3718 825 3787 hostis
855 3716 954 3784 nostri
987 3715 1086 3799 Regis
1102 3715 1234 3782 Boemie
1250 3716 1284 3782 in

152 3825 298 3908 quadarn
331 3827 440 3894 insula
470 3847 542 3894 cum
560 3833 645 3896 certo
662 3835 694 3894 et
710 3827 907 3914 paucissimo
923 3843 1058 3893 numero
1074 3841 1284 3908 personarum

152 3931 384 4000 debuissemus
416 3953 489 4000 cum
521 3936 594 4020 ipso
626 3937 715 4020 Rege
746 3935 875 4002 Boemie
906 3932 1046 4000 inuicem
1079 3947 1137 3996 nos
1163 3928 1283 4013 uidere,

152 4041 315 4121 quamuis
330 4042 471 4108 eusticia
488 4039 574 4129 (igy)
608 4041 697 4110 uirus
728 4047 873 4128 portaret
904 4040 936 4107 in
969 4038 1077 4106 animo
1108 4056 1166 4104 suo
1196 4056 1286 4106 more

151 4146 373 4234 precogitata,
400 4155 507 4216 tamen
524 4148 640 4218 fraude
657 4158 689 4216 et
705 4149 835 4234 insidiis
853 4168 892 4215 ac
909 4145 1065 4232 versucijs
1082 4141 1159 4210 dicti
1175 4144 1283 4229 Regis,

147 4257 235 4322 licet
250 4273 424 4340 personam
440 4258 586 4345 Regiam,
619 4257 651 4324 in
683 4277 748 4343 qua
778 4257 869 4326 salus
900 4253 1021 4341 pendet
1051 4259 1083 4320 et
1114 4254 1284 4337 integritas

143 4359 385 4451 subiectorum,
410 4385 475 4432 non
500 4362 666 4452 expediret
696 4365 834 4454 ancipiti
849 4364 976 4434 fortune
992 4361 1084 4429 casui
1099 4359 1282 4449 inmissere,

151 4467 351 4536 fortitudine
367 4477 477 4539 tam'en
488 4473 588 4540 animi
599 4473 724 4558 galeati
740 4472 861 4540 dictam
878 4471 1041 4538 adimimus
1056 4467 1195 4536 insulam
1213 4489 1284 4536 cum

145 4579 247 4658 Rege
277 4575 411 4645 Boemie
442 4587 622 4668 prenotato,
655 4581 728 4664 ipso
766 4577 946 4646 Laurentio
978 4575 1185 4644 BanoNobis
1202 4576 1285 4643 inter

141 4682 301 4766 reliquos
319 4685 465 4754 asseclas
483 4694 513 4754 et
531 4686 641 4754 fideles
658 4693 847 4755 constanter
864 4694 895 4753 et
921 4683 1059 4751 fideliter
1089 4684 1283 4773 assistente;
