3148 5164
850 903 929 974 488.

321 1099 351 1168 Α
369 1103 436 1170 toi
452 1102 678 1188 lodptolaonulr
693 1102 971 1192 bizooysdplcoele,
1002 1105 1086 1194 bopy
1102 1105 1207 1172 Jalat
1222 1117 1335 1172 mester
1350 1107 1449 1172 Murlc

242 1281 252 1306 ΙΙ
319 1207 536 1292 cmocaaekfiu
552 1208 742 1276 Harsaulcer
758 1212 790 1278 da
806 1211 916 1277 ΖοπιιΙο
930 1214 1192 1298 nsoojoszopatr
1207 1211 1373 1298 compedes
1396 1221 1450 1278 nd·

567 1315 710 1402 odrdoelr,
732 1314 879 1384 Roudon
893 1315 1080 1384 bitoeadnelr.
1103 1317 1202 1384 1297.

426 1509 593 1578 Unioersis
623 1509 742 1578 Christi
758 1507 906 1578 fidelibus
926 1529 1059 1596 presens
1076 1510 1231 1598 scriptum
1247 1512 1446 1600 inspecturis

319 1615 504 1704 Capitulum
520 1615 667 1684 Ecclesia
684 1617 726 1684 da
749 1617 832 1686 Keu
861 1616 1000 1686 salntem
1030 1617 1066 1685 iu
1097 1617 1240 1686 omnium
1271 1619 1448 1688 saluatore.

320 1724 370 1789 ad
401 1725 620 1792 uniuersorum
652 1723 807 1790 noticiam
823 1731 936 1791 tenore
951 1725 1154 1811 presencium
1169 1725 1321 1793 volamus
1337 1745 1450 1811 perue-

321 1830 400 1915 nire,
417 1829 504 1914 quod
519 1829 676 1913 Magister
693 1830 836 1898 lacobus
867 1831 952 1899 filins
983 1829 1119 1898 Comitis
1149 1829 1251 1898 Marci
1281 1833 1324 1901 de
1355 1833 1451 1920 Irsgh

319 1958 427 2005 coram
459 1935 554 2004 nobis
584 1936 780 2005 constitutos
812 1939 969 2022 quasdam
1000 1937 1225 2024 possessiones
1256 1959 1336 2008 suas
1366 1929 1450 2008 Hur-

319 2045 440 2113 sanker
455 2053 487 2112 et
503 2043 617 2111 Zenulr
633 2049 776 2130 vocems,
793 2064 876 2128 quas
893 2045 1056 2130 predictus
1081 2046 1196 2112 Comes
1225 2045 1323 2114 blank
1355 2057 1450 2133 pater

318 2170 394 2218 snos
424 2171 482 2236 pro
512 2155 614 2217 morte
644 2147 805 2218 Dominici
836 2151 931 2216 Greci
961 2149 1073 2218 fratris
1103 2151 1155 2218 sni
1187 2171 1227 2218 ex
1258 2151 1443 2220 donacioue

318 2257 440 2324 domini
456 2257 614 2343 Stephani
629 2257 766 2326 illustris
781 2256 880 2343 Regis
907 2256 1075 2342 Hungarie
1105 2265 1183 2324 tunc
1212 2259 1314 2326 Ducis
1345 2261 1448 2328 uran-

318 2362 439 2430 silnani
470 2363 576 2429 felicis
605 2363 844 2432 recordacionis
876 2363 1075 2449 possederat,
1106 2364 1190 2430 siout
1214 2361 1249 2429 id
1265 2364 1397 2434 vberius
1411 2367 1446 2432 in

317 2465 462 2536 eiusdem
478 2469 651 2554 priuilegio
668 2470 787 2538 exinde
803 2471 949 2539 coniecto
965 2469 1106 2538 vidimus
1125 2469 1292 2554 contineri,
1317 2471 1448 2538 domine

316 2577 419 2644 sorori
449 2595 516 2665 sue,
532 2575 624 2644 uxori
639 2575 793 2644 uidelicet
809 2576 972 2645 Theodori
989 2575 1050 2662 filij
1068 2578 1196 2662 Neuter,
1213 2594 1271 2663 per
1287 2598 1362 2645 eum
1378 2580 1447 2646 suis

316 2683 490 2752 heredibus
506 2683 726 2768 heredumque
741 2683 847 2771 ipsius
864 2685 1106 2754 successoribus
1123 2683 1214 2754 dedit
1245 2691 1278 2752 et
1309 2685 1446 2752 donauit

314 2793 386 2858 iure
417 2798 574 2878 perpetuo
605 2799 637 2860 et
652 2790 912 2858 irrcuocubiliter
939 2791 1163 2876 possidendas.
1193 2791 1309 2860 Comes
1341 2793 1445 2860 eciam

314 2895 500 2984 Stephanus
515 2897 601 2966 iilius
616 2897 774 2966 Johannis
791 2899 832 2964 de
850 2897 965 2966 eadem
979 2898 1078 2984 lregh
1094 2907 1207 2966 eslans
1228 2899 1446 2983 personaliter

313 3025 388 3070 cum
419 3005 567 3072 Dianisio
598 3004 666 3070 filio
697 3024 756 3070 sno
771 3023 879 3071 coram
896 3006 991 3072 uobis
1008 3006 1085 3074 huic
1102 3005 1277 3072 donacioni
1293 3025 1353 3090 per
1369 3026 1447 3072 enn-

314 3113 386 3178 dem
403 3112 592 3194 Magistrum
609 3111 766 3178 Jacobum
784 3111 871 3179 facte
887 3132 1079 3180 consensum
1112 3114 1240 3198 prebuit
1271 3117 1304 3179 et
1332 3131 1446 3179 ossen

313 3239 392 3286 sum.
423 3218 462 3284 In
478 3220 566 3286 cuins
584 3221 631 3287 rei
647 3219 866 3287 testimonium
899 3227 1066 3306 presentes
1097 3219 1317 3288 concessimus
1332 3221 1446 3305 sigillo

313 3333 424 3392 nostro
454 3329 622 3395 roboratas
653 3332 686 3394 et
717 3327 915 3413 alphabetbo
957 3327 1140 3410 intercisas,
1179 3347 1266 3394 anuo
1310 3326 1446 3394 Domini

312 3431 484 3500 millesimo
514 3432 582 3500 000
612 3435 822 3516 nonagesimo
854 3434 1000 3517 septimo.
1030 3433 1194 3516 Magistris
1221 3433 1445 3518 LnoaPrcpo·

312 3542 385 3627 sito,
401 3541 496 3608 Petro
528 3539 675 3628 hectore,
709 3541 883 3608 Valentino
914 3541 1066 3626 Castore,
1103 3539 1259 3609 Gabriele
1290 3537 1444 3623 Custode,

312 3648 492 3730 ceterisque
508 3647 661 3714 fratribus
679 3647 712 3713 in
729 3647 875 3714 Eccletie
891 3647 954 3715 Dei
970 3647 1193 3715 existentibus

311 3847 349 3908 (Α
367 3845 428 3896 tro-i
446 3844 640 3909 kaiptalenuek
661 3847 737 3894 1424.
759 3843 805 3894 »in
823 3843 894 3894 fest-o
913 3843 1124 3908 Assumpcionis
1142 3844 1271 3908 Virginis
1296 3843 1444 3897 Gloriosus«

312 3935 497 3986 »Benedictus
517 3935 607 3986 dietus
626 3934 714 3984 surdos
735 3933 769 3984 de
788 3933 992 3984 Dieussialwe‹
1012 3933 1137 3984 keresere
1148 3931 1447 3995 kiadotcatirettu613

309 4025 440 4090 melynelr
450 4023 617 4075 lritelesitett
628 4023 769 4073 mdsolaia
781 4021 916 4073 driztstilu
927 4021 1236 4073 eosdemnumeros
1247 4020 1447 4084 levelttrban.)
