<?xml version="1.0" encoding="UTF-8"?>
<!DOCTYPE html PUBLIC "-//W3C//DTD XHTML 1.0 Transitional//EN"
    "http://www.w3.org/TR/xhtml1/DTD/xhtml1-transitional.dtd">
<html xmlns="http://www.w3.org/1999/xhtml" xml:lang="en" lang="en">
 <head>
  <title>
</title>
<meta http-equiv="Content-Type" content="text/html;charset=utf-8" />
  <meta name='ocr-system' content='tesseract 3.04.00' />
  <meta name='ocr-capabilities' content='ocr_page ocr_carea ocr_par ocr_line ocrx_word'/>
</head>
<body>
  <div class='ocr_page' id='page_1' title='image "./codexdiplomatic06wenzgoog_0617.png"; bbox 0 0 3148 5164; ppageno 0'>
   <div class='ocr_carea' id='block_1_1' title="bbox 844 955 919 1022">
    <p class='ocr_par' dir='ltr' id='par_1_1' title="bbox 844 955 919 1022">
     <span class='ocr_line' id='line_1_1' title="bbox 844 955 919 1022; baseline 0 -3"><span class='ocrx_word' id='word_1_1' title='bbox 844 955 919 1022; x_wconf 79' lang='lat'>458.</span> 
     </span>
    </p>
   </div>
   <div class='ocr_carea' id='block_1_2' title="bbox 241 1153 1459 1456">
    <p class='ocr_par' dir='ltr' id='par_1_2' title="bbox 241 1153 1459 1456">
     <span class='ocr_line' id='line_1_2' title="bbox 308 1153 1459 1243; baseline 0 -21"><span class='ocrx_word' id='word_1_2' title='bbox 308 1153 374 1222; x_wconf 86' lang='lat' dir='ltr'><em>III.</em></span> <span class='ocrx_word' id='word_1_3' title='bbox 399 1153 510 1218; x_wconf 83' lang='lat' dir='ltr'>Endre</span> <span class='ocrx_word' id='word_1_4' title='bbox 535 1153 717 1242; x_wconf 74' lang='lat' dir='ltr'>leiro&#39;lyoolo</span> <span class='ocrx_word' id='word_1_5' title='bbox 742 1153 894 1219; x_wconf 68' lang='lat' dir='ltr'>renodare</span> <span class='ocrx_word' id='word_1_6' title='bbox 918 1177 939 1218; x_wconf 87' lang='lat' dir='ltr'>o</span> <span class='ocrx_word' id='word_1_7' title='bbox 963 1153 1065 1220; x_wconf 70' lang='lat' dir='ltr'>budae·</span> <span class='ocrx_word' id='word_1_8' title='bbox 1097 1156 1325 1241; x_wconf 76' lang='lat' dir='ltr'>kciptolnrrhoz,</span> <span class='ocrx_word' id='word_1_9' title='bbox 1362 1160 1459 1243; x_wconf 67' lang='lat' dir='ltr'>kopp</span> 
     </span>
     <span class='ocr_line' id='line_1_3' title="bbox 241 1257 1458 1348; baseline -0.001 -21"><span class='ocrx_word' id='word_1_10' title='bbox 241 1257 246 1270; x_wconf 74' lang='grc'><strong><em>’</em></strong></span> <span class='ocrx_word' id='word_1_11' title='bbox 314 1260 428 1327; x_wconf 81' lang='lat' dir='ltr'>Murnl</span> <span class='ocrx_word' id='word_1_12' title='bbox 451 1262 611 1348; x_wconf 78' lang='lat' dir='ltr'>delpae&#39;pet‚</span> <span class='ocrx_word' id='word_1_13' title='bbox 633 1263 744 1346; x_wconf 76' lang='lat' dir='ltr'>malpel</span> <span class='ocrx_word' id='word_1_14' title='bbox 764 1260 854 1326; x_wconf 83' lang='lat' dir='ltr'>-Cedk</span> <span class='ocrx_word' id='word_1_15' title='bbox 868 1262 1101 1348; x_wconf 73' lang='lat' dir='ltr'>nemzetaepbele&#39;</span> <span class='ocrx_word' id='word_1_16' title='bbox 1115 1262 1226 1329; x_wconf 79' lang='lat' dir='ltr'>Eodre</span> <span class='ocrx_word' id='word_1_17' title='bbox 1243 1285 1345 1331; x_wconf 81' lang='lat' dir='ltr'>comes</span> <span class='ocrx_word' id='word_1_18' title='bbox 1364 1264 1458 1328; x_wconf 70' lang='lat' dir='ltr'>Sain-</span> 
     </span>
     <span class='ocr_line' id='line_1_4' title="bbox 470 1369 1296 1456; baseline -0.001 -21"><span class='ocrx_word' id='word_1_19' title='bbox 470 1369 530 1436; x_wconf 79' lang='lat' dir='ltr'>dor</span> <span class='ocrx_word' id='word_1_20' title='bbox 554 1369 708 1436; x_wconf 68' lang='lat' dir='ltr'>comesset</span> <span class='ocrx_word' id='word_1_21' title='bbox 731 1369 862 1455; x_wconf 71' lang='lat' dir='ltr'>cladem,</span> <span class='ocrx_word' id='word_1_22' title='bbox 886 1372 981 1434; x_wconf 77' lang='lat' dir='ltr'>eenole</span> <span class='ocrx_word' id='word_1_23' title='bbox 1004 1371 1174 1456; x_wconf 77' lang='lat' dir='ltr'>atotadlja.</span> <span class='ocrx_word' id='word_1_24' title='bbox 1199 1371 1296 1436; x_wconf 83' lang='lat'><em>1295.</em></span> 
     </span>
    </p>
   </div>
   <div class='ocr_carea' id='block_1_3' title="bbox 310 1563 1463 1979">
    <p class='ocr_par' dir='ltr' id='par_1_3' title="bbox 310 1563 1570 1988">
     <span class='ocr_line' id='line_1_5' title="bbox 420 1563 1453 1651; baseline -0.001 -20"><span class='ocrx_word' id='word_1_25' title='bbox 420 1563 568 1632; x_wconf 82' lang='lat' dir='ltr'><strong>Andreas</strong></span> <span class='ocrx_word' id='word_1_26' title='bbox 583 1564 643 1630; x_wconf 90' lang='lat' dir='ltr'>Dei</span> <span class='ocrx_word' id='word_1_27' title='bbox 661 1563 772 1648; x_wconf 79' lang='lat' dir='ltr'>gracia</span> <span class='ocrx_word' id='word_1_28' title='bbox 787 1564 856 1632; x_wconf 81' lang='lat' dir='ltr'>Rex</span> <span class='ocrx_word' id='word_1_29' title='bbox 871 1564 1038 1649; x_wconf 82' lang='lat' dir='ltr'>Hungarie</span> <span class='ocrx_word' id='word_1_30' title='bbox 1048 1565 1198 1632; x_wconf 85' lang='lat' dir='ltr'>fidelibus</span> <span class='ocrx_word' id='word_1_31' title='bbox 1208 1565 1277 1633; x_wconf 88' lang='lat' dir='ltr'>sois</span> <span class='ocrx_word' id='word_1_32' title='bbox 1290 1565 1453 1651; x_wconf 80' lang='lat' dir='ltr'>Capitnlo</span> 
     </span>
     <span class='ocr_line' id='line_1_6' title="bbox 310 1671 1460 1755; baseline 0 -15"><span class='ocrx_word' id='word_1_33' title='bbox 310 1673 459 1742; x_wconf 79' lang='lat' dir='ltr'>Ideolesie</span> <span class='ocrx_word' id='word_1_34' title='bbox 474 1671 636 1740; x_wconf 90' lang='lat' dir='ltr'>Budensis</span> <span class='ocrx_word' id='word_1_35' title='bbox 652 1672 792 1738; x_wconf 89' lang='lat' dir='ltr'>salntem</span> <span class='ocrx_word' id='word_1_36' title='bbox 810 1679 843 1739; x_wconf 91' lang='lat' dir='ltr'>et</span> <span class='ocrx_word' id='word_1_37' title='bbox 858 1672 1010 1755; x_wconf 80' lang='lat' dir='ltr'><strong>graciam.</strong></span> <span class='ocrx_word' id='word_1_38' title='bbox 1049 1675 1170 1740; x_wconf 89' lang='lat' dir='ltr'>Diount</span> <span class='ocrx_word' id='word_1_39' title='bbox 1200 1673 1294 1741; x_wconf 89' lang='lat' dir='ltr'>nobis</span> <span class='ocrx_word' id='word_1_40' title='bbox 1326 1673 1460 1742; x_wconf 83' lang='lat' dir='ltr'>Gornea-</span> 
     </span>
     <span class='ocr_line' id='line_1_7' title="bbox 311 1776 1463 1866; baseline -0.002 -18"><span class='ocrx_word' id='word_1_41' title='bbox 311 1781 459 1849; x_wconf 86' lang='lat' dir='ltr'>Andreae</span> <span class='ocrx_word' id='word_1_42' title='bbox 475 1781 562 1848; x_wconf 87' lang='lat' dir='ltr'>tilius</span> <span class='ocrx_word' id='word_1_43' title='bbox 578 1776 733 1864; x_wconf 83' lang='lat' dir='ltr'>Adryani,</span> <span class='ocrx_word' id='word_1_44' title='bbox 748 1784 781 1847; x_wconf 94' lang='lat' dir='ltr'>et</span> <span class='ocrx_word' id='word_1_45' title='bbox 795 1781 911 1847; x_wconf 87' lang='lat' dir='ltr'>Petrus</span> <span class='ocrx_word' id='word_1_46' title='bbox 927 1799 966 1846; x_wconf 89' lang='lat' dir='ltr'>ae</span> <span class='ocrx_word' id='word_1_47' title='bbox 981 1779 1149 1848; x_wconf 87' lang='lat' dir='ltr'>Johannes</span> <span class='ocrx_word' id='word_1_48' title='bbox 1160 1781 1220 1866; x_wconf 89' lang='lat' dir='ltr'>filij</span> <span class='ocrx_word' id='word_1_49' title='bbox 1238 1782 1289 1848; x_wconf 90' lang='lat' dir='ltr'>sni</span> <span class='ocrx_word' id='word_1_50' title='bbox 1306 1781 1350 1848; x_wconf 89' lang='lat' dir='ltr'>de</span> <span class='ocrx_word' id='word_1_51' title='bbox 1366 1779 1463 1848; x_wconf 66' lang='lat' dir='ltr'>See·</span> 
     </span>
     <span class='ocr_line' id='line_1_8' title="bbox 311 1885 1455 1979; baseline -0.002 -21"><span class='ocrx_word' id='word_1_52' title='bbox 311 1889 403 1979; x_wconf 85' lang='lat' dir='ltr'>thwy</span> <span class='ocrx_word' id='word_1_53' title='bbox 419 1889 460 1956; x_wconf 90' lang='lat' dir='ltr'>de</span> <span class='ocrx_word' id='word_1_54' title='bbox 475 1907 595 1974; x_wconf 81' lang='lat' dir='ltr'>genere</span> <span class='ocrx_word' id='word_1_55' title='bbox 610 1885 733 1972; x_wconf 82' lang='lat' dir='ltr'>Ohaak,</span> <span class='ocrx_word' id='word_1_56' title='bbox 751 1888 839 1970; x_wconf 86' lang='lat' dir='ltr'>qnod</span> <span class='ocrx_word' id='word_1_57' title='bbox 856 1907 928 1954; x_wconf 90' lang='lat' dir='ltr'>oum</span> <span class='ocrx_word' id='word_1_58' title='bbox 944 1889 1015 1973; x_wconf 89' lang='lat' dir='ltr'>ipse</span> <span class='ocrx_word' id='word_1_59' title='bbox 1031 1889 1155 1958; x_wconf 88' lang='lat' dir='ltr'>soilieet</span> <span class='ocrx_word' id='word_1_60' title='bbox 1166 1890 1283 1958; x_wconf 81' lang='lat' dir='ltr'>Comes</span> <span class='ocrx_word' id='word_1_61' title='bbox 1293 1887 1455 1957; x_wconf 81' lang='lat' dir='ltr'>Andreas</span> 
     </span>
    </p>
   </div>
   <div class='ocr_carea' id='block_1_4' title="bbox 313 1991 1570 2086">
    <p class='ocr_par' dir='ltr' id='par_1_4' title="bbox 313 1991 1570 2086">
     <span class='ocr_line' id='line_1_9' title="bbox 313 1991 1570 2086; baseline -0.009 -18"><span class='ocrx_word' id='word_1_62' title='bbox 313 2020 371 2086; x_wconf 93' lang='lat' dir='ltr'>per</span> <span class='ocrx_word' id='word_1_63' title='bbox 387 1995 577 2080; x_wconf 70' lang='lat' dir='ltr'>Magistrum</span> <span class='ocrx_word' id='word_1_64' title='bbox 593 1991 794 2079; x_wconf 82' lang='lat' dir='ltr'>Stephanum</span> <span class='ocrx_word' id='word_1_65' title='bbox 811 1993 913 2060; x_wconf 83' lang='lat' dir='ltr'>filium</span> <span class='ocrx_word' id='word_1_66' title='bbox 929 1995 1068 2081; x_wconf 84' lang='lat' dir='ltr'>Marone,</span> <span class='ocrx_word' id='word_1_67' title='bbox 1100 1995 1313 2064; x_wconf 88' lang='lat' dir='ltr'>fortissimum</span> <span class='ocrx_word' id='word_1_68' title='bbox 1346 1995 1455 2061; x_wconf 86' lang='lat' dir='ltr'>tiran-</span> <span class='ocrx_word' id='word_1_69' title='bbox 1569 1991 1570 2070; x_wconf 72' lang='lat' dir='ltr'>l</span> 
     </span>
    </p>
   </div>
   <div class='ocr_carea' id='block_1_5' title="bbox 313 2101 1459 2190">
    <p class='ocr_par' dir='ltr' id='par_1_5' title="bbox 313 2101 1459 2190">
     <span class='ocr_line' id='line_1_10' title="bbox 313 2101 1459 2190; baseline -0.003 -19"><span class='ocrx_word' id='word_1_70' title='bbox 313 2124 389 2172; x_wconf 90' lang='lat' dir='ltr'>nnm</span> <span class='ocrx_word' id='word_1_71' title='bbox 404 2101 508 2186; x_wconf 80' lang='lat' dir='ltr'>Regni</span> <span class='ocrx_word' id='word_1_72' title='bbox 524 2103 627 2168; x_wconf 88' lang='lat' dir='ltr'>nostri</span> <span class='ocrx_word' id='word_1_73' title='bbox 643 2107 769 2188; x_wconf 86' lang='lat' dir='ltr'>eaptus,</span> <span class='ocrx_word' id='word_1_74' title='bbox 803 2108 835 2168; x_wconf 91' lang='lat' dir='ltr'>et</span> <span class='ocrx_word' id='word_1_75' title='bbox 851 2101 884 2167; x_wconf 92' lang='lat' dir='ltr'>in</span> <span class='ocrx_word' id='word_1_76' title='bbox 901 2122 962 2170; x_wconf 88' lang='lat' dir='ltr'>sna</span> <span class='ocrx_word' id='word_1_77' title='bbox 977 2103 1166 2190; x_wconf 87' lang='lat' dir='ltr'>eaptiuitute</span> <span class='ocrx_word' id='word_1_78' title='bbox 1181 2124 1246 2170; x_wconf 94' lang='lat' dir='ltr'>non</span> <span class='ocrx_word' id='word_1_79' title='bbox 1263 2122 1322 2188; x_wconf 92' lang='lat' dir='ltr'>per</span> <span class='ocrx_word' id='word_1_80' title='bbox 1346 2101 1459 2168; x_wconf 85' lang='lat' dir='ltr'>modi·</span> 
     </span>
    </p>
   </div>
   <div class='ocr_carea' id='block_1_6' title="bbox 312 2207 1570 2403">
    <p class='ocr_par' dir='ltr' id='par_1_6' title="bbox 312 2207 1570 2403">
     <span class='ocr_line' id='line_1_11' title="bbox 314 2207 1570 2296; baseline -0.002 -18"><span class='ocrx_word' id='word_1_81' title='bbox 314 2233 388 2279; x_wconf 88' lang='lat' dir='ltr'>enm</span> <span class='ocrx_word' id='word_1_82' title='bbox 405 2216 530 2296; x_wconf 85' lang='lat' dir='ltr'>tempus</span> <span class='ocrx_word' id='word_1_83' title='bbox 546 2207 660 2276; x_wconf 84' lang='lat' dir='ltr'>fnisset</span> <span class='ocrx_word' id='word_1_84' title='bbox 677 2209 835 2296; x_wconf 86' lang='lat' dir='ltr'>detentus,</span> <span class='ocrx_word' id='word_1_85' title='bbox 853 2216 885 2276; x_wconf 93' lang='lat' dir='ltr'>et</span> <span class='ocrx_word' id='word_1_86' title='bbox 901 2229 960 2296; x_wconf 92' lang='lat' dir='ltr'>per</span> <span class='ocrx_word' id='word_1_87' title='bbox 975 2229 1067 2278; x_wconf 87' lang='lat' dir='ltr'>snam</span> <span class='ocrx_word' id='word_1_88' title='bbox 1081 2209 1245 2296; x_wconf 79' lang='lat' dir='ltr'>propriam</span> <span class='ocrx_word' id='word_1_89' title='bbox 1256 2208 1453 2278; x_wconf 73' lang='lat' dir='ltr'>facultatem</span> <span class='ocrx_word' id='word_1_90' title='bbox 1569 2239 1570 2260; x_wconf 62' lang='lat'>1</span> 
     </span>
     <span class='ocr_line' id='line_1_12' title="bbox 312 2315 1570 2403; baseline -0.002 -17"><span class='ocrx_word' id='word_1_91' title='bbox 312 2339 348 2387; x_wconf 90' lang='lat' dir='ltr'>se</span> <span class='ocrx_word' id='word_1_92' title='bbox 364 2319 523 2384; x_wconf 85' lang='lat' dir='ltr'>redimere</span> <span class='ocrx_word' id='word_1_93' title='bbox 538 2317 749 2403; x_wconf 85' lang='lat' dir='ltr'>nequiuisset‚</span> <span class='ocrx_word' id='word_1_94' title='bbox 780 2338 801 2384; x_wconf 87' lang='lat' dir='ltr'>a</span> <span class='ocrx_word' id='word_1_95' title='bbox 816 2317 940 2386; x_wconf 82' lang='lat' dir='ltr'>Gemite</span> <span class='ocrx_word' id='word_1_96' title='bbox 955 2315 1081 2384; x_wconf 89' lang='lat' dir='ltr'>Sandor</span> <span class='ocrx_word' id='word_1_97' title='bbox 1098 2317 1165 2384; x_wconf 88' lang='lat' dir='ltr'>dlio</span> <span class='ocrx_word' id='word_1_98' title='bbox 1182 2315 1291 2403; x_wconf 78' lang='lat' dir='ltr'>egidij</span> <span class='ocrx_word' id='word_1_99' title='bbox 1319 2317 1456 2386; x_wconf 81' lang='lat' dir='ltr'>Oastel·</span> <span class='ocrx_word' id='word_1_100' title='bbox 1569 2339 1570 2366; x_wconf 58' lang='lat'>1</span> 
     </span>
    </p>
   </div>
   <div class='ocr_carea' id='block_1_7' title="bbox 312 2423 1570 2621">
    <p class='ocr_par' dir='ltr' id='par_1_7' title="bbox 312 2413 1570 2621">
     <span class='ocr_line' id='line_1_13' title="bbox 312 2423 1454 2512; baseline -0.004 -18"><span class='ocrx_word' id='word_1_101' title='bbox 312 2429 388 2494; x_wconf 88' lang='lat' dir='ltr'>lano</span> <span class='ocrx_word' id='word_1_102' title='bbox 403 2429 515 2490; x_wconf 86' lang='lat' dir='ltr'>nostro</span> <span class='ocrx_word' id='word_1_103' title='bbox 531 2423 572 2489; x_wconf 92' lang='lat' dir='ltr'>de</span> <span class='ocrx_word' id='word_1_104' title='bbox 587 2425 701 2493; x_wconf 85' lang='lat' dir='ltr'>Jenew</span> <span class='ocrx_word' id='word_1_105' title='bbox 716 2432 854 2508; x_wconf 83' lang='lat' dir='ltr'>eognato</span> <span class='ocrx_word' id='word_1_106' title='bbox 871 2446 929 2493; x_wconf 91' lang='lat' dir='ltr'>sno</span> <span class='ocrx_word' id='word_1_107' title='bbox 957 2431 1064 2494; x_wconf 86' lang='lat' dir='ltr'>mutuo</span> <span class='ocrx_word' id='word_1_108' title='bbox 1096 2427 1273 2512; x_wconf 87' lang='lat' dir='ltr'>reeepiaset</span> <span class='ocrx_word' id='word_1_109' title='bbox 1305 2425 1454 2510; x_wconf 82' lang='lat' dir='ltr'>qnadra-</span> 
     </span>
     <span class='ocr_line' id='line_1_14' title="bbox 316 2531 1570 2621; baseline -0.004 -21"><span class='ocrx_word' id='word_1_110' title='bbox 316 2535 410 2618; x_wconf 83' lang='lat' dir='ltr'>ginta</span> <span class='ocrx_word' id='word_1_111' title='bbox 425 2551 554 2599; x_wconf 88' lang='lat' dir='ltr'>mareas</span> <span class='ocrx_word' id='word_1_112' title='bbox 568 2531 623 2598; x_wconf 88' lang='lat' dir='ltr'>fini</span> <span class='ocrx_word' id='word_1_113' title='bbox 639 2533 777 2621; x_wconf 84' lang='lat' dir='ltr'>argenti,</span> <span class='ocrx_word' id='word_1_114' title='bbox 810 2533 906 2601; x_wconf 90' lang='lat' dir='ltr'>etsie</span> <span class='ocrx_word' id='word_1_115' title='bbox 923 2551 980 2618; x_wconf 90' lang='lat' dir='ltr'>per</span> <span class='ocrx_word' id='word_1_116' title='bbox 997 2534 1133 2602; x_wconf 88' lang='lat' dir='ltr'>eundem</span> <span class='ocrx_word' id='word_1_117' title='bbox 1151 2534 1283 2619; x_wconf 86' lang='lat' dir='ltr'>abipsa</span> <span class='ocrx_word' id='word_1_118' title='bbox 1309 2533 1452 2619; x_wconf 87' lang='lat' dir='ltr'>eaptini·</span> <span class='ocrx_word' id='word_1_119' title='bbox 1569 2559 1570 2564; x_wconf 39' lang='lat'>¹</span> 
     </span>
    </p>
   </div>
   <div class='ocr_carea' id='block_1_8' title="bbox 244 2638 1570 2838">
    <p class='ocr_par' dir='ltr' id='par_1_8' title="bbox 244 2638 1570 2838">
     <span class='ocr_line' id='line_1_15' title="bbox 315 2638 1570 2708; baseline -0.002 -1"><span class='ocrx_word' id='word_1_120' title='bbox 315 2647 383 2707; x_wconf 86' lang='lat' dir='ltr'>tate</span> <span class='ocrx_word' id='word_1_121' title='bbox 400 2638 514 2706; x_wconf 85' lang='lat' dir='ltr'>luisset</span> <span class='ocrx_word' id='word_1_122' title='bbox 529 2639 696 2706; x_wconf 87' lang='lat' dir='ltr'>absolutus</span> <span class='ocrx_word' id='word_1_123' title='bbox 712 2648 744 2706; x_wconf 88' lang='lat' dir='ltr'>et</span> <span class='ocrx_word' id='word_1_124' title='bbox 759 2640 925 2706; x_wconf 88' lang='lat' dir='ltr'>liberatus.</span> <span class='ocrx_word' id='word_1_125' title='bbox 960 2641 1040 2707; x_wconf 82' lang='lat' dir='ltr'>Gom</span> <span class='ocrx_word' id='word_1_126' title='bbox 1071 2648 1180 2708; x_wconf 90' lang='lat' dir='ltr'>antem</span> <span class='ocrx_word' id='word_1_127' title='bbox 1211 2639 1299 2704; x_wconf 91' lang='lat' dir='ltr'>idem</span> <span class='ocrx_word' id='word_1_128' title='bbox 1332 2640 1464 2707; x_wconf 69' lang='lat' dir='ltr'>Comes</span> <span class='ocrx_word' id='word_1_129' title='bbox 1569 2639 1570 2690; x_wconf 74' lang='lat' dir='ltr'>t</span> 
     </span>
     <span class='ocr_line' id='line_1_16' title="bbox 244 2746 1570 2838; baseline -0.002 -22"><span class='ocrx_word' id='word_1_130' title='bbox 244 2763 248 2770; x_wconf 89' lang='grc'><strong><em>·</em></strong></span> <span class='ocrx_word' id='word_1_131' title='bbox 315 2748 444 2816; x_wconf 86' lang='lat' dir='ltr'>Sandor</span> <span class='ocrx_word' id='word_1_132' title='bbox 460 2765 551 2814; x_wconf 88' lang='lat' dir='ltr'>suam</span> <span class='ocrx_word' id='word_1_133' title='bbox 568 2747 734 2832; x_wconf 84' lang='lat' dir='ltr'>pecuniam</span> <span class='ocrx_word' id='word_1_134' title='bbox 751 2747 956 2832; x_wconf 86' lang='lat' dir='ltr'>prehabitam</span> <span class='ocrx_word' id='word_1_135' title='bbox 973 2747 1036 2816; x_wconf 90' lang='lat' dir='ltr'>sibi</span> <span class='ocrx_word' id='word_1_136' title='bbox 1053 2747 1144 2814; x_wconf 85' lang='lat' dir='ltr'>reddi</span> <span class='ocrx_word' id='word_1_137' title='bbox 1161 2755 1194 2813; x_wconf 88' lang='lat' dir='ltr'>et</span> <span class='ocrx_word' id='word_1_138' title='bbox 1209 2747 1338 2814; x_wconf 85' lang='lat' dir='ltr'>restitui</span> <span class='ocrx_word' id='word_1_139' title='bbox 1354 2746 1394 2811; x_wconf 89' lang='lat' dir='ltr'>de</span> <span class='ocrx_word' id='word_1_140' title='bbox 1413 2765 1455 2813; x_wconf 88' lang='lat' dir='ltr'>se</span> <span class='ocrx_word' id='word_1_141' title='bbox 1569 2771 1570 2838; x_wconf 80' lang='lat' dir='ltr'>j</span> 
     </span>
    </p>
   </div>
   <div class='ocr_carea' id='block_1_9' title="bbox 227 2854 1570 4660">
    <p class='ocr_par' dir='ltr' id='par_1_9' title="bbox 227 2843 1570 4673">
     <span class='ocr_line' id='line_1_17' title="bbox 316 2854 1462 2944; baseline -0.005 -18"><span class='ocrx_word' id='word_1_142' title='bbox 316 2857 524 2944; x_wconf 81' lang='lat' dir='ltr'>postulasset,</span> <span class='ocrx_word' id='word_1_143' title='bbox 541 2861 673 2940; x_wconf 89' lang='lat' dir='ltr'>propter</span> <span class='ocrx_word' id='word_1_144' title='bbox 688 2874 779 2922; x_wconf 89' lang='lat' dir='ltr'>suam</span> <span class='ocrx_word' id='word_1_145' title='bbox 797 2855 940 2941; x_wconf 91' lang='lat' dir='ltr'>inopiam</span> <span class='ocrx_word' id='word_1_146' title='bbox 958 2862 991 2922; x_wconf 90' lang='lat' dir='ltr'>et</span> <span class='ocrx_word' id='word_1_147' title='bbox 1007 2860 1188 2940; x_wconf 86' lang='lat' dir='ltr'>egestatem</span> <span class='ocrx_word' id='word_1_148' title='bbox 1205 2854 1268 2920; x_wconf 84' lang='lat' dir='ltr'>sibi</span> <span class='ocrx_word' id='word_1_149' title='bbox 1280 2855 1462 2922; x_wconf 84' lang='lat' dir='ltr'>imminen·</span> 
     </span>
     <span class='ocr_line' id='line_1_18' title="bbox 316 2945 1570 3048; baseline -0.004 -16"><span class='ocrx_word' id='word_1_150' title='bbox 316 2973 382 3033; x_wconf 84' lang='lat' dir='ltr'>tem</span> <span class='ocrx_word' id='word_1_151' title='bbox 398 2963 534 3030; x_wconf 86' lang='lat' dir='ltr'>reddere</span> <span class='ocrx_word' id='word_1_152' title='bbox 549 2961 756 3045; x_wconf 85' lang='lat' dir='ltr'>nequiuisset.</span> <span class='ocrx_word' id='word_1_153' title='bbox 788 2963 828 3028; x_wconf 92' lang='lat' dir='ltr'>In</span> <span class='ocrx_word' id='word_1_154' title='bbox 843 2963 934 3030; x_wconf 89' lang='lat' dir='ltr'>onius</span> <span class='ocrx_word' id='word_1_155' title='bbox 950 2962 1050 3047; x_wconf 79' lang='lat' dir='ltr'>igitur</span> <span class='ocrx_word' id='word_1_156' title='bbox 1067 2961 1202 3048; x_wconf 75' lang='lat' dir='ltr'>pecunie</span> <span class='ocrx_word' id='word_1_157' title='bbox 1218 2980 1457 3048; x_wconf 86' lang='lat' dir='ltr'>reeompensa-</span> <span class='ocrx_word' id='word_1_158' title='bbox 1569 2945 1570 3038; x_wconf 68' lang='lat' dir='ltr'>l</span> 
     </span>
     <span class='ocr_line' id='line_1_19' title="bbox 321 3067 1459 3156; baseline -0.002 -18"><span class='ocrx_word' id='word_1_159' title='bbox 321 3072 447 3139; x_wconf 88' lang='lat' dir='ltr'>eionem</span> <span class='ocrx_word' id='word_1_160' title='bbox 464 3076 497 3137; x_wconf 92' lang='lat' dir='ltr'>et</span> <span class='ocrx_word' id='word_1_161' title='bbox 513 3067 773 3136; x_wconf 83' lang='lat' dir='ltr'>satisfaeoionem</span> <span class='ocrx_word' id='word_1_162' title='bbox 790 3071 955 3153; x_wconf 90' lang='lat' dir='ltr'>quandam</span> <span class='ocrx_word' id='word_1_163' title='bbox 972 3069 1214 3156; x_wconf 85' lang='lat' dir='ltr'>possessionem</span> <span class='ocrx_word' id='word_1_164' title='bbox 1230 3089 1322 3136; x_wconf 88' lang='lat' dir='ltr'>suam</span> <span class='ocrx_word' id='word_1_165' title='bbox 1340 3069 1459 3136; x_wconf 85' lang='lat' dir='ltr'>llnrnl</span> 
     </span>
     <span class='ocr_line' id='line_1_20' title="bbox 320 3174 1461 3262; baseline 0 -18"><span class='ocrx_word' id='word_1_166' title='bbox 320 3185 469 3244; x_wconf 84' lang='lat' dir='ltr'>uocatam</span> <span class='ocrx_word' id='word_1_167' title='bbox 487 3197 559 3243; x_wconf 90' lang='lat' dir='ltr'>eum</span> <span class='ocrx_word' id='word_1_168' title='bbox 575 3174 722 3243; x_wconf 90' lang='lat' dir='ltr'>omnibus</span> <span class='ocrx_word' id='word_1_169' title='bbox 738 3176 931 3246; x_wconf 78' lang='lat' dir='ltr'>utilitatibus</span> <span class='ocrx_word' id='word_1_170' title='bbox 949 3177 1016 3244; x_wconf 91' lang='lat' dir='ltr'>suis</span> <span class='ocrx_word' id='word_1_171' title='bbox 1033 3177 1153 3245; x_wconf 82' lang='lat' dir='ltr'>vellent</span> <span class='ocrx_word' id='word_1_172' title='bbox 1169 3175 1312 3244; x_wconf 85' lang='lat' dir='ltr'>vendere</span> <span class='ocrx_word' id='word_1_173' title='bbox 1327 3183 1360 3242; x_wconf 89' lang='lat' dir='ltr'>et</span> <span class='ocrx_word' id='word_1_174' title='bbox 1375 3195 1461 3262; x_wconf 89' lang='lat' dir='ltr'>per-</span> 
     </span>
     <span class='ocr_line' id='line_1_21' title="bbox 318 3281 1460 3372; baseline 0 -22"><span class='ocrx_word' id='word_1_175' title='bbox 318 3293 456 3372; x_wconf 86' lang='lat' dir='ltr'>petuare</span> <span class='ocrx_word' id='word_1_176' title='bbox 472 3282 575 3352; x_wconf 83' lang='lat' dir='ltr'>eidem</span> <span class='ocrx_word' id='word_1_177' title='bbox 594 3281 711 3349; x_wconf 86' lang='lat' dir='ltr'>Comiti</span> <span class='ocrx_word' id='word_1_178' title='bbox 727 3281 854 3350; x_wconf 89' lang='lat' dir='ltr'>Sandor</span> <span class='ocrx_word' id='word_1_179' title='bbox 870 3281 1114 3367; x_wconf 87' lang='lat' dir='ltr'>possidendam.</span> <span class='ocrx_word' id='word_1_180' title='bbox 1150 3283 1333 3369; x_wconf 85' lang='lat' dir='ltr'>Superque</span> <span class='ocrx_word' id='word_1_181' title='bbox 1350 3281 1460 3351; x_wconf 85' lang='lat' dir='ltr'>fideli-</span> 
     </span>
     <span class='ocr_line' id='line_1_22' title="bbox 315 3389 1467 3476; baseline 0.002 -18"><span class='ocrx_word' id='word_1_182' title='bbox 315 3393 376 3460; x_wconf 81' lang='lat' dir='ltr'>tati</span> <span class='ocrx_word' id='word_1_183' title='bbox 392 3396 500 3459; x_wconf 82' lang='lat' dir='ltr'>vestre</span> <span class='ocrx_word' id='word_1_184' title='bbox 516 3389 732 3476; x_wconf 83' lang='lat' dir='ltr'>precipientes</span> <span class='ocrx_word' id='word_1_185' title='bbox 749 3389 862 3458; x_wconf 85' lang='lat' dir='ltr'>damus</span> <span class='ocrx_word' id='word_1_186' title='bbox 878 3390 1010 3456; x_wconf 88' lang='lat' dir='ltr'>firmiter</span> <span class='ocrx_word' id='word_1_187' title='bbox 1027 3391 1060 3456; x_wconf 92' lang='lat' dir='ltr'>in</span> <span class='ocrx_word' id='word_1_188' title='bbox 1086 3389 1259 3468; x_wconf 87' lang='lat' dir='ltr'>mandatis,</span> <span class='ocrx_word' id='word_1_189' title='bbox 1286 3397 1467 3474; x_wconf 81' lang='lat' dir='ltr'>quatenus</span> 
     </span>
     <span class='ocr_line' id='line_1_23' title="bbox 318 3493 1462 3588; baseline -0.001 -20"><span class='ocrx_word' id='word_1_190' title='bbox 318 3507 460 3568; x_wconf 79' lang='lat' dir='ltr'>vestrum</span> <span class='ocrx_word' id='word_1_191' title='bbox 475 3497 610 3564; x_wconf 88' lang='lat' dir='ltr'>mittatis</span> <span class='ocrx_word' id='word_1_192' title='bbox 626 3497 787 3566; x_wconf 88' lang='lat' dir='ltr'>hominem</span> <span class='ocrx_word' id='word_1_193' title='bbox 805 3497 954 3566; x_wconf 90' lang='lat' dir='ltr'>idoneum</span> <span class='ocrx_word' id='word_1_194' title='bbox 972 3519 1030 3584; x_wconf 87' lang='lat' dir='ltr'>pro</span> <span class='ocrx_word' id='word_1_195' title='bbox 1042 3497 1226 3567; x_wconf 86' lang='lat' dir='ltr'>testimonio</span> <span class='ocrx_word' id='word_1_196' title='bbox 1236 3493 1462 3588; x_wconf 82' lang='lat' dir='ltr'>fidedignum,</span> 
     </span>
     <span class='ocr_line' id='line_1_24' title="bbox 227 3605 1465 3702; baseline 0 -25"><span class='ocrx_word' id='word_1_197' title='bbox 227 3695 230 3702; x_wconf 91' lang='lat'>.</span> <span class='ocrx_word' id='word_1_198' title='bbox 320 3631 384 3693; x_wconf 81' lang='lat' dir='ltr'>quo</span> <span class='ocrx_word' id='word_1_199' title='bbox 401 3611 551 3692; x_wconf 87' lang='lat' dir='ltr'>presente</span> <span class='ocrx_word' id='word_1_200' title='bbox 568 3607 765 3674; x_wconf 88' lang='lat' dir='ltr'>Laureneius</span> <span class='ocrx_word' id='word_1_201' title='bbox 782 3607 869 3674; x_wconf 86' lang='lat' dir='ltr'>filius</span> <span class='ocrx_word' id='word_1_202' title='bbox 895 3605 1014 3685; x_wconf 87' lang='lat' dir='ltr'>Beneh,</span> <span class='ocrx_word' id='word_1_203' title='bbox 1046 3605 1098 3671; x_wconf 90' lang='lat' dir='ltr'>vel</span> <span class='ocrx_word' id='word_1_204' title='bbox 1130 3605 1315 3691; x_wconf 85' lang='lat' dir='ltr'>Stephanus</span> <span class='ocrx_word' id='word_1_205' title='bbox 1344 3605 1465 3676; x_wconf 78' lang='lat' dir='ltr'>frater</span> 
     </span>
     <span class='ocr_line' id='line_1_25' title="bbox 320 3713 1464 3804; baseline -0.003 -20"><span class='ocrx_word' id='word_1_206' title='bbox 320 3718 410 3804; x_wconf 81' lang='lat' dir='ltr'>Belo,</span> <span class='ocrx_word' id='word_1_207' title='bbox 442 3715 545 3781; x_wconf 90' lang='lat' dir='ltr'>altero</span> <span class='ocrx_word' id='word_1_208' title='bbox 562 3715 696 3781; x_wconf 88' lang='lat' dir='ltr'>absente</span> <span class='ocrx_word' id='word_1_209' title='bbox 712 3716 807 3782; x_wconf 91' lang='lat' dir='ltr'>homo</span> <span class='ocrx_word' id='word_1_210' title='bbox 822 3722 941 3800; x_wconf 84' lang='lat' dir='ltr'>noster,</span> <span class='ocrx_word' id='word_1_211' title='bbox 973 3715 1161 3780; x_wconf 83' lang='lat' dir='ltr'>conuocatis</span> <span class='ocrx_word' id='word_1_212' title='bbox 1178 3713 1293 3780; x_wconf 83' lang='lat' dir='ltr'>ricinis</span> <span class='ocrx_word' id='word_1_213' title='bbox 1308 3721 1341 3780; x_wconf 88' lang='lat' dir='ltr'>et</span> <span class='ocrx_word' id='word_1_214' title='bbox 1365 3735 1464 3782; x_wconf 89' lang='lat' dir='ltr'>oom-</span> 
     </span>
     <span class='ocr_line' id='line_1_26' title="bbox 320 3820 1463 3908; baseline -0.001 -16"><span class='ocrx_word' id='word_1_215' title='bbox 320 3823 478 3892; x_wconf 88' lang='lat' dir='ltr'>metaneis</span> <span class='ocrx_word' id='word_1_216' title='bbox 495 3820 649 3908; x_wconf 88' lang='lat' dir='ltr'>eiusdem,</span> <span class='ocrx_word' id='word_1_217' title='bbox 681 3842 721 3887; x_wconf 92' lang='lat' dir='ltr'>ae</span> <span class='ocrx_word' id='word_1_218' title='bbox 740 3823 903 3890; x_wconf 82' lang='lat' dir='ltr'>nobilibus</span> <span class='ocrx_word' id='word_1_219' title='bbox 929 3820 1266 3907; x_wconf 89' lang='lat' dir='ltr'>eomprouinoialibns,</span> <span class='ocrx_word' id='word_1_220' title='bbox 1299 3841 1359 3888; x_wconf 91' lang='lat' dir='ltr'>nee</span> <span class='ocrx_word' id='word_1_221' title='bbox 1385 3843 1463 3892; x_wconf 91' lang='lat' dir='ltr'>non</span> 
     </span>
     <span class='ocr_line' id='line_1_27' title="bbox 318 3925 1463 4019; baseline -0.003 -17"><span class='ocrx_word' id='word_1_222' title='bbox 318 3931 548 4019; x_wconf 85' lang='lat' dir='ltr'>jobagionibus</span> <span class='ocrx_word' id='word_1_223' title='bbox 565 3925 670 3996; x_wconf 77' lang='lat' dir='ltr'>Casiri</span> <span class='ocrx_word' id='word_1_224' title='bbox 687 3933 788 3997; x_wconf 89' lang='lat' dir='ltr'>nostri</span> <span class='ocrx_word' id='word_1_225' title='bbox 815 3931 914 3998; x_wconf 87' lang='lat' dir='ltr'>Bekis</span> <span class='ocrx_word' id='word_1_226' title='bbox 946 3929 1116 4014; x_wconf 78' lang='lat' dir='ltr'>uniuersis,</span> <span class='ocrx_word' id='word_1_227' title='bbox 1146 3928 1180 3994; x_wconf 93' lang='lat' dir='ltr'>in</span> <span class='ocrx_word' id='word_1_228' title='bbox 1212 3927 1266 3994; x_wconf 89' lang='lat' dir='ltr'>die</span> <span class='ocrx_word' id='word_1_229' title='bbox 1300 3927 1463 3999; x_wconf 78' lang='lat' dir='ltr'>sinerum</span> 
     </span>
     <span class='ocr_line' id='line_1_28' title="bbox 319 4035 1465 4128; baseline -0.005 -18"><span class='ocrx_word' id='word_1_230' title='bbox 319 4041 466 4128; x_wconf 84' lang='lat' dir='ltr'>proxime</span> <span class='ocrx_word' id='word_1_231' title='bbox 482 4055 566 4103; x_wconf 88' lang='lat' dir='ltr'>nune</span> <span class='ocrx_word' id='word_1_232' title='bbox 583 4045 718 4102; x_wconf 88' lang='lat' dir='ltr'>venturo</span> <span class='ocrx_word' id='word_1_233' title='bbox 735 4039 777 4104; x_wconf 89' lang='lat' dir='ltr'>ad</span> <span class='ocrx_word' id='word_1_234' title='bbox 795 4037 910 4104; x_wconf 81' lang='lat' dir='ltr'>faeiem</span> <span class='ocrx_word' id='word_1_235' title='bbox 928 4035 1072 4123; x_wconf 91' lang='lat' dir='ltr'>prediote</span> <span class='ocrx_word' id='word_1_236' title='bbox 1098 4035 1315 4120; x_wconf 86' lang='lat' dir='ltr'>possessionis</span> <span class='ocrx_word' id='word_1_237' title='bbox 1346 4037 1465 4104; x_wconf 82' lang='lat' dir='ltr'>dlnrnl</span> 
     </span>
     <span class='ocr_line' id='line_1_29' title="bbox 319 4145 1470 4234; baseline -0.003 -17"><span class='ocrx_word' id='word_1_238' title='bbox 319 4147 464 4231; x_wconf 85' lang='lat' dir='ltr'>aeoedat,</span> <span class='ocrx_word' id='word_1_239' title='bbox 481 4167 518 4212; x_wconf 86' lang='lat' dir='ltr'>ao</span> <span class='ocrx_word' id='word_1_240' title='bbox 535 4145 615 4229; x_wconf 90' lang='lat' dir='ltr'>ipsis</span> <span class='ocrx_word' id='word_1_241' title='bbox 631 4147 844 4234; x_wconf 88' lang='lat' dir='ltr'>presentibus,</span> <span class='ocrx_word' id='word_1_242' title='bbox 872 4146 1007 4214; x_wconf 88' lang='lat' dir='ltr'>eandem</span> <span class='ocrx_word' id='word_1_243' title='bbox 1040 4165 1099 4230; x_wconf 90' lang='lat' dir='ltr'>per</span> <span class='ocrx_word' id='word_1_244' title='bbox 1129 4151 1258 4212; x_wconf 76' lang='lat' dir='ltr'>vot-eres</span> <span class='ocrx_word' id='word_1_245' title='bbox 1289 4151 1396 4212; x_wconf 88' lang='lat' dir='ltr'>metas</span> <span class='ocrx_word' id='word_1_246' title='bbox 1434 4153 1470 4213; x_wconf 84' lang='lat' dir='ltr'>et</span> 
     </span>
     <span class='ocr_line' id='line_1_30' title="bbox 322 4251 1472 4338; baseline -0.003 -13"><span class='ocrx_word' id='word_1_247' title='bbox 322 4257 475 4338; x_wconf 83' lang='lat' dir='ltr'>antiquas</span> <span class='ocrx_word' id='word_1_248' title='bbox 491 4252 734 4338; x_wconf 85' lang='lat' dir='ltr'>reambulando,</span> <span class='ocrx_word' id='word_1_249' title='bbox 761 4255 844 4321; x_wconf 83' lang='lat' dir='ltr'>neiat</span> <span class='ocrx_word' id='word_1_250' title='bbox 861 4254 902 4319; x_wconf 91' lang='lat' dir='ltr'>ab</span> <span class='ocrx_word' id='word_1_251' title='bbox 920 4251 1041 4320; x_wconf 85' lang='lat' dir='ltr'>eisdem</span> <span class='ocrx_word' id='word_1_252' title='bbox 1060 4251 1232 4318; x_wconf 89' lang='lat' dir='ltr'>nobilibus</span> <span class='ocrx_word' id='word_1_253' title='bbox 1248 4251 1472 4338; x_wconf 85' lang='lat' dir='ltr'>supradietis,</span> 
     </span>
     <span class='ocr_line' id='line_1_31' title="bbox 324 4358 1475 4454; baseline -0.009 -20"><span class='ocrx_word' id='word_1_254' title='bbox 324 4378 355 4434; x_wconf 86' lang='lat' dir='ltr'>et</span> <span class='ocrx_word' id='word_1_255' title='bbox 374 4361 514 4446; x_wconf 84' lang='lat' dir='ltr'>inquirat</span> <span class='ocrx_word' id='word_1_256' title='bbox 530 4360 745 4426; x_wconf 86' lang='lat' dir='ltr'>omnimodam</span> <span class='ocrx_word' id='word_1_257' title='bbox 763 4362 945 4454; x_wconf 79' lang='lat' dir='ltr'>veritatem,</span> <span class='ocrx_word' id='word_1_258' title='bbox 965 4367 1069 4427; x_wconf 72' lang='lat' dir='ltr'>strom</span> <span class='ocrx_word' id='word_1_259' title='bbox 1089 4360 1162 4444; x_wconf 87' lang='lat' dir='ltr'>ipsa</span> <span class='ocrx_word' id='word_1_260' title='bbox 1178 4358 1346 4444; x_wconf 84' lang='lat' dir='ltr'>possessio</span> <span class='ocrx_word' id='word_1_261' title='bbox 1359 4361 1475 4428; x_wconf 87' lang='lat' dir='ltr'>Murul</span> 
     </span>
     <span class='ocr_line' id='line_1_32' title="bbox 324 4467 1477 4561; baseline -0.002 -25"><span class='ocrx_word' id='word_1_262' title='bbox 324 4468 621 4561; x_wconf 78' lang='lat' dir='ltr'>ipsiusAndreeet</span> <span class='ocrx_word' id='word_1_263' title='bbox 652 4469 787 4533; x_wconf 84' lang='lat' dir='ltr'>liliorum</span> <span class='ocrx_word' id='word_1_264' title='bbox 820 4489 949 4558; x_wconf 84' lang='lat' dir='ltr'>suornm</span> <span class='ocrx_word' id='word_1_265' title='bbox 976 4469 1214 4534; x_wconf 85' lang='lat' dir='ltr'>antedictorum</span> <span class='ocrx_word' id='word_1_266' title='bbox 1249 4467 1383 4554; x_wconf 84' lang='lat' dir='ltr'>existat,</span> <span class='ocrx_word' id='word_1_267' title='bbox 1415 4470 1477 4535; x_wconf 83' lang='lat' dir='ltr'>rel</span> 
     </span>
     <span class='ocr_line' id='line_1_33' title="bbox 330 4575 1471 4660; baseline -0.004 -14"><span class='ocrx_word' id='word_1_268' title='bbox 330 4585 427 4656; x_wconf 67' lang='lat' dir='ltr'>dinizo</span> <span class='ocrx_word' id='word_1_269' title='bbox 444 4576 549 4658; x_wconf 51' lang='lat' dir='ltr'>¹ipsum</span> <span class='ocrx_word' id='word_1_270' title='bbox 569 4576 707 4642; x_wconf 72' lang='lat' dir='ltr'>sordere</span> <span class='ocrx_word' id='word_1_271' title='bbox 724 4577 846 4660; x_wconf 84' lang='lat' dir='ltr'>possint</span> <span class='ocrx_word' id='word_1_272' title='bbox 864 4597 920 4642; x_wconf 88' lang='lat' dir='ltr'>nee</span> <span class='ocrx_word' id='word_1_273' title='bbox 938 4595 988 4640; x_wconf 88' lang='lat' dir='ltr'>ne.</span> <span class='ocrx_word' id='word_1_274' title='bbox 1014 4577 1053 4640; x_wconf 74' lang='lat' dir='ltr'>st</span> <span class='ocrx_word' id='word_1_275' title='bbox 1070 4577 1096 4640; x_wconf 83' lang='lat' dir='ltr'>ri</span> <span class='ocrx_word' id='word_1_276' title='bbox 1115 4575 1222 4659; x_wconf 88' lang='lat' dir='ltr'>ipsam</span> <span class='ocrx_word' id='word_1_277' title='bbox 1240 4577 1406 4657; x_wconf 86' lang='lat' dir='ltr'>pertinere</span> <span class='ocrx_word' id='word_1_278' title='bbox 1425 4576 1471 4642; x_wconf 87' lang='lat' dir='ltr'>ad</span> 
     </span>
    </p>
   </div>
   <div class='ocr_carea' id='block_1_10' title="bbox 0 0 1586 5164">
    <p class='ocr_par' dir='ltr' id='par_1_10' title="bbox 0 0 1586 5164">
     <span class='ocr_line' id='line_1_34' title="bbox 0 0 1586 5164; baseline 0 0"><span class='ocrx_word' id='word_1_279' title='bbox 0 0 1586 5164; x_wconf 95' lang='lat' dir='ltr'> </span> 
     </span>
    </p>
   </div>
  </div>
 </body>
</html>
