3112 5154
595 315 755 417 ,161-

631 971 705 1041 let.

107 1180 138 1246 A
153 1183 246 1267 pessi
261 1177 494 1266 heptalanaulo
509 1175 782 1262 hizonpadpleoele‚
798 1173 880 1260 hopy
896 1173 1077 1241 Miadrzoat
1094 1177 1126 1239 e's
1141 1173 1238 1240 Aluan

240 1289 408 1377 helyeepek
423 1287 494 1352 tezo
510 1309 532 1351 a
549 1285 689 1353 hutdrok
704 1282 986 1369 aaahdlyoztuttnlt.
1010 1284 1107 1352 1275.

217 1593 337 1661 Paulus
366 1589 551 1676 Propositus
583 1593 615 1656 ot
646 1587 831 1674 Capitulum
874 1586 1234 1672 Quinqueeoolesiarum

108 1703 260 1772 omnibus
275 1718 410 1785 presens
426 1697 577 1783 seriptum
595 1695 800 1764 sernentibus
817 1697 954 1762 salutern
973 1695 1006 1762 in
1017 1697 1166 1764 Domino.
1184 1696 1236 1762 Ad

107 1810 330 1878 uniuersorum
355 1804 507 1872 noticiam
532 1805 678 1871 volumus
709 1804 894 1889 peruenire,
925 1802 1011 1886 quod
1042 1803 1233 1871 Ambrosius

109 1917 197 1986 filius
228 1914 362 1998 Thomu,
394 1910 530 1978 Gonmas
561 1908 649 1975 filins
680 1909 822 1992 llozooh,
856 1907 1000 1978 Absalon
1033 1908 1118 1984 tilius
1138 1912 1237 1996 Petri,

109 2027 225 2094 blason
240 2021 328 2088 filius
342 2017 538 2103 Karaohym,
565 2018 650 2083 Pons
667 2015 752 2084 tilius
776 2016 933 2103 Stephani
950 2016 992 2084 de
1008 2018 1096 2086 Uilla
1127 2015 1234 2084 Omni-

110 2155 163 2201 um
194 2131 384 2198 Senatorum
410 2120 623 2211 (blindszent)
641 2123 681 2192 de
698 2125 790 2190 insta
809 2123 904 2190 Alma
921 2145 979 2210 pro
995 2145 1038 2208 se,
1056 2132 1088 2192 et
1103 2145 1161 2212 pro
1177 2127 1237 2194 Be·

110 2239 177 2308 nud
192 2237 260 2304 filio
275 2231 379 2316 blech,
396 2228 539 2318 Gyliano
557 2231 620 2298 filio
637 2231 800 2317 Mikaelis‚
820 2230 949 2298 Matheo
966 2231 1031 2299 fillo
1061 2231 1178 2318 Adam,
1195 2255 1235 2302 ae

109 2363 169 2435 pro
200 2341 317 2412 ceteris
349 2339 496 2408 omnihus
527 2339 799 2424 generaaionibus
830 2339 898 2406 suis
931 2339 972 2406 de
997 2339 1111 2408 eadem
1148 2341 1238 2410 Uilla

109 2453 264 2525 Omnium
279 2449 470 2516 Senatorum
497 2448 710 2532 personaliter
725 2448 760 2514 in
775 2453 889 2516 nostra
919 2451 1090 2534 presencia
1121 2447 1239 2516 eonsti-

108 2563 169 2631 tuti
200 2563 415 2646 proponentes
444 2563 521 2626 sunt
552 2555 691 2626 eonlessi
711 2558 791 2624 niue
807 2577 886 2625 uooe
902 2583 908 2624 :
926 2558 1014 2642 quod
1030 2577 1101 2626 oum
1118 2558 1234 2625 (lomes

108 2668 304 2754 Martbynne
330 2664 414 2732 filius
445 2659 573 2733 Mortun
599 2665 640 2732 de
670 2665 767 2732 Alma
798 2672 873 2750 post
903 2666 1025 2734 obitum
1056 2666 1167 2732 fratris
1184 2669 1235 2734 sui

108 2775 269 2864 Stephani
299 2774 495 2842 neeessitate
525 2773 589 2842 sibi
620 2793 685 2840 non
717 2773 845 2841 modios
875 2774 1054 2842 inminente
1073 2776 1237 2859 quandam

108 2883 306 2974 partieulam
321 2887 408 2949 terre
422 2900 479 2950 sue
495 2901 567 2949 oum
591 2887 682 2950 terra
715 2881 835 2949 arabili
852 2889 883 2950 et
913 2902 1044 2950 nemore
1074 2882 1119 2950 ad
1149 2903 1241 2950 sexa·

108 2995 206 3081 ginta
235 2992 349 3078 iugera
379 2989 592 3058 enffieientem
624 2992 657 3056 in
681 2991 843 3058 Comitatu
868 2989 1065 3074 Symigiensi
1098 2993 1239 3059 existen·

107 3109 176 3170 tem
193 3101 242 3168 eis
257 3119 315 3185 pro
332 3117 391 3166 sex
406 3098 524 3166 mareis
539 3097 668 3186 pignori
700 3097 888 3184 obligasset,
920 3097 1032 3181 itaque
1062 3099 1238 3168 seeundum

107 3208 279 3278 arbitrium
310 3205 444 3274 Comitis
475 3206 614 3292 Bolosey
645 3205 703 3293 filij
721 3207 871 3294 Bolosey,
888 3206 1020 3274 Comitis
1036 3208 1162 3275 Roman
1177 3209 1236 3294 filij

110 3315 215 3399 Boeh,
232 3313 345 3382 Jaeobi
362 3312 418 3398 filij
444 3312 550 3400 Mark,
566 3318 599 3381 et
628 3313 790 3402 Nyoholai
814 3315 870 3400 filij
901 3314 1030 3400 Thymo
1062 3314 1238 3400 predietam

107 3423 309 3514 particulam
339 3427 424 3489 terre
454 3423 628 3507 sexaginte
661 3423 822 3510 iugerum,
853 3423 938 3490 siout
969 3443 1010 3490 ex
1042 3423 1239 3510 visupotuit

106 3531 319 3618 considerari,
335 3551 422 3598 nuno
452 3531 668 3600 restituissent
685 3539 716 3598 et
735 3530 951 3600 reddidissent
982 3531 1087 3600 eidem
1119 3531 1238 3601 Gorniti

109 3639 293 3708 Marthinus
309 3645 342 3707 et
357 3637 432 3724 filijs
463 3639 532 3706 suis
548 3639 759 3707 Lanohereoh
786 3646 818 3708 et
833 3639 967 3724 Svngud
987 3639 1172 3726 nominatis,
1189 3663 1236 3710 re-

108 3747 217 3833 eeptis
232 3766 292 3816 sex
309 3747 424 3813 mareis
441 3745 567 3832 argenti
584 3747 625 3814 ah
648 3745 781 3832 eisdem,
800 3747 864 3816 sibi
881 3753 1037 3816 eteorum
1065 3746 1240 3818 heredibus

105 3855 368 3922 irreuooabiliter
398 3855 469 3924 iure
486 3863 642 3943 perpetuo
667 3855 914 3943 possidendum·
928 3877 987 3942 per
1005 3864 1107 3925 metas
1125 3860 1236 3929 taliter

106 3961 377 4047 distinguentes:
403 3963 590 4049 lneipiendo
623 3964 748 4033 soilieet
779 3967 821 4033 ab
852 3985 939 4050 aqua
988 3965 1074 4033 Hoer
1105 3974 1234 4055 uocata,

105 4090 174 4155 qne
191 4105 228 4116 ·-
248 4105 293 4118 -
308 4107 351 4118 -
366 4070 410 4137 ab
427 4089 513 4154 aqua
529 4069 626 4138 Alma
642 4068 784 4138 deonrrit
798 4074 832 4138 in
849 4069 1012 4138 (lumitate
1027 4071 1237 4160 Symigieusi,

105 4197 208 4266 super
224 4195 290 4262 qua
315 4175 445 4262 quidem
476 4197 564 4263 aqna
595 4179 681 4247 Heer
696 4188 814 4250 vooata
829 4179 1028 4262 Ambrosius,
1061 4179 1183 4266 Benud,
1208 4187 1241 4246 et

105 4283 259 4352 llatheus
290 4284 413 4354 hahent
442 4285 627 4352 olausuram
666 4287 843 4356 molendini
889 4288 951 4375 sui,
1001 4287 1109 4370 ibique
1148 4288 1239 4354 iuxta

104 4411 231 4476 aquam
246 4391 333 4460 Heer
348 4399 425 4460 sunt
440 4393 503 4461 due
519 4401 605 4461 mete
620 4400 747 4480 terree3
771 4396 874 4463 tendit
890 4396 981 4462 iuxta
996 4395 1103 4482 ipsam
1122 4413 1239 4478 aquam

103 4501 195 4568 Heer
210 4499 254 4566 ad
271 4505 396 4586 partem
422 4520 551 4589 semper
566 4502 811 4572 meridionalem
827 4503 870 4571 ad
887 4504 969 4572 duas
985 4507 1090 4571 metas
1105 4508 1239 4590 terreas,

100 4609 138 4674 in
172 4625 311 4692 quarum
342 4608 449 4678 altera
478 4616 553 4678 sunt
584 4613 717 4680 arbores
747 4612 961 4699 gemeloben;
995 4611 1114 4680 exinde
1151 4614 1240 4681 uadit

216 4742 322 4780 norum.
336 4741 420 4783 nuno.
434 4745 506 4783 urar.
527 4755 564 4766 -
588 4747 660 4788 arra.
674 4749 742 4788 xxrr.
1092 4723 1128 4791 11
