3112 5154
557 247 718 346 jus-

79 469 135 516 non
150 446 311 515 semidam
327 442 602 526 caritatemgeris
618 443 705 508 circa
738 459 930 526 prosperum
963 448 1084 513 statum
1115 443 1211 512 illius

81 554 231 640 regionis,
258 553 346 620 unde
361 551 520 636 originem
537 547 731 635 produxisti,
763 549 873 616 oculos
891 549 1068 618 direximus
1084 552 1210 620 mentis

80 671 189 730 nostre.
206 658 414 746 Quapropter
429 663 496 723 tarn
512 653 616 723 eidem
631 654 779 724 Ecclesia
794 655 969 745 Ragusine,
986 657 1077 726 cuius
1094 658 1128 724 in
1144 659 1204 726 hoc

82 769 252 837 utilitatem
293 765 476 834 euidenteur
514 761 700 848 specialiter
732 761 942 847 attendimus,
981 784 1079 850 quam
1112 766 1205 850 gregi

84 877 240 945 dominico
257 881 394 961 paterna
418 868 622 938 intendentes
638 869 812 954 diligentia
835 870 1023 960 prouidere,
1055 879 1153 957 teque
1184 895 1206 940 a

84 985 218 1068 viuculo,
250 1000 316 1066 quo
347 979 513 1048 tenebaris
529 976 681 1044 astrictus
698 976 802 1044 eidem
820 976 1031 1053 Tribuniensi
1047 981 1210 1070 Ecclesia,

83 1093 121 1158 de
135 1091 270 1157 fratrum
286 1095 474 1156 nostrorum
492 1084 627 1153 consilio
644 1084 862 1170 susurrantes,
879 1106 918 1154 ac
934 1084 975 1156 de
991 1107 1133 1172 persona
1148 1099 1205 1158 tua

83 1198 183 1266 eidem
198 1197 369 1282 Rugusine
383 1193 530 1262 Ecclesia
546 1191 765 1278 procidentes,
797 1199 829 1259 te
844 1191 888 1259 ad
903 1193 1008 1280 ipsam
1039 1196 1210 1264 transferi·

84 1325 150 1372 mus
168 1306 209 1371 de
225 1302 412 1391 Apostoliee
428 1300 632 1389 plenitudine
648 1300 831 1388 potestatis,
853 1303 1044 1370 transeundi
1059 1304 1102 1372 ad
1117 1324 1207 1392 sepe·

83 1411 416 1496 dietam-Rugusinom
431 1407 611 1476 Ecclesiam
627 1407 687 1474 tibi
703 1406 839 1476 liberam
851 1408 1018 1476 licentiam
1029 1411 1209 1478 conceden-

84 1529 147 1601 teo3
168 1517 281 1586 Palleo
297 1516 460 1602 uidelicet,
485 1515 573 1599 quod
590 1521 639 1584 est
655 1514 785 1598 insigne
800 1515 995 1599 pontificalis
1012 1515 1121 1604 officij,
1146 1519 1208 1586 tibi

82 1625 307 1694 nichilominus
325 1625 511 1708 assignat03
536 1623 628 1690 firma
652 1619 741 1688 ducti
756 1619 888 1708 fiducia,
914 1621 999 1705 quod
1024 1627 1070 1710 tu,
1103 1626 1159 1709 qui
1174 1626 1210 1692 in

83 1735 254 1802 commisso
271 1731 330 1798 tibi
346 1730 561 1817 Episcopatus
576 1728 682 1798 officio
698 1729 854 1796 hactenus
870 1728 1009 1797 fideliter
1025 1737 1057 1798 et
1088 1732 1211 1800 utiliter

82 1840 200 1907 diceris
216 1837 432 1922 ministrasse,
449 1837 490 1904 de
505 1837 629 1904 talento
644 1836 705 1904 tibi
730 1835 851 1902 credito
872 1843 1037 1921 prestante
1069 1838 1208 1908 Domino

83 1947 208 2015 talenta
223 1945 347 2012 referas
364 1943 501 2030 potiora.
540 1945 708 2028 Rogamus
724 1943 836 2027 itaque
852 1941 1090 2014 fraternitatem
1121 1954 1213 2014 tuam

84 2064 115 2122 et
130 2055 298 2122 hortamur
314 2059 439 2122 attente
463 2071 522 2138 per
546 2051 738 2136 Apostolica
768 2051 827 2117 tibi
858 2051 981 2136 scripta
1010 2053 1213 2139 mandantes,

86 2171 245 2246 qnatenus
262 2160 305 2228 ad
320 2157 482 2246 prefatam
497 2159 679 2226 Ecclesiam
709 2157 924 2243 Rugusiuam,
955 2159 1049 2226 cuius
1079 2160 1214 2246 plenam

84 2268 397 2336 administrationem
409 2267 443 2332 iu
459 2266 684 2353 spiritualibus
702 2270 735 2333 et
750 2266 984 2348 temporalibus
1001 2265 1060 2334 tibi
1070 2269 1214 2336 commit·

84 2379 190 2462 timus,
223 2393 295 2440 eum
313 2371 515 2460 plenitudine
530 2379 641 2440 nostre
658 2369 894 2439 benedictionis
925 2371 1102 2460 accedens,
1135 2394 1216 2459 erga

85 2483 173 2550 illius
190 2501 302 2547 curam
319 2489 352 2547 et
368 2483 514 2564 regimen
530 2479 578 2546 sic
594 2487 626 2545 te
643 2477 842 2545 fructuosum
859 2477 978 2547 reddas
989 2487 1020 2546 et
1030 2480 1214 2564 sollicitum,

86 2589 170 2676 quod
187 2599 246 2657 tua
261 2588 351 2656 lama
366 2589 491 2655 clareat
506 2607 565 2674 per
580 2586 743 2672 effectum,
761 2588 843 2654 etin
859 2587 1109 2659 delectationem
1119 2591 1214 2660 nobis

87 2699 206 2786 vemat,
223 2705 256 2765 te
271 2697 409 2784 speciali
423 2695 650 2764 benevolentia
673 2697 836 2780 prosequi,
869 2698 998 2782 tuisque
1027 2699 1112 2767 rotis
1143 2719 1216 2768 con·

88 2805 362 2891 gruumtanorem
386 2803 563 2890 propitium
594 2803 767 2889 impertiri.
806 2805 925 2870 Datum
949 2805 1089 2872 Viterbii
1119 2807 1218 2875 nonis

90 2913 279 2982 Decembris
295 2911 506 2982 Pontificatus
522 2911 623 2978 nostri
639 2930 725 2978 auno
740 2911 855 2996 primo.

197 3095 246 3160 In
271 3093 455 3161 eundern
478 3093 646 3160 modurn
670 3091 886 3178 Capitulo
911 3099 951 3158 ct
984 3092 1116 3161 Glero
1148 3095 1218 3163 Ec·

93 3199 499 3285 olesieRagusine.

199 3346 239 3412 ln
269 3364 413 3430 superna
444 3349 504 3410 etc.
544 3341 666 3430 (verbis
704 3348 923 3428 congruentur
953 3345 1087 3411 mutatis
1119 3366 1224 3430 usque

93 3451 243 3540 potiora.)
267 3453 433 3536 Rogamus
448 3451 560 3534 itaque
576 3450 821 3521 uniuersitatem
837 3457 980 3518 vestram
997 3459 1029 3516 et
1056 3451 1222 3521 hortamur

95 3567 217 3626 attente
233 3579 293 3646 per
307 3559 501 3645 Apostolica
515 3557 610 3626 vobis
626 3559 750 3644 scripta
764 3557 897 3625 firmiter
912 3558 1120 3644 precipiendo
1131 3583 1221 3628 man·

97 3667 222 3754 dantes,
252 3676 416 3752 quatenns
432 3666 554 3734 dictum
570 3665 870 3754 Archiepiscopum,
898 3666 948 3732 cui
975 3667 1105 3752 plenam
1122 3667 1223 3736 admi·

97 3775 319 3843 nistrationem
335 3774 439 3862 ipsius
454 3773 602 3842 Ecclesia
616 3773 784 3858 Ragusiue
800 3773 835 3840 in
851 3771 1076 3859 spiritualibus
1091 3781 1123 3842 et
1145 3781 1224 3842 tem-

98 3882 262 3962 poralibus
278 3871 431 3948 duximus
461 3880 736 3966 committendam,
767 3898 841 3946 cum
873 3878 916 3946 ad
939 3901 998 3948 uos
1029 3882 1226 3968 peruenerit,

102 3985 307 4058 admittentes
323 3989 457 4076 ylariter
473 3997 506 4056 et
521 3989 649 4074 deuote,
666 3987 730 4057 sibi
745 3995 900 4072 tanquam
918 3988 1005 4073 patri
1035 3994 1068 4055 et
1099 3989 1223 4075 pastori

100 4095 276 4165 animarum
291 4103 473 4164 vestrarum
490 4095 686 4183 impendatis
702 4094 922 4162 obedientiam
948 4102 981 4162 et
1010 4099 1226 4162 reverentiam

104 4201 255 4289 debitam,
281 4205 418 4290 eiusque
443 4204 629 4274 salubribus
644 4203 809 4272 mandatis
823 4201 999 4271 efficaciter
1028 4201 1228 4287 intendatis;

102 4310 148 4378 ita
163 4314 336 4400 quodipse
351 4313 470 4382 letetur
484 4313 519 4380 iu
535 4314 628 4382 vobis
660 4311 843 4380 deuotionis
874 4309 1040 4378 inuenisse
1069 4308 1164 4395 filios,
1196 4314 1228 4376 et

102 4421 205 4488 roain
221 4441 259 4490 so
275 4442 336 4510 per
350 4441 553 4507 consequens
569 4429 696 4510 patrem
712 4420 835 4490 habere
867 4419 1059 4488 beneuolum
1084 4415 1230 4502 gaudea-

102 4525 164 4618 tis3
186 4532 330 4619 alioquin
346 4533 542 4604 sonantium
557 4552 656 4618 quarn
671 4533 743 4619 ipse
758 4529 869 4599 tulerit
884 4529 918 4595 in
950 4525 1101 4613 rebelles,
1132 4525 1229 4594 iacie-

1063 4633 1124 4704 12*
