3096 5160
587 287 743 386 -np—

204 485 467 554 Excellentisime
483 483 613 552 dominc
633 505 692 552 sue
709 485 745 549 n.
763 484 825 550 Dei
842 485 955 570 gracia
973 483 1091 552 illustri
1107 485 1232 568 Regino

102 593 262 678 Hungaric
291 593 446 662 Albensis
477 593 623 659 Ecclesie
656 591 845 676 Capitulum
878 592 939 660 stb.
972 591 1183 680 (kovetkezik
1211 611 1232 656 a

103 700 373 770 intestehervsri
388 699 619 786 ktptalannak
631 700 803 784 jelentese,
822 701 903 768 mint
919 701 1016 766 alano
1035 704 1111 767 395.
1127 717 1169 765 sn.
1186 695 1231 786 a.)

205 812 274 877 Nos
304 831 382 878 uero
414 830 472 894 pro
498 807 681 876 huiusmodi
714 815 746 874 et
777 808 853 892 alijs
884 809 1056 876 uirtutibus
1087 807 1231 874 eiusdem

108 917 236 984 Comitis
267 916 438 1002 iohannis,
456 935 538 1000 quas
555 915 744 1000 singillatim
765 915 944 1002 exprimere
960 913 1003 982 ad
1020 935 1151 1002 presens
1167 933 1231 980 non

105 1026 256 1112 ualemus,
273 1025 448 1110 peticiones
463 1024 566 1109 ipsius
592 1024 814 1092 fauorabiliter
846 1022 1017 1090 admittere
1049 1025 1226 1110 cupientes,

105 1132 219 1201 dictam
250 1140 368 1200 terram
402 1131 535 1200 Omerse
552 1139 700 1198 uocatam
724 1151 796 1197 eum
813 1133 881 1200 suis
897 1131 1090 1199 utilitatibus
1108 1140 1140 1198 et
1156 1152 1227 1217 per-

105 1239 246 1324 tinencijs
261 1241 421 1308 uniuersis
441 1239 598 1326 dedimus,
618 1240 810 1308 donauimus
826 1247 858 1306 et
882 1239 1079 1307 contulimus
1112 1241 1234 1326 eidem,

105 1355 131 1414 ct
143 1371 200 1434 per
233 1369 306 1416 eum
321 1351 389 1416 suis
405 1347 580 1416 heredibus
597 1347 814 1434 heredumque
841 1368 970 1414 suorum
988 1349 1227 1416 suecessoribus

106 1463 256 1542 perpetuo
287 1463 319 1525 et
350 1457 609 1524 irreuocabiliter
640 1456 882 1541 possidendam.
928 1456 970 1523 Vt
1001 1458 1102 1542 igitur
1133 1458 1227 1524 huius

105 1571 208 1632 nostre
234 1563 422 1632 donacionis
438 1585 497 1631 scu
513 1564 701 1631 collacionis
722 1563 822 1632 series
840 1565 936 1631 robur
953 1565 1099 1651 optineat
1115 1585 1228 1650 perpe·

106 1677 152 1738 tue
167 1671 342 1756 firmitatis,
359 1691 420 1739 nec
435 1691 586 1756 processu
604 1678 780 1758 temporum
813 1691 869 1756 per
900 1672 1086 1758 quempiam
1116 1675 1229 1740 ualeat

105 1785 131 1842 et
145 1777 260 1847 debeat
277 1780 311 1844 in
328 1779 455 1845 irritum
472 1781 642 1847 retractari
661 1802 669 1842 :
685 1785 850 1866 presentes
867 1781 1084 1849 concessimus
1101 1781 1227 1848 litteras

106 1887 219 1972 duplici
236 1885 323 1975 (tgy)
339 1887 442 1971 sigilli
468 1889 568 1958 nostri
601 1888 778 1956 munimine
809 1890 985 1956 roboratas.
1018 1891 1137 1956 Datum
1172 1909 1228 1972 per

104 2014 211 2061 manus
251 1995 400 2078 Magistri
440 1993 586 2062 Ladizlai
613 1995 773 2080 Propositi
809 1995 977 2063 Vaciensis
1004 1995 1087 2062 Aule
1118 2002 1227 2064 nostre

105 2100 199 2168 tidelis
216 2104 415 2188 Cancellarij
432 2123 519 2170 anco
536 2103 668 2170 Domini
685 2103 855 2170 millesimo
872 2103 1092 2170 ducentesimo
1119 2111 1227 2171 octua-

105 2211 219 2290 gesimo
238 2221 364 2275 octauo.

103 2405 233 2465 (Eredetie
255 2408 439 2472 borhdrtyam
459 2409 621 2460 adid-vdrtis
641 2409 876 2472 selyemzsindrcn
900 2412 986 2477 ltiggo'
1011 2413 1107 2477 penset
1132 2413 1226 2475 slatt;

261 2512 277 2546 a
290 2496 396 2547 sdmslt.
409 2499 530 2564 herozeg
542 2500 716 2562 Eszterhdzy
729 2499 825 2550 csaldd
845 2499 1061 2564 levdltsirriban.)

669 2787 789 2794 --η--ψ--ι

616 3321 691 3390 391.

102 3515 234 3584 Eraedbet
249 3521 472 3606 kil-dipodnait
488 3523 663 3609 nizspcilatc'
676 3546 842 3609 por-utronea
853 3546 1046 3609 cppuouaoc
1061 3521 1221 3610 tcirpyban

312 3654 333 3694 o
347 3629 622 3716 aze'lcesfelterva'ri
638 3631 864 3718 irdptaiochor.
891 3633 990 3696 1288.

191 3823 227 3889 ll.
258 3824 320 3890 Dei
352 3825 465 3910 gracia
495 3826 620 3910 Regina
653 3827 793 3910 Vngarie
808 3827 958 3896 fidelibus
975 3829 1042 3895 suis
1061 3827 1217 3913 capitulo

97 3926 229 4000 Ecclesie
244 3933 396 4001 Albensis
412 3937 550 4002 salutem
567 3944 599 4003 et
617 3939 770 4021 graciam.
792 3939 869 4004 Cum
896 3937 1009 4004 Comes
1042 3936 1215 4003 lohannes

96 4033 169 4104 tilius
198 4038 287 4124 Sydo
319 4047 438 4106 terrain
470 4040 604 4110 Omerse
621 4044 814 4128 Reginalcm
831 4051 864 4113 in
881 4044 1041 4111 Comitatu
1063 4042 1219 4109 Tolnensi

96 4141 280 4231 existentem,
294 4147 327 4213 in
345 4169 409 4231 qua
426 4148 637 4236 Carachynus
654 4154 694 4217 de
711 4154 840 4238 populis
858 4153 1135 4220 conditionalium
1167 4171 1220 4215 no·

96 4254 218 4317 strorum
251 4255 442 4321 commorari
477 4257 602 4344 dicitur,
635 4260 911 4344 pecieritanobis
936 4261 998 4328 sibi
1015 4259 1095 4344 dari,
1115 4263 1146 4324 et
1179 4258 1219 4324 de
1273 4331 1276 4338 ¹

95 4357 236 4437 qualitate
252 4370 284 4428 et
301 4364 484 4448 quantitate
510 4365 657 4432 eiusdem
689 4369 784 4434 nobis
818 4373 938 4436 ueritas
974 4391 1036 4434 non
1068 4369 1220 4453 eorrstet3

94 4461 231 4536 fidelitati
272 4478 382 4538 vestre
414 4474 547 4540 firmiter
580 4477 785 4562 precipiendo
821 4478 1022 4563 nrrtndcmus,
1058 4483 1218 4560 ‘lucterius

94 4558 339 4647 detishominern
363 4588 505 4648 uestrum
530 4569 658 4650 fidelcrri
689 4605 747 4672 pro
780 4587 975 4673 testimonio,
1011 4606 1117 4652 coram
1154 4617 1218 4684 quo
