3096 5160
537 297 696 394 AE..

70 491 138 560 filius
152 509 238 570 suus,
256 490 384 558 Marone
401 490 485 558 filios
501 493 600 574 Kese,
629 491 746 558 Bankh
764 497 796 557 et
826 491 948 559 Mareel
979 491 1035 577 filij
1067 493 1178 562 Pauor

67 600 98 666 de
110 597 236 682 Houugd
262 605 447 666 castrenses
469 597 576 666 Oastri
592 597 821 686 prenominati,
839 619 903 683 qua
918 599 1023 684 ipsam
1040 601 1178 686 empoiu·

66 705 380 776 remeunseneientes
406 708 528 794 pariter
545 715 578 774 et
610 709 767 776 uolentes.
800 705 898 774 Cuius
931 707 1061 791 quidem
1092 715 1178 776 terre

64 823 131 882 nete
159 817 218 884 hoe
249 817 364 883 ordine
395 817 617 903 distinguntur
643 845 651 886 :
682 819 801 907 Incipit
833 821 937 906 prima
969 829 1058 889 meta
1088 821 1177 890 eirea

65 923 202 992 fossatum
246 925 433 992 andukaid
473 935 634 1016 uocatum,
666 930 722 995 ubi
757 937 832 996 sunt
863 930 926 995 due
957 937 1042 997 mete
1074 937 1176 997 terree

63 1033 172 1099 omnino
191 1056 212 1102 a
230 1023 363 1104 sinistra
394 1049 488 1122 parte
520 1037 612 1104 terris
629 1035 819 1124 aeeidente;
844 1045 876 1104 et
892 1037 997 1105 eundo
1013 1039 1175 1124 peruiam

63 1141 179 1209 lieetitur
200 1143 244 1208 ad
275 1150 402 1226 partem
433 1143 623 1231 Nadoyeha,
655 1147 711 1210 nbi
742 1152 817 1212 eunt
848 1145 909 1213 due
941 1152 1026 1212 mete
1059 1153 1173 1230 terrae,

63 1267 177 1328 quarum
209 1271 275 1316 rna
306 1257 422 1339 terrea,
454 1252 605 1319 etaltera
636 1256 696 1320 sub
713 1256 831 1320 arbore
856 1251 997 1336 megella
1013 1260 1062 1321 est
1079 1272 1173 1320 aruee

62 1355 192 1442 signata;
219 1356 296 1426 inde
312 1377 370 1445 per
386 1358 524 1426 eandem
541 1360 628 1426 uiam
645 1379 727 1444 yens
741 1359 882 1427 fleotitur
899 1367 932 1426 et
956 1361 1104 1446 peruenit
1134 1359 1175 1426 ad

62 1467 117 1528 tres
131 1473 232 1533 melas
248 1467 434 1554 angulares,
452 1485 588 1550 quarum
603 1488 671 1533 una
687 1475 818 1552 separat
834 1475 948 1534 terram
967 1467 1176 1550 iobu'gionum

62 1567 151 1638 (lustri
167 1572 206 1642 de
218 1573 377 1640 Wersend
393 1596 413 1640 a
430 1581 516 1642 terra
528 1574 736 1658 iobagionum
753 1581 785 1642 at
801 1575 1013 1642 castrensium
1030 1595 1069 1643 aa
1085 1576 1176 1641 nobi-

63 1677 127 1743 lium
142 1681 180 1748 da
196 1681 352 1766 Hozngd;
371 1681 447 1749 inde
464 1702 576 1750 uersam
587 1681 770 1768 aquilonem
785 1683 938 1768 peruenit
953 1683 996 1750 ad
1013 1685 1175 1767 quoddam

64 1790 289 1874 campuscuium
307 1789 351 1855 ad
367 1798 511 1856 ueterem
530 1793 691 1876 semitam,
708 1795 739 1856 et
749 1791 895 1875 peruenit
912 1789 954 1856 ad
971 1791 1053 1858 duas
1071 1799 1174 1858 melas

60 1903 177 1985 terreus,
209 1899 266 1965 ubi
282 1899 398 1964 transit
414 1920 568 1983 maguam
582 1901 679 1984 viam,
697 1899 894 1986 et‘peruenit
913 1900 955 1965 ad
973 1907 1040 1966 tres
1066 1907 1169 1966 metas

61 2001 105 2064 nli
119 2009 204 2071 terra
221 2005 430 2090 iobagionum
449 2007 555 2073 Casiri
572 2015 603 2073 et
622 2007 757 2073 aliorum
778 2006 818 2073 de
850 2007 984 2090 Hozugd
1016 2007 1172 2076 nobilium

58 2105 90 2172 de
119 2112 229 2180 eadem
247 2135 268 2180 a
284 2122 371 2180 terra
388 2113 604 2198 predictorum
629 2118 808 2200 separatur,
825 2121 856 2179 et
873 2116 962 2180 uenit
979 2115 1021 2180 ad
1038 2116 1173 2200 priores,

59 2213 154 2299 ibique
169 2221 370 2287 terminatur.
385 2222 505 2286 Datum
522 2241 608 2286 anno
626 2220 757 2287 Domini
768 2216 1029 2288 M⁰CO⁰LXXX⁰
1045 2229 1171 2288 ootauo.

56 2413 87 2471 (Δ
103 2415 264 2478 ptmvaradi
284 2419 463 2470 konnentnek
484 2419 594 2469 tuot-lai
622 2419 795 2488 dtiratdb613
827 2435 844 2470 a
871 2420 947 2470 meli.
978 2421 1047 2472 bird
1077 2419 1172 2486 Revay

449 2509 542 2560 osalad
559 2507 774 2572 lavdltardban.)

475 2797 741 2810 Ἥ

572 3332 646 3400 397,

42 3525 240 3597 Azalava'rl
264 3533 457 3596 koraoeataelo
488 3533 765 3617 dizoayaeipieoeie,
798 3535 880 3618 lroqy
912 3531 1028 3597 Buaud
1059 3545 1168 3598 mester

43 3633 200 3702 (liturueh
234 3637 368 3724 sdldje'a
407 3639 475 3704 teau
522 3640 666 3704 tir-totus
714 3641 822 3705 eladio
873 3639 961 3726 Oquz
1007 3639 1168 3704 coenasset.

495 3749 591 3814 1288.
608 3747 711 3810 torel.

141 3942 215 4008 Nos
246 3939 346 4007 frater
376 3940 522 4007 Andreas
554 3941 665 4006 Abbas
697 3947 728 4006 et
759 3941 946 4007 Conuentus
978 3939 1164 4022 Monasterij

35 4045 144 4114 Sauoti
161 4047 302 4113 Adriani
333 4049 374 4114 de
398 4049 481 4115 Zala
499 4047 651 4115 memorie
676 4047 957 4130 commendamus3
982 4045 1068 4129 quod
1099 4045 1167 4109 Ma·

33 4151 132 4234 gister
159 4155 276 4222 Buzad
293 4157 378 4223 lilius
395 4157 487 4224 chal<
503 4160 586 4225 Boni
606 4161 648 4225 ab
665 4177 731 4224 una
748 4163 849 4242 parte,
880 4162 912 4221 et
927 4155 1042 4222 Comes
1058 4153 1166 4220 Oohuz

33 4261 72 4324 ab
88 4262 201 4330 altera
218 4285 326 4330 eoram
344 4265 436 4331 nobis
453 4267 668 4348 personaliter
683 4265 858 4350 constituti,
892 4263 977 4328 idem
1009 4262 1166 4346 Magister

31 4367 141 4436 Buzad
177 4379 319 4456 quatuor
350 4372 446 4438 villas
477 4392 555 4441 suas
587 4375 621 4440 in
639 4371 793 4438 Oltarueh
825 4373 1013 4454 existentes,
1046 4389 1166 4454 quasa

30 4478 191 4562 llagistro
218 4478 424 4547 Barlolomeo
455 4481 522 4548 lilio
554 4480 727 4562 Jaeobi,et
757 4479 894 4547 Nieolao
925 4477 990 4544 lilio
1021 4477 1166 4544 eiusdem

29 4591 137 4668 presio
175 4597 213 4655 et
245 4592 378 4656 rasione
410 4589 589 4674 eoneambij
612 4594 866 4674 comparauerat,
886 4583 1165 4653 videlieetvillam
