3112 5154
780 302 939 402 „li-L

294 497 337 565 ad
353 500 435 565 duas
451 503 553 566 metas
570 505 704 580 terreas,
721 498 753 562 in
771 517 907 583 quarum
923 501 1029 566 altera
1044 505 1094 566 est
1109 501 1204 567 arbor
1220 501 1424 586 virgultina;

296 608 412 674 exhinc
429 608 543 672 iterum
562 603 606 672 ad
623 605 705 671 duas
720 613 824 674 metas
857 615 990 693 terreas,
1006 607 1041 670 in
1071 625 1208 689 quarum
1240 611 1347 678 altera
1377 619 1428 678 est

295 718 391 781 arbor
406 715 495 798 tilie;
520 712 636 780 exhinc
653 713 767 779 iterum
785 712 828 779 ad
845 713 927 780 duas
943 721 1046 782 metas
1072 721 1206 795 terreas,
1221 716 1256 784 in
1289 739 1427 800 quarum

293 823 400 890 altera
416 828 465 888 ost
481 821 577 888 arbor
595 821 701 906 pirus;
725 821 846 887 deinde
862 841 920 906 per
951 842 1064 889 nemus
1096 824 1302 906 procedendo
1335 825 1428 892 uadit

259 969 264 980 ι
295 931 435 998 adduas
467 937 570 994 metas
601 933 735 1013 terreas,
767 927 934 1013 inquibus
965 936 1040 997 sunt
1055 930 1187 999 arbores
1213 931 1286 999 ihor
1303 941 1337 1000 et
1353 953 1426 1016 ger-

295 1037 417 1123 thyan;
441 1035 559 1103 exhinc
575 1034 665 1102 uadit
680 1033 724 1100 ad
740 1034 821 1102 duos
837 1041 940 1105 metas
956 1042 1090 1122 terreas,
1108 1037 1142 1104 in
1159 1058 1297 1122 quarum
1318 1043 1426 1112 altera

195 1221 204 1227 ,
295 1151 345 1212 est
360 1146 458 1210 arbor
473 1143 567 1228 ulmi;
591 1142 711 1210 abhinc
727 1141 817 1210 uadit
833 1143 876 1210 ad
892 1144 975 1213 duas
991 1151 1095 1215 metas
1126 1152 1261 1237 terreas,
1280 1151 1315 1215 iu
1347 1171 1426 1236 qua-

295 1275 365 1321 rum
384 1272 450 1319 una
467 1260 516 1320 est
531 1252 627 1320 arbor
646 1251 815 1338 gerthyan,
833 1265 866 1320 et
882 1252 916 1318 iu
931 1254 1036 1320 altera
1052 1261 1101 1321 est
1132 1256 1227 1322 arbor
1257 1277 1428 1344 monoray,

295 1361 348 1428 vbi
365 1361 524 1444 contingit
540 1368 657 1427 terram
673 1358 770 1446 lond,
786 1365 818 1426 et
827 1360 874 1426 ibi
894 1361 1092 1428 terminatur.
1110 1363 1225 1446 Itaque
1241 1366 1428 1450 prescripta

296 1487 407 1536 omnes
425 1475 510 1535 mete
526 1470 617 1536 iuxta
643 1467 823 1552 predictam
854 1488 972 1551 aquarn
1003 1469 1090 1536 Heer
1122 1477 1272 1537 vocatam
1306 1473 1429 1556 ubique

296 1585 372 1645 suut
404 1585 520 1663 erecto,
537 1581 569 1641 et
584 1575 656 1661 ipsa
681 1593 768 1658 aqua
784 1573 880 1659 Heer,
899 1582 931 1641 et
946 1574 1081 1642 heodem
1099 1583 1182 1644 meto
1198 1577 1376 1646 decurrunt
1393 1579 1429 1644 in

298 1683 459 1750 Oomitatn
482 1681 690 1770 Symigiensi‚
708 1689 740 1746 et
771 1689 925 1767 separant
957 1683 999 1749 ad
1033 1691 1157 1768 partem
1188 1686 1428 1755 occidentalem

298 1789 412 1860 Oomiti
444 1792 583 1858 Martino
615 1798 646 1856 et
663 1788 737 1872 filijs
768 1789 835 1854 suis
867 1787 1021 1874 predictis
1052 1792 1273 1876 supradictam
1307 1803 1428 1862 terram

297 1900 469 1988 sexaginta
484 1899 631 1982 iugerum
646 1898 680 1963 in
696 1903 853 1982 perpetuo
870 1897 1004 1982 pacifice
1021 1899 1250 1983 possidendam
1264 1925 1271 1984 ;
1300 1923 1318 1967 e
1350 1924 1421 1970 eon·

296 2018 347 2075 tra
364 2007 497 2073 heodem
530 2011 613 2071 mete
641 2001 683 2068 ad
700 2009 823 2088 partem
855 2003 1043 2071 orientalem
1064 2013 1218 2091 separant
1233 2007 1307 2074 siue
1322 2011 1426 2076 inelu-

299 2116 379 2181 dunt
394 2115 498 2198 ipsam
515 2131 633 2194 aquam
650 2111 737 2176 Heer
752 2119 902 2178 uocatam
919 2131 990 2178 eum
1007 2113 1109 2197 pratis
1127 2119 1159 2180 et
1175 2113 1267 2180 siluis
1289 2115 1430 2184 existen·

300 2223 386 2288 tibus
417 2221 500 2287 inter
517 2221 621 2304 ipsam
648 2238 767 2302 aquam
784 2219 854 2285 Her
873 2225 1023 2286 uocatam
1040 2227 1072 2286 et
1086 2221 1172 2287 inter
1186 2241 1306 2304 aquam
1323 2224 1429 2290 Alma.

300 2329 371 2406 Qua
386 2326 515 2412 quidem
532 2325 650 2410 omnia,
667 2325 790 2392 scilieet
806 2330 881 2410 ipsa
897 2345 982 2408 aqua
1014 2327 1099 2394 Heer
1127 2335 1253 2413 uocata,
1269 2337 1302 2396 et
1336 2339 1433 2415 prata

298 2443 330 2502 et
347 2434 429 2501 silue
460 2432 578 2500 cedunt
596 2439 627 2498 et
644 2439 813 2499 remanent
839 2433 1019 2520 Ambrosio,
1040 2433 1166 2521 Germe,
1185 2435 1344 2524 Absolon,
1362 2439 1432 2505 hlo-

300 2565 369 2630 sou,
386 2543 481 2626 Pons,
500 2539 625 2626 Benud,
640 2539 794 2624 Gyliano,
811 2541 951 2625 Matheo,
969 2561 1008 2606 ac
1019 2543 1135 2608 cebris
1153 2546 1432 2624 generationibus

302 2649 474 2718 eorundem
505 2649 547 2716 de
575 2647 665 2716 Uilla
685 2647 833 2716 Omnium
850 2648 1038 2716 Sanctorum
1056 2649 1188 2734 pacifice
1206 2650 1409 2736 possidenda
1424 2679 1433 2734 ς

300 2759 443 2842 dictique
460 2757 573 2824 Comes
589 2755 750 2822 Martinus
768 2761 799 2822 et
814 2755 872 2840 filij
891 2759 940 2824 soi
967 2757 1186 2842 prenominati
1218 2759 1320 2825 nichil
1351 2760 1434 2826 iuris

300 2867 430 2954 penitus
462 2865 582 2932 habent
611 2863 645 2928 in
663 2863 796 2930 eisdem.
829 2864 982 2932 Preterea
1002 2863 1089 2930 idem
1107 2861 1220 2931 Comes
1238 2866 1433 2954 Martbyuus

301 2997 372 3045 eum
389 2974 468 3058 filijs
483 2973 552 3040 suis
568 2970 801 3058 prenominatis
818 2971 860 3038 ab
888 2991 953 3038 una
984 2979 1099 3056 parte;
1124 2972 1323 3058 Ambrosius,
1354 2975 1433 3042 Oea·

299 3103 381 3167 mas,
397 3081 550 3156 Absolon,
567 3080 691 3165 blesen,
708 3078 806 3164 Pous,
825 3081 965 3165 predicti
981 3081 1106 3149 nobiles
1116 3081 1157 3149 tle
1167 3081 1257 3147 Uilla
1276 3079 1432 3148 Omnium

301 3193 498 3271 Sanctorum,
514 3197 572 3272 pro
590 3208 635 3270 se,
652 3193 683 3252 et
699 3206 758 3272 pro
775 3185 899 3272 Benud,
917 3185 1067 3272 Oyliano,
1087 3187 1227 3275 Matheo,
1244 3191 1276 3255 et
1292 3208 1352 3272 pro
1380 3209 1432 3256 ce·

302 3299 385 3366 teris
412 3295 680 3381 generationibus
712 3293 780 3361 suis
812 3295 853 3360 de
879 3293 967 3362 Uilla
998 3292 1147 3362 Omnium
1179 3296 1372 3362 Sanctorum
1390 3300 1434 3364 ab

301 3406 405 3472 altera
421 3403 455 3468 in
471 3403 711 3487 presenciarum
728 3407 875 3470 astantes
891 3410 995 3468 terras
1028 3421 1114 3488 suas,
1146 3421 1228 3484 quas
1260 3401 1383 3470 hahent
1398 3405 1431 3470 in

302 3511 462 3578 comitatu
485 3509 683 3595 Symigiensi
699 3545 742 3556 -
756 3545 793 3557 -
808 3546 851 3557 -
870 3547 908 3555 —
932 3510 1113 3596 existentes,
1129 3506 1326 3577 dixeruntse
1336 3532 1432 3598 prop·

302 3627 352 3687 ter
368 3620 486 3686 bouum
513 3619 605 3704 pacis
637 3617 746 3684 taliter
763 3619 805 3684 ab
837 3618 978 3685 inuicem
1010 3615 1197 3684 distinxisse
1214 3640 1222 3681 z
1239 3617 1431 3704 Incipiendo

302 3727 424 3795 scilieet
454 3726 495 3791 ab
512 3745 597 3808 aqua
622 3725 764 3808 quadam
780 3725 867 3790 Heer
883 3730 1011 3812 uocato,
1028 3744 1091 3808 que
1107 3723 1246 3790 decurrit
1262 3723 1295 3791 in
1313 3746 1431 3812 squam

303 3836 407 3920 Alma,
425 3833 465 3899 de
481 3831 608 3900 duabus
625 3835 719 3900 metis
735 3833 861 3918 terreis,
878 3832 913 3899 in
931 3852 1068 3917 quarum
1084 3852 1149 3898 una
1165 3839 1215 3899 est
1230 3835 1328 3900 arbor
1354 3835 1435 3917 tilis,

301 3945 337 4010 in
352 3945 456 4010 altera
488 3963 565 4010 vero
598 3949 647 4010 est
661 3943 757 4010 arbor
788 3943 878 4027 ulmi,
905 3941 1009 4009 tondit
1036 3940 1079 4008 ad
1096 3947 1222 4026 partem
1237 3942 1434 4008 orientalem

303 4052 443 4119 adduas
461 4057 564 4117 metas
580 4056 719 4132 terreas,
737 4050 856 4116 abhinc
872 4051 988 4117 iterum
1009 4049 1052 4114 ad
1069 4048 1150 4115 duas
1167 4054 1268 4115 metas
1288 4055 1433 4132 terreas;

302 4160 422 4225 deindo
453 4157 582 4225 diuertit
606 4179 664 4244 por
679 4161 766 4224 uiam
784 4157 826 4223 ad
843 4163 968 4243 partem
994 4155 1155 4241 aquilonis
1172 4155 1313 4222 adduas
1329 4164 1438 4224 metas

301 4275 428 4334 terreas
459 4269 649 4350 angulares;
675 4265 793 4334 deinde
824 4266 867 4330 ad
898 4271 1024 4351 partem
1056 4263 1245 4332 orientalem
1271 4262 1316 4329 ad
1349 4263 1439 4332 duas

303 4381 406 4442 metas
438 4381 571 4461 terreas,
605 4377 639 4441 in
656 4395 793 4458 utrarum
825 4373 931 4440 altera
961 4379 1012 4441 est
1042 4371 1140 4438 arbor
1160 4371 1287 4457 salicis;
1314 4371 1442 4441 exinde

303 4483 396 4550 uadit
411 4483 525 4551 iterum
542 4483 585 4547 ad
602 4483 684 4550 duas
700 4488 804 4549 metas
820 4488 961 4564 terreas3
986 4479 1108 4550 abinde
1126 4477 1229 4546 tendit
1254 4481 1370 4546 iterum
1387 4481 1442 4548 ad

304 4589 385 4656 duos
402 4597 504 4656 metas
523 4597 665 4674 terreas;
690 4591 804 4657 exhinc
821 4587 966 4674 procedit
981 4586 1024 4654 ad
1040 4593 1165 4673 partem
1186 4587 1444 4672 septemtriona-
