3068 5150
546 357 705 459 „me-

70 555 233 624 cuiuslibet
259 553 436 622 dubietatis
460 573 518 620 seu
547 552 776 620 mutabilitatis
807 549 849 617 de
881 549 987 618 medio
1018 555 1191 638 scrupulus

68 663 236 747 anferatur,
279 679 391 728 omnes
433 661 642 746 donaciones,
683 659 890 744 collacioncs,
932 659 1188 745 quibuscumque

67 769 255 856 temporibus
270 769 453 838 Batonibus
470 789 528 836 seu
544 769 648 855 Regni
665 767 768 835 nocui
790 767 954 835 nobilibus
987 767 1191 852 quibuscum·

66 899 118 962 que
148 897 208 964 per
227 878 503 964 importunitatem
529 877 712 963 petencium
732 896 792 964 per
809 895 868 944 nos
883 875 999 965 laetas,
1015 885 1048 943 et
1063 875 1187 962 literas,

66 985 234 1072 privilegia
258 987 312 1052 vel
343 987 544 1052 munimenta
574 1005 765 1069 quocunque
795 984 928 1069 ingenio
960 985 1013 1050 vel
1044 992 1192 1070 tempore

67 1093 247 1178 impetratas
263 1095 316 1161 vel
346 1113 530 1178 concessas,
561 1111 761 1177 revocamus,
794 1091 968 1179 irritamus,
988 1092 1189 1160 annillamus

68 1209 92 1266 et
106 1202 356 1290 pronunciamus
372 1201 494 1270 nullius
511 1199 579 1267 fore
596 1201 740 1268 efficaeie
756 1203 806 1267 vel
823 1201 986 1284 momenti,
1002 1208 1035 1266 et
1066 1199 1188 1266 eisdem

69 1311 107 1375 uti
139 1310 283 1378 volentes
315 1317 481 1394 tamquam
513 1308 664 1376 falsarios
696 1317 728 1376 et
744 1308 940 1395 callumpnie
956 1310 1040 1375 vicio
1057 1313 1186 1374 notatos

68 1417 263 1487 decemimus
278 1417 576 1506 condempnandos,
594 1423 626 1484 et
640 1419 747 1503 ipsum
764 1415 960 1485 bonitatum
979 1437 1051 1483 cum
1083 1435 1188 1483 exem·

69 1525 239 1612 pcionibns,
269 1525 475 1594 libertatibus
505 1533 537 1593 et
552 1525 819 1616 immunitatibus,
837 1525 1018 1596 redditibus
1035 1531 1067 1590 et
1082 1523 1184 1590 condi·
1239 1585 1244 1596 .

68 1635 203 1702 cionibus
219 1635 458 1722 suprascriptis,
476 1643 512 1700 nt
528 1654 569 1701 ex
585 1655 673 1701 nune
689 1641 722 1700 et
748 1634 789 1700 de
819 1653 904 1700 novo
936 1636 969 1700 in
1000 1641 1189 1719 perpetuam

68 1743 267 1810 elemosinam
300 1743 508 1825 conferimus,
540 1743 747 1811 concedimus
780 1750 813 1809 et
843 1743 1004 1809 donamus
1036 1739 1183 1827 predicto

69 1849 239 1920 venerabili
268 1851 355 1938 patri
384 1849 565 1938 Thymoteo
598 1850 759 1936 Episcopo
800 1849 1014 1934 Zagrsbiensi
1056 1857 1188 1935 propter

70 1958 248 2026 fidelitatem
265 1967 298 2026 et
311 1959 415 2043 ipsius
425 1965 520 2043 grata
531 1959 687 2043 obsequia
698 1958 792 2025 nobis
809 1957 953 2025 exhibita
969 1945 1134 2024 indefesse
1149 1976 1189 2022 ac

70 2086 120 2132 sne
135 2067 248 2134 merita
262 2065 441 2152 probitatis,
458 2075 491 2134 et
506 2086 567 2152 per
583 2085 654 2133 eum
672 2065 739 2132 suis
766 2063 1009 2132 successoribus
1026 2084 1066 2132 ac
1093 2064 1190 2150 Epis-

71 2175 188 2258 copatui
213 2173 425 2259 Zagrabicnsi
457 2177 529 2241 inre
559 2174 713 2260 perhenni
745 2173 941 2261 habendum,
959 2175 1135 2241 tenendum
1154 2180 1188 2239 et

70 2281 333 2366 inrefragabiliter
348 2281 591 2369 possidendum.
605 2282 644 2348 In
660 2281 751 2348 cuius
769 2281 815 2347 rei
832 2281 1020 2347 memoriam
1037 2289 1186 2366 perpetu·

71 2409 176 2474 amque
205 2391 390 2458 firmitatcm
421 2398 519 2472 atque
549 2392 646 2458 robur
677 2396 843 2475 presentes
875 2390 919 2454 ad
945 2389 1140 2458 instanciam
1157 2395 1189 2454 et

71 2497 178 2566 iustam
195 2499 387 2584 peticionem
407 2497 555 2585 superius
572 2497 740 2563 memorati
756 2497 878 2564 domiui
893 2495 1064 2582 Thymotei
1096 2495 1186 2582 Epis·

72 2606 134 2690 copi
149 2607 365 2674 concessimus
392 2605 502 2673 literas
519 2605 658 2690 duplicis
675 2606 777 2690 sigilli
793 2606 895 2673 nostri
912 2605 1112 2691 appensione
1127 2623 1186 2672 seu

72 2715 237 2782 mmimine
253 2717 436 2782 roboratas.
470 2715 591 2783 Datum
623 2735 679 2800 per
711 2735 825 2782 manus
856 2713 1051 2782 venerabilis
1082 2711 1187 2798 patris

71 2819 183 2892 'l'home
213 2826 274 2891 Dei
306 2823 419 2908 gracia
450 2823 603 2908 Episcopi
619 2821 813 2910 Waciensis,
830 2823 914 2890 Aule
931 2828 1037 2888 nostre
1053 2819 1186 2887 (lancel-

72 2928 145 3012 larii,
159 2931 270 2998 dilecti
288 2938 320 2999 et
335 2929 439 2997 fidelis
456 2929 565 3012 nostri,
581 2952 666 2997 anno
692 2929 823 2997 Domini
840 2929 934 2996 ude.
966 2929 1185 3013 octuagesimo

72 3044 184 3125 quarto,
199 3039 273 3106 llll.
289 3039 364 3106 idus
380 3037 478 3122 Junii,
493 3039 599 3122 Regni
615 3039 717 3106 nostri
732 3059 817 3105 anuo
835 3037 1032 3106 duodecimo.

73 3233 218 3301 (Tkslcsics,
237 3239 423 3289 monumenta
440 3237 507 3290 nise.
525 3237 712 3303 Episcopatus
731 3237 927 3303 Zagrsbiensia
937 3239 960 3287 1.
969 3236 1029 3288 ket.
1043 3239 1103 3285 215.
1114 3235 1183 3300 lep.)
