3148 5164
609 406 617 410 .
636 317 766 412 ,it-⁹„

121 515 254 584 disereti
271 513 331 581 viri
348 511 498 595 Magistri
516 509 666 577 Ladiulai
680 509 826 576 Leetoris
846 505 990 573 Euelssie
1019 511 1131 572 nostre
1162 525 1251 572 auno

121 622 254 690 Domini
271 620 391 687 1510οΟο
407 619 619 701 nonagesimo
650 623 754 683 sexto.
786 613 942 700 Magistro
974 613 1074 680 Paulo
1107 612 1249 680 Castore

120 731 278 815 Magistro
310 726 468 812 Gregorio
485 725 638 810 Custode,
664 725 831 810 Stephano
848 725 1000 806 Decano;
1025 721 1174 808 Nieolao,
1191 721 1257 786 An·

127 838 206 904 drea
239 843 271 903 et
303 837 398 902 Petro
431 833 671 914 sacerdotibus;
695 832 830 917 Thoma,
861 829 986 898 Jaeobo
1017 839 1049 896 et
1080 828 1255 898 Benedieto

124 943 303 1028 Magistris,
320 939 500 1023 ueterisque
519 937 695 1006 Oauenieis
713 937 935 1004 existentibus.

129 1143 193 1202 (111.
214 1141 308 1192 Endre
321 1139 473 1203 kirtlynatr
496 1136 665 1202 megerdsitd
688 1134 941 1202 privilegiumdbbl,
965 1132 1038 1183 mint
1064 1132 1178 1182 fentebb
1209 1135 1277 1178 deba

600 1225 677 1277 seem
696 1227 788 1288 alate.)

133 2243 181 2310 Az
196 2247 269 2330 apri
284 2241 514 2330 kdpfalunnoir
539 2237 812 2324 bizoapso'qleoele,
839 2237 921 2323 bopy
946 2236 1058 2323 delphi
1088 2219 1265 2306 Addmnolc

133 2347 267 2438 dioepye
284 2351 404 2415 luithere
448 2350 480 2412 da
501 2345 761 2433 jepyajdade'lrai
805 2346 1014 2410 tektntetdbeu
1038 2347 1264 2433 tieteqtrtererr.

645 2453 742 2516 1296.

244 2649 403 2716 Omnibus
429 2648 548 2716 Christi
566 2647 715 2713 fidelibus
733 2653 798 2712 tam
816 2647 1020 2732 presentibus
1037 2669 1133 2732 quam
1150 2651 1267 2720 futuris

136 2777 271 2845 presens
287 2757 441 2842 seriptum
473 2753 687 2840 inspecturis}
705 2753 890 2838 Capitulum
919 2755 1067 2821 Eeelesie
1097 2757 1269 2840 Agriensis

136 2869 273 2933 salutem
303 2863 338 2930 iu
371 2861 512 2930 omnium
550 2862 724 2928 saluatore.
758 2859 807 2924 Ad
825 2860 1071 2944 puniuersorum
1113 2865 1264 2931 notieiam

138 2983 250 3042 tenore
266 2971 470 3058 presencium
486 2967 635 3035 volumus
659 2966 838 3052 peruenire,
871 2969 955 3050 quod
989 2967 1120 3036 domina
1150 2973 1267 3040 retieta

136 3081 242 3146 Adam
274 3078 315 3144 de
346 3077 463 3163 Gelyb,
481 3076 553 3141 filia
569 3074 656 3140 Petri
674 3073 713 3139 de
735 3075 875 3140 Kazmer
890 3075 934 3140 ad
949 3081 1092 3141 nostram
1109 3078 1266 3148 secedens

136 3185 339 3273 presenciam
355 3183 525 3270 proposuit
542 3182 619 3250 uiua
640 3201 718 3248 voee
735 3208 741 3246 :
760 3181 845 3263 quod
862 3181 996 3247 terciam
1028 3188 1151 3267 partem
1184 3192 1267 3254 terre

136 3295 290 3362 videlieet
321 3290 483 3376 porcionis
514 3289 619 3375 ipsius
653 3288 759 3354 Adam
792 3287 900 3355 mariti
926 3289 985 3376 sui,
1008 3311 1105 3374 quarn
1121 3292 1267 3361 habetin

136 3406 313 3488 ipsaterra
334 3399 451 3484 Gelyb,
485 3419 543 3482 pro
580 3398 653 3464 dote
685 3404 717 3463 et
749 3398 844 3464 rebus
878 3398 1169 3483 paraphemaiibus
1201 3405 1268 3470 suis

137 3529 179 3576 ae
195 3529 254 3594 pro
279 3513 399 3591 quarta
413 3506 552 3572 filiarum
575 3525 716 3588 suarum,
734 3505 898 3571 mediante
914 3513 1023 3573 nostro
1040 3509 1210 3593 priuilegio
1227 3510 1269 3576 ad

137 3618 245 3702 ipsum
260 3615 423 3698 deuolute,
441 3631 511 3679 oum
531 3613 693 3680 uniuersis
710 3611 906 3680 utilitatibus
923 3619 954 3678 et
963 3615 1174 3704 pertineneijs
1191 3620 1271 3706 suis,

137 3729 172 3789 et
187 3719 377 3807 specialiter
392 3739 463 3786 eum
482 3717 685 3786 dimidietate
711 3717 804 3784 vinee
822 3738 889 3805 sue,
907 3727 939 3786 et
955 3722 1125 3789 medietate
1149 3727 1271 3807 pomeri

143 3829 205 3912 sui,
220 3827 316 3894 simul
332 3845 404 3892 oum
421 3826 584 3893 uniuersis
604 3825 741 3910 edifieijs
758 3826 924 3894 donorum
959 3849 1086 3894 suarum
1118 3829 1273 3920 dedisset,

140 3937 298 4002 donasset
329 3940 362 3999 et
378 3935 569 4000 contulisset
601 3931 728 3998 domine
758 3932 825 3999 filie
844 3953 902 4000 sue
933 3935 1024 4001 uxori
1042 3937 1195 4022 Dyonisij
1212 3938 1271 4025 filij

139 4043 251 4128 Zeme,
269 4045 301 4106 et
317 4059 376 4124 per
392 4059 463 4106 eam
482 4039 547 4124 ipsi
563 4038 721 4126 Dyonisio
755 4060 794 4105 ae
811 4039 998 4125 [herodibus
1029 4041 1170 4126 ipsorum
1202 4065 1273 4128 per*

140 4155 239 4234 petuo
255 4145 482 4233 possidendam
501 4147 737 4214 ethabendam.
759 4148 795 4212 ln
814 4147 906 4214 euius
922 4169 980 4234 rey
995 4151 1213 4218 testimonium
1229 4153 1273 4219 ad

138 4255 338 4322 instanciam
355 4255 504 4322 eiusdem
521 4259 687 4340 presentes
704 4253 894 4322 contulimus
919 4254 1024 4340 sigilli
1038 4257 1140 4324 nostri
1171 4259 1274 4326 muni-

141 4364 232 4432 mine
248 4363 428 4429 roborates.
447 4363 657 4429 Presentibus
673 4369 782 4428 tamen
799 4361 955 4448 Magistro
965 4363 1114 4433 Jobanne
1129 4365 1273 4452 Leetore,

139 4467 278 4556 Mykow
295 4467 450 4551 casuue,
468 4467 625 4555 Petrossde
642 4469 774 4553 Kemey,
789 4467 933 4553 [Briseio
952 4469 993 4538 de
1023 4471 1176 4554 Zoboleh,
1208 4473 1277 4541 Ma-

138 4579 245 4662 gistro
275 4575 430 4643 Jobaune
446 4575 487 4642 de
503 4576 612 4642 Heues
638 4574 884 4642 Arebidieoonis
902 4583 933 4643 et
948 4577 1026 4662 alijs
1042 4579 1163 4646 multis.
1179 4579 1283 4648 Anne
