3148 5164
772 305 931 402 ...flit-

820 743 897 812 tet.
949 805 951 808 .

288 949 322 1006 A
336 945 423 1026 picei
438 942 663 1030 kdptalanaolo
679 941 949 1026 biacoyaripleoete,
966 944 1047 1028 bogp
1066 939 1170 1028 Gytte-i
1186 947 1426 1032 nemzetae'gbedi

289 1049 435 1132 Kourdd,
450 1074 465 1115 a
482 1048 656 1114 Eodre'oelc
674 1047 744 1130 fiai
771 1051 804 1114 aa
828 1047 1031 1114 erdelctdraoi
1062 1047 1232 1134 Scrdfelde
1264 1052 1428 1139 bdpse'gre

407 1155 577 1221 conatione
588 1156 722 1240 perticat
737 1154 976 1240 hordtadgoaoa
992 1155 1167 1221 etiottatdlr.
1200 1155 1302 1222 1298.

395 1348 464 1416 Nos
495 1349 679 1432 Capitulum
713 1347 1075 1432 Quinqueecclesiensis
1100 1347 1245 1416 Ecclesie
1262 1355 1420 1419 memorie

289 1452 552 1520 commendamus
569 1475 624 1538 per
639 1460 819 1538 presentes,
837 1453 1011 1536 quodcum
1029 1454 1148 1522 nobilis
1179 1454 1230 1522 uir
1261 1456 1423 1540 Magister

292 1559 464 1628 Corraldus
496 1561 582 1628 filios
614 1559 773 1645 Stephani
801 1557 842 1626 de
880 1579 997 1654 genere
1038 1563 1126 1628 Yenr
1164 1561 1356 1630 Marcellum
1390 1571 1424 1629 et

287 1667 500 1734 Laurencium
516 1667 599 1734 tilios
615 1667 757 1754 Andros,
788 1667 959 1734 Nicolaum
977 1675 1010 1734 et
1041 1667 1202 1736 Jacobum
1233 1669 1321 1736 filios
1352 1670 1422 1736 Ste-

291 1771 391 1856 phani
422 1772 478 1857 filij
512 1774 660 1840 Marcelli
690 1792 788 1857 super
818 1773 906 1840 facto
937 1773 1102 1840 cuiusdam
1133 1780 1218 1840 terre
1250 1775 1422 1842 Saoltslde

290 1887 405 1946 uocate
421 1879 454 1945 in
471 1877 633 1946 comitato
650 1878 691 1945 de
707 1879 840 1946 Barana
867 1881 950 1948 inter
981 1887 1099 1946 terram
1131 1881 1235 1966 ipsios
1266 1883 1420 1966 Magistri

287 1985 438 2054 Corrardi
469 2007 570 2072 prope
600 1987 754 2054 Sanctam
779 1985 970 2053 Trinitatem
987 1985 1287 2072 ordinejudioiarto
1304 2007 1421 2056 conue-

287 2095 391 2160 nisset
406 2094 508 2179 Regio
525 2095 559 2160 in
575 2099 760 2179 conspectu,
778 2093 986 2177 partibusque
1005 2095 1265 2178 alterquantibus
1285 2096 1420 2162 tandem

288 2205 321 2265 et
336 2219 396 2284 per
427 2200 556 2266 modum
581 2199 804 2284 judiciarium,
834 2219 1029 2282 quamnam
1057 2220 1116 2284 per
1133 2200 1262 2268 modum
1278 2202 1419 2288 arbitrij,

287 2305 329 2372 de
360 2306 527 2374 uoluntate
557 2314 589 2373 et
621 2305 833 2392 permissione
872 2305 998 2373 indicis
1039 2304 1133 2374 Ourie
1163 2307 1287 2376 domini
1317 2309 1419 2394 Regis

286 2429 395 2477 coram
426 2411 499 2495 ipso
514 2432 571 2498 per
586 2411 760 2496 Magistros
780 2411 948 2480 andream
966 2419 999 2479 et
1014 2411 1184 2499 Jacobum,
1199 2411 1286 2481 lilios
1302 2415 1418 2501 Jaccn,

290 2525 322 2584 et
338 2517 494 2586 Comitem
511 2518 669 2586 'rhomam
685 2519 785 2586 lilium
815 2519 954 2604 Andree,
987 2519 1131 2588 Berones
1162 2519 1281 2606 Regni,
1313 2523 1417 2589 eciam

286 2643 396 2691 coram
428 2624 578 2711 Capitale
609 2625 753 2693 Budensi
785 2625 913 2711 publice
944 2625 1032 2712 facti,
1062 2625 1227 2710 predictus
1256 2627 1416 2710 Magister

286 2730 458 2800 Gorraldus
474 2751 511 2800 se
541 2733 780 2816 quintodecimo
815 2733 849 2799 in
881 2733 1007 2800 octauis
1037 2731 1248 2800 Ascensionis
1281 2731 1413 2802 Domini

284 2845 429 2926 prestare
460 2839 592 2907 deberet
623 2845 860 2908 sacramentnm
892 2859 1002 2906 coram
1032 2838 1126 2907 nobis
1156 2857 1255 2922 super
1280 2837 1368 2906 iacto
1384 2845 1416 2904 et

284 2965 384 3032 super
399 2945 620 3014 ratificaoione
636 2945 836 3030 quarundam
852 2945 1037 3012 litterarum
1051 2945 1174 3012 domini
1190 2945 1268 3014 Bele
1294 2944 1414 3030 Regis;

283 3052 357 3138 ipso
387 3057 494 3119 autem
525 3053 579 3122 die
609 3053 805 3121 sacramenti
836 3051 1036 3120 aduentante
1061 3051 1148 3122 idem
1164 3051 1323 3138 Magister
1339 3051 1417 3119 Cor·

284 3158 400 3226 raldus
415 3177 487 3226 eum
504 3159 571 3227 suis
587 3160 722 3229 testibus
747 3161 782 3228 in
812 3151 967 3228 nosbam'
989 3159 1195 3243 presenciam
1227 3157 1418 3226 accedendo

284 3271 418 3349 paratas
450 3273 519 3333 erat
549 3263 593 3333 ad
624 3265 804 3335 iurandum.
837 3265 901 3334 Sed
918 3264 1134 3334 mediantibus
1149 3264 1258 3350 probis
1275 3263 1366 3350 uiris,
1385 3273 1419 3332 et

284 3371 474 3458 specialiter
489 3372 532 3438 ad
549 3373 741 3458 peticionem
758 3374 890 3458 cognati
907 3373 958 3441 sui
973 3372 1096 3440 nobilis
1111 3371 1238 3440 iuuenis
1264 3371 1420 3456 Magistri

280 3478 355 3545 Jute
386 3477 443 3564 filij
461 3480 595 3548 Comitis
610 3480 740 3549 Nioolai
756 3483 797 3550 dc
812 3501 934 3568 genere
948 3481 1062 3566 Magni
1077 3481 1162 3564 Jula,
1179 3482 1418 3566 prenominatis

279 3603 357 3652 rere
373 3585 482 3668 pueris
506 3585 671 3655 humiliter
697 3587 935 3676 suplicantibus
950 3594 983 3654 et
1013 3585 1251 3654 remittentibus
1281 3585 1419 3673 publice

278 3689 465 3758 huiusmodi
505 3695 722 3762 iuramentum
763 3694 909 3763 eiusdem
949 3693 1100 3779 Magistri
1141 3691 1299 3780 (lorraldi,
1341 3694 1418 3780 ipse

279 3799 432 3883 Magister
447 3796 620 3868 (lorraldus
636 3802 852 3886 personaliter
868 3801 903 3869 in
920 3799 1162 3887 presenciarum
1193 3799 1417 3885 comparando

280 3904 378 3973 cessit
409 3911 441 3974 et
471 3905 678 3975 renunciauit
707 3909 795 3977 omni
827 3909 876 3996 liti
908 3927 968 3977 sue
997 3913 1030 3974 et
1045 3905 1184 3990 accioni,
1215 3923 1314 3990 quam
1330 3905 1418 3973 torte

277 4031 364 4078 nnnc
379 4011 431 4078 vel
446 4010 645 4096 inposterum
660 4033 759 4099 super
775 4013 863 4084 facto
879 4013 976 4082 huius
993 4017 1079 4081 terr'e
1102 4007 1273 4080 Saulielde
1298 4019 1416 4080 uocate

278 4117 440 4185 aduersus
472 4119 604 4187 eosdem
637 4121 720 4188 tilios
750 4121 881 4190 hadrae
896 4127 929 4190 et
942 4120 1025 4190 titios
1050 4117 1209 4204 Stephani
1223 4125 1416 4203 prenotatos

279 4223 597 4313 monerepotuisset,
613 4227 829 4314 permittendo
845 4228 952 4315 ipsam
965 4233 1084 4296 terram
1115 4223 1285 4293 Sanlfelde
1314 4245 1414 4294 uoca-

280 4336 347 4397 tam
379 4330 502 4402 a'sdem
533 4332 687 4402 Marcello
717 4341 750 4404 et
774 4334 954 4403 Laurencio
984 4333 1062 4420 filijs
1096 4329 1236 4418 andree,
1270 4330 1413 4401 Micelae

279 4447 313 4526 et
328 4437 452 4506 Jacobo
467 4437 544 4524 filijs
576 4439 747 4530 Stephani,
778 4459 952 4524 eorumque
981 4437 1159 4508 heredibus
1190 4435 1417 4524 heredumque

279 4563 411 4612 suorum
442 4548 685 4619 successoribus
701 4554 733 4618 et
748 4550 888 4636 posteris
908 4543 1189 4618 irretractabiliter
1204 4551 1238 4613 et
1252 4543 1422 4616 irreuoca—
