3124 5152
572 305 732 406 ..aa

104 497 212 566 obitum
228 499 349 568 domini
365 503 525 592 Stephani
543 504 751 574 Serenissimi
782 501 881 590 Regis
910 501 1079 586 Hungaric
1110 497 1214 588 patris

104 608 194 674 nostri
208 609 368 678 karistimi
402 613 490 682 clare
521 613 762 702 recordacionis
791 615 825 679 in
857 618 943 682 etate
974 611 1150 679 tenerrima
1182 616 1215 680 et

103 715 243 800 pupillari
258 718 435 806 derelictis,
452 728 484 789 et
498 723 645 806 Regnum
660 729 803 792 nostrum
819 740 931 806 regere
942 740 1006 786 non
1016 718 1213 806 ualentibus,

103 823 284 894 Thomasde
300 828 402 916 Kany
427 830 532 914 primo
557 831 703 917 Nycolao
733 827 913 916 Woywodc
944 827 1011 896 filio
1043 826 1149 908 Pauli,
1180 833 1214 892 ot

102 932 215 1002 demum
231 935 361 1021 Grcgcn
379 939 470 1022 fratri
489 940 632 1009 eiusdem
658 939 844 1006 infidelibus
865 935 984 1006 nostris
1010 933 1212 1018 adherendo,

101 1043 204 1110 nullm
220 1044 428 1116 infidelitates
445 1054 478 1116 ot
493 1045 731 1116 destruccionos
747 1046 1005 1132 quamplurimas
1037 1045 1070 1110 in
1100 1045 1211 1129 Regno

101 1159 197 1220 nostro
211 1154 437 1241 commisisset,
456 1162 488 1222 et
503 1158 537 1222 in
554 1163 662 1226 castro
679 1156 854 1224 eorundem
872 1155 1011 1241 Nycolai
1027 1151 1213 1238 Woywode
1311 1157 1314 1168 '

100 1265 127 1324 ct
140 1258 261 1344 Gregcn
277 1263 545 1351 Deerspalataya
562 1273 677 1334 uocato
694 1265 931 1349 commorando,
964 1263 1050 1329 idern
1067 1261 1210 1328 Thomas

99 1386 195 1436 onnes
209 1372 435 1453 possessiones
452 1372 588 1441 Comitis
604 1374 728 1442 'Rhome
743 1380 776 1442 et
792 1372 940 1456 Magistri
957 1367 1116 1438 Johanuis
1131 1367 1209 1434 lilio-

100 1494 158 1542 rum
172 1475 335 1560 Barnabe,
368 1479 514 1565 Magistri
533 1482 673 1549 Rolandi
690 1489 721 1548 et
737 1479 895 1565 Stephani
913 1480 1047 1547 liliorum
1065 1475 1209 1544 eiusdem

98 1579 216 1650 Comitis
231 1584 367 1672 Thnme,
393 1587 548 1656 nobilium
565 1590 736 1675 degenere
747 1592 850 1658 Bursa
861 1588 1004 1656 bdelium
1016 1592 1210 1668 nostrorum,

98 1706 131 1755 eo
139 1693 218 1773 quod
228 1691 330 1778 ijdem
340 1701 485 1782 ternpore
497 1697 672 1766 sedicionis
684 1706 716 1765 et
726 1718 922 1784 guerrarum,
933 1697 966 1763 iu
978 1697 1089 1778 Regno
1099 1699 1208 1758 nostro

98 1815 146 1880 per
158 1799 304 1870 infideles
320 1805 467 1872 Berones
484 1814 614 1874 nostros
630 1815 871 1891 commotarum,
897 1807 931 1872 iu
948 1803 1101 1872 fidelitate
1118 1799 1209 1866 nobis

97 1913 123 1971 et
145 1907 263 1978 Corone
296 1911 400 1996 chie
432 1913 543 1982 debita
572 1915 784 2000 persistentes
816 1913 999 1980 infidelibus
1030 1905 1211 1976 Beronibus

95 2016 199 2084 nosnh
215 2019 406 2088 nullatcnus
423 2023 630 2111 adheserunt,
649 2027 775 2110 penitus
792 2021 1016 2102 destruxisset,
1032 2017 1209 2102 dampnum

96 2129 123 2186 et
139 2123 278 2192 calorem
298 2132 513 2196 trecentarum
530 2151 708 2200 marearum
726 2132 848 2199 eisdem
864 2125 1051 2212 irrogando.
1077 2125 1119 2190 ht
1135 2143 1207 2190 cum

95 2229 203 2314 elapsis
216 2233 319 2300 annis
334 2235 512 2320 puerilibus
529 2239 647 2306 Dinine
664 2239 797 2324 pietatis
813 2236 991 2306 clemencia
1016 2233 1059 2299 ad
1089 2237 1207 2298 etatem

95 2336 149 2402 iarn
164 2337 312 2408 adultam
330 2363 389 2410 nos
405 2347 621 2435 perduxisset,
650 2355 682 2414 et
699 2348 731 2414 in
748 2367 807 2414 nos
833 2345 1069 2431 recepissemus
1094 2337 1209 2422 guber·
1275 2331 1276 2334 ’

95 2448 198 2518 nacula
213 2451 323 2535 Regni
339 2454 442 2521 nostri
459 2455 556 2540 pleno
572 2456 651 2541 iure,
670 2455 896 2543 proposuimus
923 2454 993 2520 Deo
1024 2447 1208 2516 auxiliante

93 2555 249 2626 refrenatis
266 2560 535 2630 malefactoribus
552 2575 584 2632 et
599 2564 852 2632 destructoribus
868 2563 992 2630 incolas
1020 2557 1125 2643 Regni
1151 2574 1208 2622 no·

93 2662 149 2749 stri,
172 2668 226 2750 qni
243 2669 402 2737 hactenus
419 2675 611 2755 granamlna
627 2672 807 2740 indicibilia
824 2678 856 2738 ct
871 2671 1013 2756 dampna
1045 2665 1207 2734 inestima-

93 2771 159 2838 bilia
172 2794 230 2858 pcr
245 2776 380 2844 eosdem
396 2780 623 2849 malefactores
641 2789 672 2848 et
690 2782 904 2850 destructores
915 2775 1058 2864 perpessi
1070 2774 1208 2854 lucrant,

92 2877 120 2944 in
133 2882 303 2964 pristinum
319 2891 441 2952 statum
458 2889 704 2972 tranquillitatis
721 2896 753 2956 et
769 2887 890 2972 quictis
904 2885 1091 2953 reformare.
1108 2881 1207 2948 uoce·

92 2985 192 3057 dentes
208 2991 312 3076 igitur
327 2993 538 3064 Waradinum
571 2998 611 3066 de
643 2997 810 3084 Byhorino
841 3014 980 3063 unacum
1012 2987 1205 3076 quibusdam

92 3097 260 3170 Beronibus
278 3105 395 3171 nostris
412 3106 445 3171 in
462 3113 587 3192 septem
605 3106 830 3188 Comitatihus,
856 3103 1012 3172 videlicet
1026 3101 1060 3168 in
1087 3097 1207 3184 Byhor,

92 3204 204 3296 Zonnk,
221 3210 391 3295 Zatbmar,
407 3214 543 3298 Cranno,
560 3216 678 3304 Belias,
696 3215 825 3283 Zarand
842 3221 874 3280 et
891 3209 1041 3280 Zobcnch
1061 3208 1206 3275 nomina·

91 3311 134 3398 lis,
151 3315 346 3386 Generalem
363 3319 660 3406 Congregacionem
677 3324 902 3408 Waradynum
916 3320 1050 3388 lecimus
1076 3314 1206 3402 publica

89 3423 286 3502 proclamari.
312 3426 392 3493 Cum
408 3429 517 3514 itaque
533 3451 591 3517 per
605 3432 773 3501 vniucrsos
790 3431 926 3514 nobiles,
944 3425 1075 3496 elalius
1101 3424 1205 3491 cnius-

90 3525 158 3598 libet
172 3534 374 3603 condicionis
392 3537 549 3626 homines,
566 3537 607 3606 de
623 3541 781 3625 predictis
798 3543 923 3624 reptem
940 3533 1153 3604 Comitatihus
1164 3529 1207 3598 ad

89 3633 182 3718 ipsam
198 3637 499 3728 congregacionem
516 3653 659 3715 nostram
676 3647 904 3736 Waradynum
914 3644 1117 3723 accedentes,
1133 3659 1204 3727 prc-

88 3741 181 3815 dictus
196 3749 342 3819 Thomas
359 3753 400 3819 de
417 3755 524 3842 Kany,
551 3758 606 3840 qui
622 3758 787 3843 adipeam
821 3754 1116 3842 congregacionem
1147 3771 1204 3818 no·

88 3857 177 3922 altam
194 3857 309 3926 uenire
325 3882 390 3929 nou
407 3866 545 3950 curauit,
576 3866 608 3930 in
626 3865 790 3934 labefacti
805 3871 838 3933 et
864 3863 1040 3949 latrocinij,
1072 3882 1112 3929 ac
1142 3880 1202 3948 pro

86 3957 278 4034 tannetum
311 3969 490 4038 incolarum
513 3974 616 4057 Regni
642 3974 745 4041 nostri
761 3975 793 4040 in
812 3978 988 4060 conspectu
1003 3972 1120 4040 Nostro
1135 3970 1203 4034 Ma·

86 4073 213 4150 peratis
229 4083 403 4146 accusatus
419 4081 583 4149 extitisset
599 4091 632 4150 ct
647 4083 777 4168 publice
807 4082 1049 4168 proclamatus;
1082 4083 1114 4144 et
1144 4095 1203 4163 per

84 4178 369 4258 proclamacionem
386 4190 560 4256 eorundem
578 4191 679 4258 Nubis
701 4191 903 4258 constitisset
927 4188 1106 4272 euidenter,
1133 4203 1202 4270 pre·

85 4288 273 4356 nominatum
292 4290 450 4362 Thomam
468 4295 509 4363 dc
540 4298 639 4384 Kany
670 4319 783 4368 omncs
814 4297 1036 4386 possessiones
1068 4292 1203 4360 comitis

84 4389 206 4486 Tharne,
224 4399 454 4486 Magistrornm
471 4405 630 4475 Johannis
648 4416 679 4474 ct
695 4409 833 4477 Rolandi
849 4428 889 4475 ac
913 4406 1071 4496 Stephani
1096 4398 1201 4492 predi·

83 4507 195 4572 ciorum
213 4507 426 4596 destruxisse,
444 4519 477 4580 et
492 4514 613 4582 eisdem
631 4515 805 4604 dampnum
823 4516 866 4583 ad
881 4519 1024 4585 ualerem
1042 4524 1200 4584 trecenta-

84 4625 146 4678 rum
162 4633 346 4685 marearum
362 4619 512 4690 intulisse
532 4647 539 4690 :
558 4625 626 4691 Nos
642 4625 747 4712 ipsum
763 4625 922 4710 Thomam
951 4625 991 4693 dc
1016 4625 1109 4712 Kony
1122 4703 1128 4711 ,
1140 4645 1200 4718 pro
