3124 5152
875 1047 949 1116 243.

350 1250 411 1314 IV.
427 1249 543 1314 Ldszlo
558 1248 669 1334 ἰσὶνάίῃ
699 1247 766 1332 ch
797 1251 881 1312 odra
914 1247 984 1312 toto
1008 1247 1256 1336 jobbcipyoiaok
1290 1249 1472 1333 nreqeapedi,

457 1358 539 1442 bopy
558 1355 644 1441 ibba
659 1361 739 1420 aaut
755 1353 941 1420 birtokulect
958 1353 1244 1439 clidepccitbesse'k.
1266 1357 1368 1419 1280.

456 1549 630 1617 Ladialaus
669 1547 731 1613 Dei
763 1549 876 1631 gracia
907 1547 1085 1636 Hongsrie,
1116 1549 1296 1636 Dalmacie,
1330 1552 1470 1640 Orcacie,

348 1663 460 1743 Reme,
477 1657 600 1741 Seruio,
620 1655 765 1739 Gallicis,
783 1654 983 1739 Lcdomerie,
1000 1656 1158 1723 Oumanic
1174 1657 1392 1742 Bulgarisque
1406 1661 1472 1725 Rex

348 1767 494 1838 omnibus
526 1766 648 1835 Christi
678 1763 831 1832 fidelibus
848 1771 914 1829 tarn
932 1765 1138 1849 presentibus
1155 1787 1250 1851 quarn
1269 1767 1387 1834 tuturis
1404 1789 1471 1853 pre-

347 1900 420 1945 sens
437 1877 592 1962 scriptum
608 1873 805 1958 inspecturis
822 1873 959 1940 salutem
977 1873 1010 1938 in
1037 1875 1177 1942 omniurn
1210 1875 1382 1942 saluatore.
1421 1876 1471 1941 Ad

347 1988 568 2056 vniuersornm
584 1981 737 2048 noticiam
753 1979 867 2047 harum
884 1982 967 2047 serie
984 1981 1132 2049 volumus
1162 1984 1334 2067 peruenire
1351 2009 1359 2048 :
1386 1983 1471 2068 quod

348 2093 476 2178 Wclph,
492 2091 696 2177 Valentinus,
713 2087 884 2176 Georgius,
913 2089 1107 2177 Stephanus,
1134 2091 1341 2178 Benedictus,
1372 2089 1468 2159 Danls

347 2208 379 2267 et
395 2202 527 2289 Symon,
542 2221 582 2269 ac
598 2199 729 2284 cognati
745 2217 866 2285 corum,
877 2197 1072 2282 jobagiones
1089 2199 1193 2268 Castri
1209 2202 1310 2266 nostri
1323 2199 1470 2284 deVngb

347 2307 390 2375 ad
405 2309 522 2375 Nostro
538 2307 730 2375 Serenitatis
746 2307 936 2374 accedentes
968 2309 1181 2393 presenciam,
1212 2307 1372 2374 humiliter
1403 2309 1470 2375 ino·

346 2417 433 2503 piam
449 2421 481 2482 et
498 2421 721 2499 paupertatem
738 2434 846 2481 eorum
863 2423 1072 2499 exponentes,
1104 2437 1124 2480 a
1148 2416 1269 2482 Nostra
1300 2417 1471 2483 Maiestate

346 2523 556 2609 postularunt,
574 2527 609 2588 vt
624 2523 862 2606 possessionem
881 2521 1023 2607 ipsorum
1033 2521 1261 2589 hereditariam
1271 2523 1365 2608 Tyba
1375 2543 1469 2590 voca·

345 2631 460 2697 tamin
478 2629 640 2696 comitatu
657 2628 698 2697 dc
714 2627 812 2711 Vngh
829 2629 1031 2714 existentem,
1049 2629 1185 2696 liberum
1203 2629 1370 2697 arbitrium
1392 2631 1469 2696 alio-

346 2735 445 2804 nandi
462 2745 495 2803 et
509 2735 683 2820 uendendi,
699 2734 879 2820 cuicunque
895 2735 1027 2819 vellent,
1045 2736 1167 2802 eisdem
1185 2737 1261 2802 dare
1279 2743 1310 2802 et
1321 2735 1470 2803 conferre

343 2847 560 2931 (lignaremur.
585 2843 653 2909 Nos
670 2843 784 2926 itaque
799 2842 1019 2928 peticionibus
1035 2844 1179 2928 ipsorum
1195 2843 1288 2910 iustis
1304 2853 1336 2910 et
1362 2847 1467 2929 legiti-

343 2956 404 3021 mis
420 2971 517 3020 aures
532 2950 652 3034 Regias
667 2948 894 3018 fauorabiliter
908 2949 1081 3016 inclinatas
1099 2952 1141 3017 de
1153 2951 1352 3035 benignitate
1363 2953 1468 3038 Regia

342 3061 514 3130 annuimus
530 3066 562 3126 et
578 3057 783 3143 permisimus
800 3060 965 3144 predictos
986 3060 1183 3144 jobagiones
1216 3059 1321 3126 Castri
1353 3061 1467 3146 nostri,

342 3166 579 3256 possessionem
595 3165 737 3250 ipsorum
754 3165 850 3252 Tyba
867 3173 1088 3249 memoratam,
1105 3175 1140 3233 vt
1154 3167 1293 3258 liberam
1310 3167 1470 3235 haberent

341 3272 503 3341 uendendi
520 3273 573 3339 uel
589 3271 756 3339 alienandi
772 3274 996 3357 quoquomodo
1012 3274 1174 3340 voluerint
1191 3275 1387 3341 facultatem.
1430 3278 1469 3342 In

339 3383 430 3450 cuius
447 3381 492 3447 rei
510 3380 697 3447 memoriam
715 3387 965 3466 perpetuache
982 3381 1163 3449 firmitatem
1195 3382 1239 3449 ad
1271 3383 1467 3449 instanciam

339 3498 371 3558 et
386 3489 580 3575 peticionum
597 3487 813 3573 predictorum
837 3489 1052 3574 jobagionum
1070 3490 1174 3556 Castri
1192 3499 1358 3575 presentes
1394 3513 1468 3558 con-

338 3599 493 3665 cessimus
508 3596 633 3664 litteras
650 3596 790 3681 duplicis
815 3595 915 3681 sigilli
941 3596 1041 3664 nostri
1073 3598 1250 3665 munimine
1281 3601 1466 3667 roboratas.

337 3706 457 3771 Datum
484 3725 542 3788 per
560 3723 674 3770 manus
700 3705 832 3771 discreti
864 3705 925 3771 riri
956 3705 1105 3790 Magistri
1136 3707 1355 3773 Bartholomci
1389 3711 1468 3775 aulo

338 3819 445 3878 nostre
463 3809 737 3897 vicecancellarij
759 3810 868 3878 dilecti
885 3820 917 3880 et
947 3811 1049 3879 fidelis
1081 3814 1182 3879 nostri
1213 3834 1297 3881 anno
1329 3815 1467 3882 Domini

337 3919 439 3986 M⁰CO
446 3931 465 3988 ⁰.
482 3921 701 4003 octuagesimo
719 3923 826 4003 tercio,
841 3919 946 4005 Regni
962 3929 1069 3986 autem
1085 3921 1187 3988 nostri
1214 3943 1298 3988 anno
1323 3923 1465 3992 decimo.
1548 3955 1549 3978 r

334 4119 387 4180 <ss
407 4119 466 4184 egri
485 4119 676 4183 kaptmsnnak
699 4119 809 4168 mnam
830 4119 877 4168 »sn
897 4119 969 4170 fesso
979 4121 1178 4184 preciosissimi
1190 4121 1319 4186 corpori
1334 4121 1464 4177 ouran«
1548 4095 1549 4158 ἶ

332 4211 354 4258 Ι.
375 4209 458 4273 Lajos
477 4207 638 4278 kirslynak2·
661 4213 736 4260 1373.
766 4211 886 4260 »Datum
914 4211 945 4260 in
973 4211 1125 4277 Gyosgewr
1155 4213 1200 4262 (lie
1231 4213 1374 4266 dominico
1395 4223 1466 4280 post
1548 4229 1549 4288 p

332 4299 530 4348 Ascensionenr
549 4299 679 4349 Domini«
699 4299 759 4348 kelt
777 4299 998 4364 megkeresesere
1018 4317 1035 4351 a
1054 4301 1214 4352 »Nunnium
1234 4302 1266 4351 de
1286 4303 1463 4368 Nogmihah

331 4387 457 4438 saumana
476 4388 619 4440 kiadatott
639 4388 812 4454 atiratstb613
844 4406 861 4439 a
879 4389 965 4440 budai
984 4389 1089 4456 kiralyr
1109 4391 1237 4442 kamarai
1255 4391 1463 4458 leveltarban.)
1548 4397 1549 4448 l

758 4673 1024 4686 Μ
