3124 5152
833 324 994 422 Q—

347 523 378 582 et
395 523 493 600 grata
511 515 669 602 obsequia
685 515 820 584 Comitis
838 517 965 585 Nicotai
979 516 1038 602 filij
1057 517 1146 584 Petri
1160 515 1266 584 fidelis
1282 519 1396 607 nostri,
1412 520 1479 603 qui·
1553 503 1554 590 i

342 624 1479 713 mmmmmmmmmfflr

342 731 554 820 complacere,
571 733 612 799 dc
628 731 852 799 munificencia
877 734 979 818 Regio
1009 732 1227 818 Benignitatis
1259 733 1478 821 attendentes,
1553 737 1554 760 ³

341 838 504 924 quandam
520 839 630 910 villam
646 846 788 907 nostrum
805 841 959 926 Regulam
975 841 1010 907 in
1038 838 1201 907 Comitutu
1232 840 1378 926 Wgatha
1410 843 1476 908 exi·
1553 839 1554 912 i

340 949 479 1014 stentem
494 949 633 1016 Zeuleus
649 953 806 1032 vocatam,
822 947 1081 1042 prefatonccmiti
1098 945 1244 1035 Nicolao,
1276 955 1309 1016 et
1323 967 1383 1032 per
1404 968 1477 1015 enm

340 1053 408 1122 suis
431 1055 616 1143 heredibus,
651 1053 870 1140 heredumque
885 1075 1015 1124 suorum
1041 1055 1282 1124 successoribus
1310 1055 1477 1139 dedimus,

340 1158 535 1230 donauimus
561 1170 595 1231 et
624 1162 815 1231 contulimus
846 1163 916 1231 inre
947 1170 1104 1250 perpetuo
1138 1168 1169 1229 et
1201 1163 1463 1232 irrcuocebilitcr

342 1267 476 1353 pacifice
493 1276 525 1336 et
541 1270 651 1353 quiete
668 1269 907 1355 possidendam.
947 1269 990 1335 Vt
1006 1270 1107 1354 igitur
1124 1269 1219 1341 huius
1235 1275 1345 1337 nostre
1371 1270 1473 1338 dona·
1553 1277 1554 1310 ³

342 1373 445 1444 cionis
461 1375 561 1446 series
576 1379 674 1445 robur
689 1380 836 1464 optineat
851 1385 1008 1464 perpetue
1023 1377 1194 1466 firmitatis,
1226 1397 1284 1445 nec
1316 1397 1474 1472 processu
1553 1373 1554 1434 ἶ

340 1490 521 1569 temporum
536 1484 569 1551 in
586 1483 711 1551 irritum
726 1487 838 1552 nalem
853 1485 906 1552 uel
930 1485 1034 1570 possit
1064 1505 1123 1571 per
1154 1487 1341 1570 qnempiam
1371 1491 1475 1552 retra·

341 1591 432 1676 etati,
449 1597 616 1678 presentes
642 1591 858 1660 concessimus
889 1592 1015 1660 litteras
1046 1592 1209 1677 dupplicis
1240 1593 1340 1676 sigilli
1371 1594 1474 1659 nostri

341 1699 516 1766 munimine
531 1701 712 1767 roboratas.
752 1703 872 1768 Datum
889 1721 947 1786 per
962 1721 1076 1768 manns
1093 1698 1224 1767 discreti
1241 1703 1301 1767 uiri
1319 1701 1472 1784 Magistri
1553 1697 1554 1786 Ῑ

342 1805 562 1874 Bartholomci
593 1807 675 1872 Aule
701 1813 810 1875 nostre
841 1807 1109 1892 vicecancellarij
1142 1807 1251 1874 dilecti
1292 1815 1325 1879 ct
1365 1806 1475 1873 fidelis
1553 1793 1554 1874 ἶ

340 1913 451 2002 nostri,
483 1933 572 1980 anno
602 1913 734 1980 Domini
765 1913 935 1982 millesimo
966 1913 1187 2002 OG⁰LXXX⁰,
1220 1915 1324 1999 Regni
1362 1919 1473 1981 autem

340 2022 441 2088 nostri
481 2041 570 2090 anno
600 2041 697 2104 nono,
736 2042 822 2090 nono
861 2021 1022 2090 kalendas
1056 2021 1252 2105 Decembris,
1288 2020 1474 2088 indiccione
1553 2031 1554 2088 i

341 2136 467 2196 octaua.

1553 2251 1554 2278 i

342 2324 481 2386 (Eredetie
517 2327 701 2394 ncrncmyam
733 2329 796 2380 zold
828 2327 1067 2395 sslyemzsindron
1086 2330 1173 2396 iiiggd
1205 2329 1299 2396 peccet
1331 2331 1422 2394 alatt3
1455 2345 1474 2379 a
1553 2305 1554 2372 Ῐ

572 2419 648 2468 mett.
668 2417 736 2468 baro
756 2417 875 2482 Perdnyi
894 2419 988 2470 csatdd
1005 2419 1222 2483 levelmrenan.)

770 2707 1038 2718 u——u--a

339 3439 398 3508 IV.
416 3443 532 3509 Lciczlo
546 3441 654 3527 kirtly
670 3441 845 3526 mequjttju
863 3442 894 3505 ric
909 3445 1091 3528 mepcrdcitu'
1106 3464 1128 3504 a
1152 3439 1371 3527 Pezycfdldet
1399 3443 1472 3505 tdr.

509 3647 511 3652 Ι
597 3549 1086 3634 pya261276-kc'adomdnydi.
1112 3551 1209 3614 1280.

442 3743 616 3812 Ladiulaus
627 3744 686 3810 Dei
699 3743 810 3826 gracia
820 3743 998 3832 [longerie
1008 3743 1186 3832 Dalmacie,
1198 3744 1343 3828 Croacie,
1353 3743 1473 3831 Rama,

335 3850 458 3937 Seruie,
475 3850 623 3938 Gallicie,
639 3851 840 3939 Lodomerie,
857 3853 1013 3919 Onmnnie
1028 3853 1245 3938 Bulgarieque
1272 3852 1343 3917 Rex
1366 3851 1474 3918 omni·
1553 3841 1554 3932 ξ

336 3960 396 4026 bus
414 3965 481 4026 tam
498 3959 701 4044 presentibus
717 3978 814 4043 quam
830 3958 947 4026 futuris
958 3967 1123 4045 presentes
1134 3958 1260 4026 litteras
1270 3959 1474 4043 inspecturis

274 4095 276 4100 v
334 4067 474 4132 salntem
490 4067 524 4132 in
535 4065 860 4134 omniumsaluutore.
875 4065 927 4132 Ac
943 4065 1164 4133 uniuersorum
1181 4053 1334 4133 noticiam
1351 4070 1475 4132 tenore

333 4173 535 4258 presencium
550 4173 696 4241 volumus
713 4173 894 4259 peruenire,
926 4174 1013 4257 quod
1030 4175 1186 4256 Magister
1201 4173 1352 4240 Andreas
1377 4173 1475 4239 fitius
1553 4169 1554 4232 t

334 4279 501 4347 Abraham
518 4279 559 4347 de
575 4281 738 4348 Berenclre
755 4281 797 4348 ud
813 4285 957 4348 nostram
973 4281 1133 4348 accedens
1149 4280 1352 4366 presenciam
1370 4279 1473 4346 enhi-

333 4389 403 4453 buit
419 4387 510 4456 uobis
527 4388 734 4473 priuilegium
750 4373 893 4454 nostrum
921 4375 1020 4474 super
1052 4387 1231 4456 collacione
1262 4388 1473 4473 quarundern

332 4502 490 4560 terramm
509 4495 614 4563 castri
630 4497 733 4564 nostri
750 4497 978 4584 symigiensis,
1010 4503 1043 4564 et
1057 4496 1317 4584 constiturorum,
1349 4501 1380 4561 et
1404 4494 1429 4558 J
1432 4516 1476 4561 a·
1553 4505 1554 4600 p

332 4602 404 4666 cubi
420 4601 602 4686 iobagionis
635 4603 741 4668 Oestri
774 4601 986 4690 symigiensis
1018 4605 1088 4671 sine
1115 4603 1234 4670 herede
1261 4601 1476 4683 decedentis,
1553 4603 1554 4680 i
