3170 5166
800 289 975 406 ..m

326 487 435 564 icnlde
451 501 600 567 nocetum
615 493 833 570 reddidissent
849 505 881 567 et
895 495 1106 584 reliquissent
1136 495 1262 566 nomine
1293 493 1345 568 sui
1375 489 1464 565 ioris

326 603 460 672 Nicolco
491 605 689 693 supradicto,
724 615 755 676 et
783 607 1032 693 resiguunurunt
1062 605 1168 675 eidem
1199 625 1309 675 eorum
1340 607 1462 678 nobis?

329 730 519 782 cconnerse
536 723 643 783 antem
671 717 741 801 ipse
772 715 927 784 Nicolsns
958 731 1056 800 super
1084 713 1233 782 omnibns
1264 713 1464 782 accionibus

327 817 396 886 suis
428 823 610 912 premissis,
626 822 912 907 destruccionibus,
932 822 1202 908 desolationibus,
1220 821 1464 908 asportacioni-

327 927 386 994 bus
404 926 599 996 edificiorum
616 938 648 998 et
661 931 809 1016 dampnis
825 930 966 1000 reddidit
981 930 1014 996 in
1031 929 1179 997 omnibus
1195 938 1228 996 et
1257 947 1313 1016 per
1343 928 1465 995 emnia

329 1033 498 1120 expeditos
530 1037 686 1106 Comitem
718 1037 921 1104 Lnlraebinm
953 1042 986 1104 et
1002 1037 1118 1104 tratres
1148 1055 1223 1104 snos
1248 1035 1464 1122 supradictos

325 1143 461 1228 penitus
478 1150 511 1210 et
526 1146 667 1218 omniuo.
695 1145 788 1212 Vnde
818 1165 877 1212 nos
907 1145 1056 1232 partibus
1085 1145 1265 1214 nolentibus
1280 1151 1314 1212 et
1343 1151 1465 1229 netem

331 1251 416 1318 tibus
456 1251 646 1338 Magistrum
686 1253 889 1340 Mycbcelem
929 1250 1166 1320 cancellarium
1207 1251 1316 1322 ennlei
1347 1251 1462 1335 sigilli

327 1357 438 1443 nostri,
457 1359 688 1430 clementinum
714 1360 815 1428 tilium
845 1355 959 1446 Gaeey
989 1359 1031 1426 de
1060 1358 1200 1446 Domolr,
1232 1365 1265 1426 et
1293 1357 1462 1426 Comitem

325 1467 454 1532 Petrum
486 1467 588 1534 lilium
610 1467 773 1553 ¹Dyonisij
791 1467 832 1536 de
848 1467 942 1534 Budu
961 1486 1058 1534 vnum
1074 1487 1114 1534 ex
1129 1472 1265 1550 quatuor
1279 1465 1462 1534 Jndieibns

326 1572 489 1640 Nobilium
507 1574 547 1639 de
563 1575 675 1642 eodem
692 1574 862 1658 Comitatu,
886 1579 1139 1642 cemmetunenm
1168 1577 1334 1661 prenotate
1365 1581 1463 1642 terre

326 1679 541 1765 contamines,
571 1679 682 1748 fideles
724 1689 851 1750 nostros
890 1682 934 1748 ed
965 1680 1234 1749 reembnlandum
1273 1677 1463 1764 predictam

289 1850 292 1858 .
325 1785 518 1874 particulam
534 1793 629 1874 terre,
662 1793 695 1854 et
725 1785 941 1856 decidendum
971 1807 1030 1856 seu
1061 1787 1280 1875 separandum
1309 1786 1352 1852 ab
1381 1787 1463 1855 ullu

324 1902 412 1962 terra
443 1893 598 1962 dictorum
628 1895 767 1963 filiorum
798 1895 890 1962 Psnli
917 1895 1093 1982 Korychun
1109 1893 1254 1981 predicta
1269 1913 1325 1979 per
1339 1901 1455 1964 metes

327 2009 358 2070 et
372 2001 600 2088 limitseiones,
616 2001 767 2070 duximus
782 2001 995 2072 destinandos
1025 2021 1097 2068 cum
1128 2002 1271 2085 eisdem;
1294 2003 1354 2086 qni·
1380 2003 1460 2085 qni·

325 2109 400 2174 dem
431 2110 588 2195 Magister
615 2111 775 2198 llycbeel,
807 2109 1026 2180 clementinus
1055 2117 1089 2178 ct
1119 2113 1235 2180 Petrus
1264 2109 1361 2178 simul
1377 2129 1458 2178 enrn

326 2215 448 2290 eisdem
465 2215 612 2303 partibus
628 2217 671 2284 ad
688 2235 746 2288 uos
762 2222 886 2288 reuersi
902 2217 1013 2287 eodem
1045 2216 1106 2305 die,
1137 2215 1287 2288 videlicet
1316 2217 1350 2284 iu
1380 2233 1457 2284 cra·

324 2321 411 2390 stino
441 2325 649 2394 Pentecosten
679 2327 891 2412 protulerunt,
922 2327 1009 2412 quod
1040 2329 1111 2413 ipse
1135 2333 1245 2414 purten
1260 2325 1295 2392 in
1309 2325 1455 2412 ipsorum

324 2431 495 2516 presencie
509 2433 713 2502 concorditer
743 2437 866 2504 dietum
897 2435 1092 2522 perticulam
1122 2441 1207 2502 terre
1221 2455 1244 2501 s
1273 2439 1457 2504 monemus

324 2545 413 2604 terra
444 2537 619 2624 Korycban
650 2559 709 2627 per
739 2541 921 2610 huiusmodi
941 2547 1045 2609 metus
1063 2547 1095 2609 et
1111 2541 1344 2609 distinceiones
1359 2559 1454 2626 sur*
1583 2585 1584 2594 κ

323 2653 471 2714 rassent:
488 2646 595 2714 Primo
626 2649 742 2736 incipit
773 2669 872 2736 prope
914 2648 1081 2734 quandam
1110 2649 1241 2733 vallem,
1274 2667 1341 2734 qne
1368 2648 1456 2714 ister

324 2760 426 2821 terras
442 2753 578 2840 Nurcgh
595 2763 626 2822 et
638 2757 755 2824 Ermns
772 2757 935 2842 predictas
950 2754 1119 2824 descendit
1134 2773 1247 2824 versus
1262 2755 1452 2836 meridieml

323 2861 378 2928 rbi
394 2861 466 2948 ipse
482 2861 579 2930 nullis
594 2862 699 2946 iungit
715 2863 833 2930 vallem
842 2861 1004 2932 modicam
1015 2861 1274 2950 Koryebwenlgb
1293 2867 1455 2946 nocem,
1582 2925 1583 2952 ,

323 2968 369 3036 ibi
385 2987 407 3034 a
421 2977 513 3052 perte
528 2969 677 3038 orientali
692 2977 767 3038 sunt
783 2976 850 3040 tres
864 2977 959 3052 mete,
986 2989 1050 3056 qne
1065 2977 1221 3056 separant
1247 2970 1335 3036 iuter
1350 2978 1454 3038 terras

323 3076 470 3161 Nerugh,
486 3077 607 3145 Ermus
621 3083 655 3143 et
670 3077 843 3164 Koryolen
874 3077 1055 3164 predictum
1079 3077 1155 3146 inde
1185 3077 1355 3162 egreditur
1384 3097 1454 3145 rur-

310 3203 378 3250 -sus
410 3184 576 3252 meridiem
608 3205 666 3270 per
695 3186 834 3254 eundern
873 3188 992 3255 uellem
1032 3186 1259 3273 Wyscswenlg
1289 3193 1454 3271 vocatum,
1581 3167 1582 3188 ³

320 3289 426 3375 iungit
440 3292 574 3360 arbores
593 3293 666 3380 piri,
685 3299 717 3361 et
733 3294 991 3381 pertranseundo
1017 3296 1109 3382 ipsas
1125 3301 1175 3362 est
1206 3298 1293 3360 metu
1324 3299 1451 3376 terres3

321 3397 399 3466 inde
429 3399 535 3466 cundo
567 3399 689 3468 directe
720 3421 779 3486 per
810 3401 942 3470 flnninm
970 3402 1072 3488 potok
1087 3409 1247 3490 noeslnm,
1261 3402 1317 3487 qui
1333 3401 1454 3468 fluuius
1580 3411 1581 3414 ’

320 3504 354 3570 in
371 3504 443 3592 ipsu
457 3507 544 3574 valle
559 3513 704 3593 tempore
719 3529 845 3595 cqnoso
862 3509 971 3596 currit,
988 3517 1021 3576 et
1036 3509 1125 3578 eadit
1142 3509 1176 3577 in
1193 3508 1327 3578 fluuium
1360 3509 1454 3576 enus

321 3619 481 3697 nocetum,
514 3617 664 3700 peruenit
694 3617 738 3683 ad
769 3614 853 3684 duas
884 3619 1016 3686 arbores
1047 3617 1121 3706 piri,
1150 3618 1211 3687 sub
1228 3619 1349 3700 quibus
1363 3617 1456 3684 iuxta

320 3720 427 3805 ipsum
441 3721 574 3789 fluuium
589 3723 692 3792 Zwba
707 3732 758 3792 est
772 3745 838 3792 rna
863 3732 952 3791 meta
983 3733 1104 3807 terreu3
1129 3733 1163 3796 et
1193 3723 1454 3810 permensenndo

321 3829 425 3912 ipsum
455 3809 586 3895 fluuium
617 3829 724 3897 eundo
754 3831 876 3898 directe
907 3833 1000 3900 exilit
1031 3831 1121 3900 alind
1152 3832 1287 3901 fluuium
1302 3831 1455 3899 similitor
1578 3885 1579 3892 ,

319 3934 596 4022 Zabunoeatum3
623 3944 655 4003 et
681 3937 787 4006 eundo
811 3938 919 4006 adbuc
950 3959 1067 4008 uersus
1098 3937 1266 4006 meridiem
1297 3940 1335 4006 in
1366 3943 1455 4006 mrsu

319 4045 436 4114 arabili
468 4047 573 4130 iungit
602 4049 686 4115 duas
716 4050 849 4117 arbores
880 4051 955 4137 piri,
973 4050 1034 4119 sub
1048 4069 1186 4136 quorum
1202 4067 1268 4118 vns
1284 4055 1336 4116 est
1353 4055 1452 4134 metu,

309 4161 352 4218 et
366 4154 436 4221 ulia
453 4159 504 4222 est
519 4154 552 4220 in
569 4165 674 4242 meta;
697 4155 803 4225 adhue
820 4157 926 4225 eundo
942 4159 1066 4226 directe
1090 4179 1150 4244 per
1181 4156 1276 4224 hines
1292 4165 1326 4223 et
1358 4156 1454 4224 bisss

320 4269 423 4328 motas
455 4263 602 4330 escendit
633 4283 746 4332 versus
761 4265 854 4332 Kuce
869 4285 966 4350 snper
988 4266 1095 4352 berch,
1113 4275 1146 4333 et
1162 4263 1309 4352 peruenit
1324 4263 1371 4331 ad
1387 4271 1452 4333 lues

321 4375 433 4452 metes,
450 4389 511 4453 qne
527 4378 684 4456 separant
700 4371 783 4438 inter
798 4373 902 4459 Kaua,
918 4374 1094 4458 Koryebsn
1112 4380 1146 4440 et
1168 4372 1304 4456 Naragb
1335 4391 1448 4460 snpra·

309 4474 438 4560 dictus,
469 4481 503 4542 et
531 4476 578 4544 ibi
608 4477 830 4546 terminentur.
847 4479 911 4558 Qui
936 4479 1065 4566 quidem
1082 4481 1197 4547 Gomes
1211 4477 1403 4546 bukucbins
1419 4485 1452 4546 st

305 4579 439 4648 tratres
454 4581 502 4646 sui
520 4599 576 4666 per
592 4583 726 4652 easdem
757 4585 861 4654 metas
876 4593 909 4654 et
938 4587 1166 4657 distinecioues
1197 4585 1314 4652 dictu·
1352 4586 1451 4672 perti·
1575 4605 1576 4652 l
