3148 5164
584 317 742 416 —sss—

92 511 198 577 uoluit
231 517 263 576 et
278 511 418 596 rogauit.
450 509 520 578 Hoc
552 511 656 578 eciam
673 510 890 596 exprimentes
907 511 1121 590 declaramus,
1140 508 1226 594 quod

90 619 274 686 decimacio
304 615 432 702 frugum
464 626 495 684 et
526 619 595 684 vini
626 617 721 684 buius
749 619 857 685 totalis
878 616 954 685 rille
969 615 1112 700 Noglolu
1129 622 1161 682 et
1176 633 1226 682 ee-

94 726 225 811 pedicle
241 725 404 809 porcionis
420 731 580 792 terrarum
598 723 889 810 impignoralarum
904 731 1015 792 nostra
1032 730 1090 810 est,
1117 722 1225 790 nobis-

95 853 168 917 que,
199 832 235 897 id
266 840 317 898 est
331 829 482 916 capitulo
508 831 850 915 Quinqueccclesiensi
865 831 1017 898 deuolute
1033 833 1074 898 ab
1091 831 1225 914 antiqno

91 941 270 1006 occasione
287 947 318 1006 et
332 939 463 1007 racione
479 939 601 1006 cultelli
617 939 721 1006 nostri
737 938 946 1006 Varadiensis
963 938 1083 1022 uocati,
1100 937 1227 1006 scilicet

91 1067 152 1132 pro
170 1045 316 1132 decimis,
334 1066 415 1128 quas
431 1045 526 1114 nobis
543 1045 709 1112 debebant
727 1044 895 1112 duodecim
922 1045 1002 1111 uille
1032 1043 1233 1128 Monasterij'

91 1153 318 1221 Varadicnsis.
336 1151 449 1238 Vydus
465 1161 573 1218 autem
590 1153 742 1220 sacerdos
773 1153 903 1220 nomine
934 1153 1069 1221 Comitrs
1100 1153 1224 1218 Kenren

91 1261 168 1328 huic
200 1259 472 1345 impignoracioni
503 1257 700 1328 contradixit
730 1260 869 1340 ibidcm;
893 1260 951 1326 sed
968 1257 1090 1344 Mykud
1107 1260 1217 1327 Banus

90 1369 236 1434 asseruit
267 1387 307 1433 ex
339 1367 488 1451 aduerso,
521 1367 607 1452 quod
638 1369 698 1434 bec
729 1367 839 1452 porcio
856 1375 940 1434 terre
956 1366 1173 1453 impignorata
1190 1366 1224 1431 iu

88 1475 186 1540 nulla
217 1481 310 1558 parta
343 1475 391 1540 sui
424 1473 584 1540 uicinatur
601 1484 635 1540 et
652 1474 811 1560 contingit
828 1481 947 1542 terram
964 1476 1068 1559 ipsius
1086 1473 1221 1540 Comitis

89 1582 226 1648 Komen.
243 1580 359 1648 Adhuc
376 1582 404 1649 sl
421 1583 492 1667 ipae
507 1579 634 1665 nykud
666 1581 777 1648 Banns
808 1581 892 1648 hanc
923 1581 1108 1667 porcionem
1142 1588 1224 1646 terre

89 1687 310 1773 impignorata
342 1694 420 1772 aput
453 1687 583 1756 eosdem
617 1688 809 1774 Magistrum
840 1689 918 1757 Jula
949 1694 980 1755 et
995 1687 1110 1754 fatrem
1128 1706 1222 1754 snum

86 1815 288 1863 conseruare
303 1815 365 1862 non
377 1801 498 1882 posset,
516 1803 636 1862 extunc
652 1797 739 1864 alias
759 1795 846 1862 idem
878 1795 992 1861 Comes
1025 1792 1148 1878 Mykud
1180 1794 1221 1860 da

89 1903 185 1968 terris
216 1905 284 1970 suis
315 1907 437 1968 tanmm
472 1907 592 1968 terram
623 1899 703 1973 dare
735 1901 896 1968 tenebitur
923 1900 1045 1968 eisdem
1061 1899 1218 1983 Magistro

86 2008 168 2075 Jnla
185 2017 219 2092 ct
233 2008 326 2075 fratri
343 2029 404 2076 suo
420 2011 526 2076 Petro.
543 2009 665 2075 Datum
681 2009 715 2074 in
732 2009 856 2076 octauis
872 2007 972 2090 mcdij
989 2007 1113 2074 lib-me
1130 2028 1218 2074 anno

88 2115 223 2182 Domini
240 2115 414 2184 millesimo
430 2116 501 2183 00⁰
517 2115 730 2201 nonagesimo
747 2123 876 2198 quarto.

88 2314 232 2372 (Eredetie
252 2314 436 2378 blirhtrtyan,
458 2330 474 2364 a
493 2314 587 2378 peceat
606 2315 757 2376 elveszett3
777 2327 794 2363 a
813 2313 900 2364 budai
918 2314 970 2362 kir.
991 2311 1119 2362 kamarai
1137 2313 1223 2363 level·

595 2401 715 2464 tarban.)

523 2687 789 2696 —a———m

617 3214 693 3284 451.

81 3417 115 3482 A
132 3417 263 3502 uyitrac'
284 3415 508 3499 kdplolooaolc
533 3415 799 3503 br'aooysciploocle
825 3439 846 3480 a
871 3418 962 3482 Moto
984 3415 1108 3501 ttrctyt
1129 3414 1219 3500 flilo·

79 3531 283 3606 ooiszmeatcr,
303 3523 335 3586 te
352 3521 447 3586 Pcteo
461 3521 555 3590 Boas
571 3525 741 3590 mesterook
750 3525 806 3606 fia
821 3526 892 3589 lebat
907 3525 1023 3588 tbrttat
1047 3522 1219 3590 birtolccoe-

553 3633 648 3699 rdrlil.
670 3633 764 3700 1294.

195 3823 355 3894 Omnibus
365 3824 482 3894 Christi
500 3827 650 3895 fidelibus
666 3824 710 3892 ad
726 3843 806 3910 quos
822 3859 1106 3874 -----
1122 3841 1220 3892 reue·

74 3939 148 4004 rint
184 3931 383 4020 (Capitulum
414 3933 561 4003 Ecclesia
602 3930 803 4018 Nytriensis)
843 3931 982 3999 salutem
1015 3932 1047 3997 in
1079 3930 1218 3999 Domino

75 4040 330 4129 sempitemem.
363 4039 415 4106 Ad
446 4032 672 4109 uniuersorum
704 4037 856 4108 noticiam
887 4048 999 4108 tenore
1014 4037 1217 4126 presencium

75 4150 234 4219 volumus
276 4147 472 4230 peruenire:
497 4148 580 4232 quod
623 4146 744 4214 nobilis
784 4146 835 4213 vir
873 4145 1023 4214 Mothous
1063 4143 1219 4230 Magister

75 4260 277 4342 Agasonum
309 4251 430 4320 domini
462 4254 561 4338 Regis
594 4262 626 4322 ct
656 4253 773 4322 Comes
790 4252 1009 4336 Posoniensis,
1028 4253 1114 4322 filius
1132 4251 1242 4319 Petri·

75 4361 253 4451 quondam
284 4360 438 4448 Palatini,
474 4364 517 4429 ab
548 4383 617 4430 una
647 4370 761 4449 parte;
785 4365 899 4432 Petrus
934 4361 1020 4430 filins
1053 4357 1219 4445 Magieitri

73 4468 189 4556 Baas)
221 4468 264 4534 ab
295 4467 402 4536 altera
433 4489 540 4536 eoram
571 4471 666 4540 nobis
684 4471 901 4558 personaliter
914 4469 1083 4539 constituti
1099 4469 1133 4536 in
1149 4466 1219 4534 suls

73 4573 347 4668 possessionibus
364 4576 431 4645 tale
448 4580 672 4648 concambium
690 4579 840 4648 dixerunt
856 4563 1027 4648 ordinasse
1038 4585 1070 4650 at
1081 4574 1218 4648 fecisse:
1263 4631 1267 4634 .
