3068 5150
837 905 912 974 aab.

310 1104 340 1168 A
353 1107 506 1191 pozse'yoi
521 1105 747 1192 bdptrrluuuuk
762 1105 1036 1190 bizoaysciqleeale,
1053 1107 1138 1192 bopy
1154 1104 1295 1191 Gcrpely
1310 1101 1417 1190 Zoydri-

311 1215 374 1278 uulc
383 1215 445 1296 fia,
477 1217 508 1279 έε
535 1214 709 1280 Odolcioule
730 1215 798 1297 fiai
826 1215 971 1300 bizoupos
983 1215 1203 1300 peresfiildre
1225 1214 1419 1279 uczocbordl-

633 1329 771 1408 soporare
787 1323 996 1408 aqyezlcedtek.
1015 1323 1114 1386 1283.

619 1521 647 1584 A
865 1518 891 1582 Β
1107 1519 1132 1585 G

419 1625 600 1711 Capitulum
643 1625 788 1692 Ecclesia
818 1625 911 1692 Beati
943 1625 1030 1692 Petri
1062 1625 1103 1691 rlc
1135 1627 1260 1709 Posoga
1290 1622 1423 1690 omnibns

313 1729 431 1798 Christi
448 1732 595 1798 fidelibus
613 1739 679 1798 tam
697 1733 899 1818 presentibus
915 1751 1011 1817 quam
1030 1731 1144 1799 futuris
1164 1735 1300 1801 salutem
1318 1732 1349 1796 in
1371 1727 1422 1793 Do·

313 1837 398 1904 mino
418 1844 656 1925 sempiternam.
688 1843 739 1908 Ad
772 1841 997 1910 uniuersorum
1023 1843 1179 1909 noticiam
1210 1842 1325 1908 harum
1354 1837 1425 1906 sarie

313 1947 459 2014 volumus
476 1950 655 2034 peruenire,
674 1951 759 2033 quod
776 1951 934 2035 Gregorio
950 1949 1019 2016 lilio
1036 1950 1151 2035 Zoyda
1169 1971 1226 2036 pro
1253 1969 1289 2016 se
1319 1956 1349 2014 et
1377 1964 1425 2031 pro

313 2054 417 2120 Zoida
448 2076 486 2122 ao
503 2057 624 2122 blothia
649 2057 726 2142 filijs
743 2057 865 2125 Mathia
885 2057 927 2123 ab
944 2079 1010 2124 uua
1026 2063 1129 2144 parte,
1145 2057 1319 2124 Benediclo
1335 2065 1365 2122 ct
1377 2055 1426 2120 Ja·

314 2163 394 2227 eobo
410 2163 485 2250 filijs
500 2162 606 2230 Odola
622 2185 679 2249 pro
696 2185 730 2231 sc
759 2173 791 2230 et
823 2185 880 2249 pro
912 2164 1067 2231 Michaele
1098 2165 1210 2238 lratrc,
1227 2168 1363 2251 ipsorum
1391 2159 1427 2226 ab

314 2269 419 2334 altera
450 2289 556 2336 eoram
587 2269 680 2337 nobis
713 2271 928 2356 personaliter
959 2274 1143 2356 contitutis;
1168 2273 1327 2354 dixerunt,
1353 2267 1428 2353 qnod

314 2383 514 2459 superterra
544 2377 712 2445 Baniobcv
744 2385 870 2462 uocata,
903 2379 995 2446 euius
1028 2379 1235 2446 medietatem
1268 2377 1429 2463 Gregorius

315 2503 387 2550 cum
416 2483 492 2566 filijs
509 2485 628 2551 blathie
645 2485 838 2573 requirebat,
853 2485 895 2552 aul
912 2485 1010 2552 talem
1031 2485 1122 2573 pacis
1139 2486 1274 2553 formam
1292 2484 1429 2553 deuenis-

316 2599 388 2656 seut
405 2617 412 2657 :
430 2591 514 2676 qnorl
531 2593 617 2659 idern
636 2589 815 2678 Gregorius
832 2613 983 2660 unacum
1000 2593 1077 2679 lilijs
1109 2594 1231 2660 Mathis
1263 2591 1431 2660 dimidiata
1524 2571 1525 2588 ¹

317 2707 380 2764 tem
411 2707 496 2766 terre
528 2699 713 2785 supradicte
744 2699 931 2785 reliquisset
963 2701 1039 2785 filijs
1072 2699 1177 2768 Odola
1209 2699 1434 2767 cumomnibus

320 2807 511 2875 utilitatibus
529 2809 597 2874 suis
613 2813 770 2892 perpetuo
797 2807 1044 2894 possidendam3
1068 2817 1099 2873 et
1130 2808 1227 2893 ijrlem
1246 2808 1304 2894 filij
1337 2805 1434 2875 ooou

318 2919 351 2981 in
369 2916 590 2982 concambium
608 2915 752 2983 eiusdem
770 2925 855 2983 terre
872 2915 1036 3000 quandam
1054 2923 1172 2982 terram
1190 2916 1330 3000 ipsorum
1346 2917 1432 2980 sitan

319 3023 350 3088 ln
369 3019 520 3088 Orioirha
535 3042 556 3087 a
571 3021 708 3088 Nicolao
724 3021 788 3087 filio
805 3023 956 3088 Haraneh
973 3029 1202 3106 comparatam,
1227 3029 1392 3107 exceptam
1407 3029 1435 3088 et

319 3129 504 3196 distinctam
537 3129 570 3193 in
603 3129 698 3196 metis
729 3129 953 3214 infrascriptis,
986 3131 1102 3213 quibus
1135 3128 1249 3196 Comes
1290 3131 1434 3196 Nicolaus
1523 3189 1524 3222 ,

319 3237 402 3304 lilius
419 3237 549 3302 ladizlai
567 3237 760 3323 particulam
778 3236 923 3304 ciusdem
940 3244 1023 3304 terre
1038 3237 1238 3324 comparauit
1269 3238 1434 3306 seeundum
1523 3231 1524 3276 l

318 3345 552 3412 continenciam
586 3345 767 3411 litterarum
808 3353 1002 3432 nostrarum,
1033 3347 1182 3412 similiter
1216 3345 1383 3414 ‹ledrsscnt
1410 3349 1438 3408 et

320 3455 544 3539 assignassent
560 3473 632 3520 eum
649 3453 799 3520 omnibus
817 3453 1012 3522 utilitatibus
1026 3466 1181 3539 perpetuo
1192 3453 1437 3537 possidendam;

320 3563 365 3629 ita
381 3560 466 3646 quod
497 3561 679 3646 quicunque
694 3561 799 3646 ipsum
817 3559 1007 3646 Gregorium
1025 3572 1056 3628 et
1074 3563 1158 3629 filios
1176 3563 1297 3629 Matbie
1313 3561 1437 3640 racione

319 3668 461 3736 ciusdem
477 3676 562 3735 terre
578 3670 731 3738 infestare
747 3671 1000 3755 attemptnnerit,
1017 3669 1118 3754 ijuleru
1135 3669 1191 3752 filij
1226 3668 1331 3736 Odola
1362 3677 1440 3735 tene·

319 3778 439 3844 buntur
470 3779 623 3865 expedire
656 3780 792 3865 proprijs
819 3781 986 3848 laboribus
1002 3787 1033 3846 et
1049 3779 1220 3865 expensis3
1248 3785 1281 3844 et
1299 3779 1442 3846 similitor
1522 3811 1523 3842 r

321 3887 602 3974 quicunqncfilios
619 3885 725 3954 Odola
751 3890 881 3954 racione
914 3887 1128 3955 dimidietatia
1165 3895 1251 3954 terre
1282 3893 1443 3971 prenotate

320 3997 531 4083 intestanerit,
566 3997 740 4081 Gregorius
758 4005 789 4062 et
806 3997 862 4082 filij
886 3997 1010 4065 Mathia
1026 3997 1115 4083 ipsos
1132 3997 1164 4061 iu
1181 3997 1249 4064 suis
1264 3995 1444 4064 accionibus

321 4106 888 4174 etcausistenebunturadmitterc.
928 4105 1054 4191 Siquis
1086 4111 1193 4171 antem
1227 4125 1266 4169 ex
1300 4102 1380 4189 ipsis
1409 4101 1445 4168 de

323 4215 462 4298 presenti
494 4215 598 4280 lorma
614 4215 706 4299 pacis
721 4213 904 4300 resiliuerit,
931 4221 962 4279 et
979 4213 1039 4280 hoc
1056 4233 1132 4298 pars
1148 4232 1185 4278 se
1200 4210 1378 4280 defendens
1393 4229 1446 4295 per

322 4324 438 4388 ruitum
471 4321 605 4388 Comitis
638 4321 818 4410 Benedicti,
850 4329 881 4388 et
913 4318 1050 4388 Comitis
1084 4317 1242 4403 Stephani
1273 4319 1331 4403 filij
1363 4319 1450 4398 Jaco,

322 4429 481 4497 Jolrannis
513 4429 571 4514 filij
606 4429 760 4515 Otboliui,
793 4439 826 4497 et
857 4429 982 4496 Nicolai
1013 4429 1068 4514 filij
1102 4423 1448 4514 lzulialai,ctCapituli

324 4547 536 4629 proutraque
556 4544 649 4622 parte
681 4538 864 4624 approbare
897 4537 1022 4625 poterit,
1057 4534 1294 4622 quinquaginta
1327 4554 1449 4600 mareas
