3148 5146
597 371 758 470 *cs-

108 564 148 632 de
173 565 321 651 presenti
353 567 415 632 eth.
447 562 580 652 (linnek
609 561 752 650 folyttn)
776 565 936 648 quasdam
952 564 1077 632 litteras
1097 561 1251 646 Capituli

107 673 254 741 Ecclesia
269 671 459 740 Bachiensis
475 669 703 757 priuilegiales
719 671 779 740 stb.
800 671 872 751 Quo
902 679 1055 758 percepto
1087 669 1244 738 annotati

109 778 296 866 Stephanus
327 779 369 844 de
384 774 557 858 Vereulcu,
589 797 628 844 ac
644 777 811 846 Johannes
826 778 912 845 filius
927 776 1098 861 iohannis,
1129 783 1161 844 et
1175 776 1239 844 Do·

109 887 250 954 minicus
265 886 353 952 lilius
384 881 513 951 Nicolai
529 883 570 951 de
601 883 690 951 dicta
720 884 912 971 Nagwclgh,
940 904 1089 953 necnon
1122 884 1240 952 nobilis

110 993 246 1061 domina
276 991 422 1058 eiusdem
454 990 613 1077 Stephani
628 995 732 1058 mater
747 991 975 1076 personaliter,
1006 1011 1046 1058 ac
1069 990 1155 1058 idem
1170 993 1237 1060 Sta

110 1100 242 1184 phanus
271 1096 313 1166 de
342 1099 504 1167 Vereuseu
533 1119 593 1184 pro
624 1098 805 1184 prescripta
845 1099 977 1166 domina
1000 1099 1098 1166 Anna
1123 1105 1253 1167 vocata

110 1211 260 1274 consorte
277 1203 355 1272 dicti
370 1203 519 1273 Ladislai
536 1205 577 1272 da
592 1203 747 1272 Fcldwar
761 1225 834 1274 curn
861 1207 976 1273 litteris
1008 1205 1244 1291 procuratorijs

110 1313 250 1400 predicti
291 1311 433 1398 Capituli
475 1311 620 1380 Ecclesie
662 1311 865 1399 Bachiensis,
906 1313 1012 1398 ipsum
1042 1313 1251 1398 Stephanum

111 1419 214 1486 tilium
233 1421 344 1488 Endrc
359 1419 402 1488 ab
417 1421 480 1487 hac
496 1421 568 1486 luce
600 1419 768 1487 decessum
797 1419 866 1486 sore
896 1419 1085 1508 referentes,
1116 1423 1243 1506 prefato

110 1527 216 1594 Paulo
231 1527 298 1594 filio
315 1525 459 1596 eiusdem
476 1526 585 1594 Endre
601 1548 666 1595 non
681 1527 844 1613 veniente,
861 1547 921 1595 neo
935 1528 1083 1597 mittente
1099 1529 1163 1596 stb.
1180 1527 1255 1616 (ta--

113 1633 240 1719 gadjak
258 1653 280 1699 a
295 1631 615 1718 hatalmashodtst);
640 1652 716 1700 nam
737 1633 851 1701 eadem
879 1635 1045 1719 possessio
1062 1633 1160 1722 Nyeh
1175 1636 1243 1704 alio

113 1741 245 1808 nomine
276 1739 437 1808 Veraufeu
468 1745 585 1807 vocata
616 1738 730 1806 totalis
746 1740 853 1807 cidem
869 1740 1003 1809 domino
1016 1744 1112 1808 Anna
1128 1749 1244 1811 vocate

115 1849 230 1931 vigore
259 1847 447 1915 litteralium
473 1846 760 1914 instrumentorum
792 1847 989 1932 pertineret,
1011 1846 1103 1916 dicta
1134 1857 1242 1918 autem

116 1956 240 2023 nobilis
255 1955 387 2022 domina
402 1963 506 2021 mater
522 1953 602 2021 dicti
618 1953 777 2037 Stephani
793 1975 851 2040 pro
876 1955 945 2022 suis
976 1955 1099 2022 iuribus
1131 1956 1244 2024 dotali·

116 2065 189 2149 cijs,
220 2061 304 2129 idem
336 2082 414 2128 vero
449 2061 644 2145 Stephanus,
679 2060 847 2128 Johannes
887 2061 975 2128 lilius
1006 2058 1179 2150 Johannis,
1212 2070 1257 2130 at

113 2169 306 2236 Dominicus
324 2170 410 2235 filius
428 2169 569 2253 Nicolai,
584 2187 656 2234 cum
673 2167 749 2251 alijs
765 2187 874 2238 eorum
890 2169 1061 2253 fratribus,
1076 2169 1109 2235 in
1125 2169 1237 2236 eadem

111 2277 321 2361 possessione
350 2276 449 2363 Nyek
480 2297 520 2342 ex
536 2275 792 2361 participacione
823 2275 965 2343 eiusdem
984 2277 1115 2344 domine
1147 2281 1243 2345 Anne

114 2386 288 2470 porciones
303 2385 460 2452 haberent
475 2392 509 2450 et
525 2395 767 2451 conseruerant.
784 2384 826 2449 lit
840 2382 961 2450 ibidem
977 2386 1011 2450 in
1043 2385 1247 2454 declaracio·

115 2511 189 2558 nem
206 2493 290 2558 iuris
322 2490 448 2576 prefate
480 2491 612 2558 domine
638 2492 732 2558 Anne
748 2491 908 2574 quasdam
923 2500 991 2558 tres
1008 2494 1144 2580 litteras,
1162 2491 1245 2562 duas

114 2599 266 2668 annotati
283 2597 426 2684 Gapituli
443 2599 591 2666 Ecclesie
607 2598 798 2666 Bachiensis
814 2598 1049 2686 priuilegiales,
1067 2608 1100 2668 et
1110 2601 1244 2670 terciam

117 2706 240 2775 domini
251 2707 411 2792 Stephani
421 2705 640 2774 dehochonch
651 2705 1124 2776 condamBanillaohouiensis
1134 2713 1247 2793 paten-

116 2815 289 2885 temnobis
299 2820 534 2898 presentarunt.
543 2815 582 2879 In
592 2834 728 2898 quarum
738 2813 855 2900 prima,
866 2814 1020 2883 videlicet
1029 2817 1175 2882 onnotati
1186 2817 1245 2883 Ga-

117 2925 215 3010 pituli
225 2921 424 3010 priuilegiali
435 2920 555 3008 littera,
568 2942 654 2988 anno
667 2921 800 2989 Domini
817 2923 866 2988 hl⁰
882 2921 1104 2990 ducentesimo
1120 2927 1248 3007 septua-

118 3032 249 3116 gesimo
279 3029 423 3097 secundo
433 3027 590 3116 conlecta,
601 3028 776 3112 alphabeto
787 3029 943 3096 intercisa
952 3027 1142 3117 habebatur,
1158 3030 1246 3115 quod

116 3140 313 3206 accedentes
328 3138 371 3204 ad
387 3137 590 3222 presenciam
607 3135 686 3202 dicti
707 3133 847 3219 Capituli
880 3138 1027 3204 Andreas
1056 3137 1141 3205 filius
1157 3139 1258 3206 Iwan.

117 3267 161 3313 ex
177 3267 243 3314 rna
274 3254 378 3333 parte,
395 3251 427 3312 et
443 3267 483 3312 ex
499 3248 603 3312 altera
632 3243 821 3312 Leonardus
838 3244 924 3311 filius
940 3245 1130 3332 Dombaldi,
1144 3247 1247 3312 serui·

117 3373 180 3421 ens
195 3353 342 3420 eiusdem
357 3351 505 3437 Magistri
521 3350 661 3438 Andree,
678 3351 764 3418 idam
780 3351 936 3434 Magister
952 3350 1102 3418 Andreas
1128 3353 1250 3420 contos·

115 3482 177 3529 sus
193 3461 382 3546 exstitisset,
415 3466 449 3527 vt
463 3459 535 3545 ipsc
550 3457 714 3544 quandam
730 3466 849 3525 terram
881 3477 972 3526 suam
998 3477 1057 3544 per
1081 3457 1187 3544 ipsum
1204 3458 1246 3526 de

116 3571 204 3637 Iterr
218 3587 278 3652 pro
293 3567 412 3656 viginti
427 3568 548 3635 marcis
565 3573 787 3652 comparatam
804 3565 900 3652 Nyeh
918 3573 1077 3652 vocatam,
1101 3567 1260 3636 adiecen·

116 3684 189 3743 tem
229 3677 325 3742 terris
365 3682 670 3761 commetaneorum,
708 3674 862 3743 videlicet
911 3675 1107 3742 venerabilis
1148 3677 1254 3761 patris

116 3783 249 3852 domini
264 3783 510 3870 Archiepiscopi
527 3782 717 3852 colocensis
733 3784 766 3848 in
783 3781 888 3867 Doba,
920 3781 1103 3866 Laurencij,
1135 3781 1261 3850 Ludis·-

113 3893 165 3958 lai
183 3897 219 3958 ct
232 3890 353 3957 Ghititu
383 3891 521 3957 filiorum
554 3891 706 3976 Ananyc,
737 3896 769 3956 et
784 3887 937 3973 Symonis
968 3887 1023 3972 filij
1052 3885 1198 3974 Georgij,
1212 3908 1252 3955 ac

112 3999 239 4085 Blasij,
269 3997 372 4064 eidem
404 3997 576 4065 Leonardo
607 3997 754 4082 pensatis
785 3994 934 4063 fidelibus
951 3995 1097 4083 seruicijs
1112 3995 1179 4063 suis
1196 4015 1255 4082 per

112 4107 265 4177 eundem
282 4105 433 4174 exhibitis
454 4105 627 4192 indefesse,
644 4106 679 4171 in
711 4099 1048 4189 recompensacionem
1080 4106 1253 4172 eorundem

113 4217 269 4284 fidelium
286 4215 499 4283 seruiciorum
515 4235 644 4282 suorum
662 4213 817 4298 dedisset,
836 4212 990 4278 donasset
1006 4217 1038 4279 et
1053 4211 1262 4301 contulisset,

112 4327 186 4394 sibi
206 4330 240 4390 et
254 4321 432 4392 heredibus
447 4323 514 4390 suis
530 4321 730 4390 heredumve
746 4317 987 4387 successoribus
998 4319 1073 4403 jure
1098 4327 1253 4406 perpetuo

112 4435 182 4502 sub
220 4428 345 4497 eisdem
376 4429 481 4515 metis,
514 4430 632 4513 quibus
664 4447 820 4513 possessa
854 4425 969 4494 fuisset
993 4427 1036 4493 ab
1052 4425 1198 4512 antiquo,
1213 4428 1255 4498 de

111 4543 295 4610 voluntate
317 4543 360 4606 ¹et
391 4557 550 4606 consensu
581 4536 758 4604 eorundem
790 4541 1083 4602 commetancorum
1113 4547 1254 4604 *suorum

110 4645 265 4737 pacifice
296 4644 539 4730 possidendam.
571 4644 686 4712 Altera
718 4645 778 4710 stb.
794 4639 915 4709 Datum
931 4647 1045 4727 quarto
1061 4641 1185 4710 decimo
1200 4642 1264 4710 die·
