3096 5160
872 1009 947 1078 433.

344 1208 407 1275 m.
423 1207 538 1272 Eudre
554 1208 736 1293 kirdlyrsaic
752 1210 885 1296 Ipra'chy
900 1217 983 1276 neoti
993 1206 1104 1294 fuldu
1119 1215 1275 1296 mrpyazo
1290 1213 1479 1298 adoomoya

620 1315 769 1382 Dacmsld
783 1327 895 1384 memor
910 1322 1072 1385 numera.
1097 1317 1198 1384 1292.

452 1509 603 1581 Andreas
632 1509 694 1579 Dei
725 1511 840 1596 gracia
881 1509 1059 1598 Hungarie,
1099 1511 1281 1599 Dalmaoie,
1323 1511 1474 1598 Croacie,

346 1619 457 1706 Reme,
489 1619 615 1708 Seruis,
642 1618 792 1703 Gallicis,
816 1617 1019 1705 Lodomerie,
1056 1619 1215 1687 (lumenie
1240 1620 1469 1704 Balgarieque

346 1728 414 1794 Rex
431 1728 594 1796 uniuersis
611 1727 731 1796 Christi
747 1725 900 1796 fidelibus
916 1733 983 1796 tem
1008 1728 1212 1814 presentibus
1238 1749 1336 1812 quem
1354 1729 1473 1797 tuturis

348 1855 483 1921 presens
498 1837 655 1921 seriptum
672 1833 877 1922 inspecturis,
894 1837 1030 1904 salntem
1046 1835 1081 1902 iu
1097 1835 1214 1903 salutis
1229 1835 1397 1922 largitore
1413 1840 1475 1906 Re·

349 1943 403 2024 gie
419 1943 601 2012 Maiestatis
618 1942 817 2026 Sublimitas,
851 1941 927 2010 lieet
942 1963 1070 2012 manum
1086 1942 1272 2010 munificam
1296 1946 1474 2013 extendere

347 2049 467 2120 debeet
482 2051 664 2121 uniuersis:
682 2051 758 2120 illos
768 2058 878 2119 tamen
888 2049 1000 2118 fauore
1015 2049 1118 2135 Regio
1135 2049 1232 2118 debet
1247 2053 1403 2138 prosequi
1415 2074 1473 2140 po

346 2157 438 2242 eiori,
471 2178 552 2244 quos
583 2158 733 2244 generosi
763 2157 932 2243 sanguinis
962 2157 1032 2226 alta
1072 2157 1238 2245 nobilitas,
1278 2179 1474 2245 morumque

346 2267 504 2336 immense
520 2267 675 2354 probitas,
693 2271 726 2334 et
744 2265 879 2335 sudores
904 2265 1015 2334 bellici
1038 2285 1099 2351 pre
1124 2266 1242 2332 ceteris
1272 2267 1471 2335 extulerunt

345 2375 486 2443 Proinde
501 2373 544 2442 ad
562 2375 786 2444 uniuersorum
816 2375 970 2444 noticiam
986 2374 1102 2442 harum
1126 2374 1211 2444 serie
1226 2373 1376 2442 solumne
1393 2397 1467 2462 per-

344 2482 474 2570 uenire;
505 2483 592 2568 quod
616 2483 861 2553 considerantes
877 2483 1052 2552 fidelitates
1070 2485 1103 2550 et
1112 2481 1327 2550 'serviciorum
1352 2488 1472 2555 merita

346 2589 496 2676 Magistri
512 2591 655 2661 Duruulo
671 2593 781 2660 dilecti
796 2599 829 2662 et
843 2591 947 2660 tidelis
963 2591 1074 2680 nostri,
1092 2609 1155 2675 que
1170 2597 1294 2675 etqnes
1316 2591 1350 2658 in
1368 2593 1473 2664 diuer-

349 2701 395 2770 sis
411 2699 678 2787 expediaionibns
693 2699 797 2787 Regni
824 2700 927 2768 nostri
952 2721 1018 2768 non
1043 2701 1115 2767 sine
1138 2698 1262 2768 cruoris
1288 2700 1338 2768 sui
1365 2703 1471 2772 effusi·

346 2827 417 2894 cue,
435 2814 468 2874 et
483 2811 653 2877 occasione
668 2809 954 2878 innumerabilium
962 2807 1179 2876 seruiencium
1194 2825 1323 2876 suorum
1340 2809 1375 2876 iu
1394 2831 1470 2880 eon-

345 2917 434 2985 flietu
450 2917 703 2990 Teutonicomm
718 2917 983 3005 interemptorum
1014 2913 1168 3003 exhibuit,
1199 2921 1234 2982 vt
1259 2914 1398 2986 fideliter
1423 2923 1472 2988 sie

345 3026 481 3113 deuote;
499 3032 593 3113 prout
623 3025 718 3095 nobis
743 3046 802 3112 per
833 3024 1033 3094 relacionem
1056 3023 1220 3092 Beronum
1245 3042 1286 3090 ac
1311 3027 1472 3095 nobilium

346 3135 450 3216 Regni
466 3133 570 3202 nostri
587 3133 695 3202 extitit
710 3133 926 3202 manifestum.
935 3131 1150 3200 Attendentes
1160 3132 1271 3213 itaque
1287 3131 1393 3217 ipsius
1409 3153 1474 3202 ser·

344 3241 433 3308 uieia
446 3241 604 3328 gratuite,
621 3261 684 3326 que
700 3261 738 3310 eo
755 3249 911 3329 ternpore,
935 3259 1009 3308 eum
1024 3239 1183 3324 Magister
1203 3235 1372 3309 Johsnnes
1386 3243 1473 3310 tilius

345 3347 472 3416 Herrici
488 3347 571 3417 Beni
587 3369 670 3417 ausu
685 3349 859 3417 temerario
870 3349 1026 3416 Nostram
1035 3346 1230 3415 Maiestaten
1240 3347 1470 3434 impetiuerat;

344 3455 431 3523 idem
447 3455 606 3540 Magister
621 3457 764 3526 Duruzlo
789 3461 921 3543 propter
943 3454 1344 3542 liberecionemuostram
1370 3459 1468 3526 eonti-

344 3563 420 3632 uuis
435 3563 657 3648 legationibus
673 3563 832 3649 fatigatus
847 3564 946 3630 tilium
962 3582 1055 3632 suum
1068 3583 1125 3649 pro
1136 3563 1259 3632 Nostra
1269 3563 1467 3634 Celsitudine

345 3667 481 3738 tradidit
497 3669 531 3737 in
546 3670 702 3754 obsidem,
728 3669 876 3756 inpendit
901 3669 1071 3738 indefesse.
1097 3671 1166 3739 Nos
1191 3670 1295 3755 ipsius
1320 3673 1466 3760 seruicijs

349 3777 604 3864 acceptabilibus
637 3798 803 3848 occurrere
834 3777 1001 3869 cupientes
1012 3779 1121 3868 ¹Regio
1151 3779 1284 3864 fenore3
1316 3779 1394 3847 licet
1423 3803 1466 3848 re

346 3889 461 3972 speetu
477 3886 704 3970 obsequiorum
714 3907 854 3972 suorum,
868 3907 931 3972 qne
946 3886 991 3955 ud
1007 3907 1141 3973 presens
1152 3887 1292 3972 agimus,
1309 3889 1465 3956 modicum

346 3994 539 4079 videantur;
556 3993 719 4080 quandam
744 3999 864 4064 terram
885 3995 1105 4079 joculatorum
1130 4000 1315 4062 nostrorum
1341 3996 1467 4082 Igriehy

346 4106 507 4189 uocatum,
524 4121 596 4169 cum
614 4103 761 4170 omnibus
778 4101 977 4172 utilitatibus
994 4109 1027 4169 et
1041 4101 1328 4189 pertinencijssnis
1345 4103 1462 4170 uniuer-

345 4210 401 4298 sis,
417 4212 479 4278 sub
496 4209 592 4277 metis
608 4216 641 4276 et
656 4212 805 4279 terminis
821 4210 888 4278 suis
920 4209 1076 4298 antiquis,
1108 4211 1227 4295 quibus
1259 4229 1317 4296 per
1348 4210 1465 4295 priores

346 4337 550 4404 possessores
581 4317 723 4386 limitata
752 4319 859 4387 iuerat
883 4337 941 4386 seu
968 4337 1131 4405 possessa,
1179 4315 1284 4384 eidem
1315 4317 1467 4401 Magistro

344 4427 498 4512 Duratio,
513 4432 545 4494 et
560 4444 618 4510 per
634 4444 707 4495 eum
724 4427 792 4494 suis
808 4425 980 4496 heredibus
1007 4424 1229 4509 heredumque
1250 4445 1382 4492 suorum
1398 4444 1465 4492 sue·

344 4533 537 4621 sessoribus,
554 4530 703 4601 dedimus
721 4534 916 4602 donauimus
943 4542 976 4602 et
1000 4531 1195 4602 contulimus
1221 4533 1292 4599 iure
1319 4540 1468 4620 perpetuo

346 4640 481 4722 paelice
507 4640 738 4725 possidendam
755 4649 787 4713 et
802 4641 997 4710 habendam.
1022 4643 1060 4708 In
1086 4641 1180 4709 cuius
1205 4639 1253 4706 rei
1281 4641 1463 4710 memoriam
