3148 5164
810 321 969 417 joe-

327 519 367 582 et
377 502 620 600 precordialiter
637 533 676 578 ac
693 512 817 595 denote,
834 519 869 578 ut
885 511 957 594 ipse
974 513 1137 593 quendam
1154 531 1291 597 puerum
1309 512 1454 579 Blasium

326 624 467 709 nomine,
485 622 586 688 filiurn
603 619 720 688 ancille
736 639 793 686 sue
809 619 920 685 ltlelka
935 625 1060 705 vocate,
1078 617 1221 687 debello
1238 620 1457 685 contraBooz-

326 749 443 798 nenses
460 727 545 796 facto
561 728 594 792 in
612 725 803 812 captiuitate
822 725 970 811 adducto,
1003 725 1044 790 ob
1077 743 1208 791 suorum
1243 725 1457 812 propriorum,
1566 735 1567 764 l

327 858 366 904 ac
383 841 553 920 parentum
581 853 723 917 suorum,
756 853 795 899 ac
826 833 1040 918 prenominati
1072 832 1179 898 mariti
1209 833 1260 899 sui
1293 832 1460 899 Benedicti

326 942 548 1009 remissionem
589 941 820 1024 peccaminum,
852 937 1094 1006 manumitteret
1124 958 1287 1022 aureeque
1319 939 1461 1007 libertati

329 1045 554 1117 condonando.
580 1047 674 1114 Nunc
691 1053 798 1112 autem
816 1047 887 1132 ipse
904 1046 1027 1112 Paulus
1044 1046 1087 1113 ad
1103 1045 1290 1112 huiusmodi
1324 1045 1399 1130 pias
1430 1051 1461 1109 et

329 1157 466 1224 denotas
483 1173 595 1238 preces
612 1153 741 1220 domine
758 1155 870 1222 matris
887 1173 954 1238 sue,
972 1159 1004 1219 et
1020 1153 1122 1221 eciam
1138 1159 1270 1238 propter
1286 1161 1386 1235 grata
1401 1172 1464 1219 ser-

330 1265 415 1330 uicia
430 1261 573 1347 predicte
590 1261 707 1328 ancille
724 1262 843 1347 Melka,
876 1282 937 1345 que
953 1262 1027 1346 ipsa
1042 1261 1174 1327 domine
1191 1262 1287 1326 matri
1304 1281 1365 1328 sue
1391 1260 1466 1325 lide-

332 1369 451 1434 literet
477 1365 640 1434 indefesse
672 1366 817 1432 exhibuit
846 1371 878 1432 et
909 1363 1078 1451 impendit,
1110 1373 1294 1450 presentem
1328 1387 1465 1450 puerum

333 1474 486 1558 Blasium,
498 1481 678 1558 presentem
696 1493 803 1540 coram
820 1473 912 1539 nobis
928 1473 1124 1559 manumisit,
1143 1481 1273 1558 recepta
1283 1475 1392 1538 eciam
1402 1493 1467 1538 vna

334 1599 443 1650 marca
460 1581 501 1646 ab
519 1577 639 1662 eodem,
657 1599 696 1645 ac
712 1585 867 1666 perpetue
883 1579 1026 1646 libertati
1043 1579 1262 1646 condonanuit
1277 1579 1390 1665 eundi,
1407 1600 1467 1646 neo

334 1711 400 1756 non
416 1685 645 1771 commorandi,
675 1687 738 1754 sibi
756 1695 788 1752 et
805 1686 954 1755 omnibus
971 1685 1244 1756 descendentibus
1270 1691 1314 1754 ab
1341 1687 1467 1762 eodem,

336 1796 518 1878 ubieunque
533 1793 701 1876 voluerint,
719 1792 853 1860 liberam
870 1792 952 1860 dans
970 1795 1012 1860 de
1028 1801 1133 1861 cetero
1150 1795 1361 1880 facultatem,
1377 1814 1470 1862 essu-

338 1903 465 1988 mendo,
495 1908 530 1966 ut
546 1903 615 1986 ipse
631 1901 751 1967 Paulus
769 1900 910 1968 eundem
925 1901 1071 1969 Blasium
1097 1903 1138 1969 ab
1164 1905 1253 1969 omni
1284 1903 1471 1992 impetitoro

338 2005 536 2094 superiacto
553 2007 712 2074 libertatis
729 2026 786 2094 sne
811 2007 964 2090 expediet
995 2016 1026 2074 et
1058 2007 1242 2074 defensabit
1272 2028 1407 2092 semper
1437 2017 1471 2074 et

340 2115 468 2198 ubique.
508 2115 545 2178 ln
563 2113 654 2179 cuius
671 2114 718 2179 rei
735 2113 923 2180 memoriam
942 2121 973 2180 et
991 2121 1180 2198 perpetuam
1195 2115 1383 2181 firmitatem
1399 2137 1475 2202 pre·

339 2229 447 2286 sentes
465 2218 682 2286 concessimus
697 2219 823 2288 litteras
840 2219 942 2304 sigilli
959 2222 1060 2286 nostri
1086 2221 1264 2287 munimine
1288 2223 1471 2289 roboratas.

338 2329 457 2394 Datum
474 2347 561 2392 anno
576 2327 706 2394 Domini
722 2327 840 2394 bl⁰CC⁰
866 2329 1082 2412 nonagesimo
1113 2337 1217 2412 sexto,
1250 2349 1364 2397 mense
1394 2331 1473 2414 Sep—

338 2434 463 2501 tembri.
488 2435 582 2500 Petro
600 2434 743 2520 Decano,
763 2441 795 2500 et
809 2435 965 2520 Bobmylo
983 2434 1129 2503 Custode
1145 2435 1374 2520 existentibus,
1389 2443 1474 2504 cete

340 2541 453 2622 risque
469 2539 626 2608 fratribus
642 2541 806 2608 nobiscum
824 2543 894 2609 Deo
911 2541 1030 2626 iugiter
1046 2541 1283 2610 famulantibus
1300 2549 1334 2610 et
1349 2544 1475 2611 deuote

342 2737 486 2798 (Eredetio
521 2737 705 2801 borbartyan,
738 2737 802 2787 zbld
833 2738 1068 2800 selyemzsindron
1093 2740 1179 2806 tuggo
1204 2740 1303 2804 peccat
1326 2741 1419 2806 elatt5
1458 2757 1486 2791 a.
1566 2731 1567 2776 l

527 2827 634 2876 romeis.
646 2827 767 2892 herczeg
779 2827 950 2891 Eszterhrizy
964 2827 1060 2878 csaldd
1078 2824 1294 2893 leveltdrdban.)

775 3109 1042 3121 -———--

874 3641 955 3716 479.

351 3843 381 3910 A
401 3845 523 3909 tdro'czc'
539 3843 673 3908 dolaverat
689 3846 793 3928 citirp'o
810 3843 869 3908 IV.
890 3844 1005 3908 Leisald
1021 3817 1200 3929 leirdlyaole
1217 3845 1373 3931 Polcpya
1398 3845 1501 3932 help·-

351 3955 405 4039 edp
436 3955 537 4018 re'eze't
561 3951 1078 4037 tdr·ppozr51285·leiadomdnpdt
1097 3951 1308 4036 Lipto'vr'dc'ki
1339 3953 1439 4039 Ipors
1459 3959 1492 4020 e's

684 4060 860 4124 Leusztcieb
876 4063 1035 4124 ezdmdra.
1054 4059 1150 4124 1296.

463 4252 631 4318 Vniuersis
649 4251 768 4318 Christi
786 4251 934 4319 fidelibus
951 4271 1085 4337 presens
1111 4251 1267 4337 scriptum
1293 4251 1502 4337 inspecturis

354 4359 494 4427 inanire
509 4361 720 4428 miseracione
736 4361 858 4427 Diuina
875 4361 1061 4447 Propositus
1079 4358 1266 4442 Monasterij
1285 4361 1386 4428 Beate
1421 4363 1497 4430 Vir·

349 4469 443 4552 'ginis
459 4467 500 4535 de
515 4467 665 4534 Thurocb
683 4475 714 4534 et
730 4475 817 4536 tolus
833 4468 1019 4536 Conuentus
1034 4467 1096 4536 loci
1115 4453 1262 4535 eiusdem
1279 4467 1424 4536 salutem
1459 4471 1495 4538 in

356 4574 496 4641 Domino
513 4574 751 4658 sempiternam.
790 4573 894 4653 Quum
911 4583 946 4643 rt
962 4577 1077 4661 queuis
1094 4575 1268 4666 disposicio
1300 4583 1397 4662 gesta
1431 4581 1502 4647 sub
