3168 5150
698 242 716 305 'l

623 328 782 342 *-

133 430 304 500 fidelitatis
320 451 381 500 sue
405 431 588 502 laudabiles
619 436 731 504 titulos
761 437 869 523 operis
901 434 1106 503 exhibicione
1136 455 1264 522 sempor

132 539 219 608 adeo
249 541 462 628 solempniter
502 543 745 632 demonstrauit,
779 554 814 612 ut
844 548 954 612 omnia
984 563 1084 630 opera
1116 545 1186 612 eius
1219 544 1263 611 ad

134 648 386 719 instruooionem
401 649 731 738 reformuoionemque
750 661 931 722 oeterorum
952 650 1110 721 deberent
1139 653 1265 738 speeie·

133 756 210 822 litor
242 757 392 825 annotari
409 784 418 826 :
434 759 513 844 quia
543 765 653 828 temen
684 762 793 830 omnia
808 763 941 847 longum
959 767 1118 848 essetper
1133 759 1265 846 singula

131 863 284 950 recitare,
313 865 454 950 quodam
484 867 526 935 de
555 868 658 954 gestis
690 869 761 936 eins
791 877 824 938 et
853 867 1022 938 fidelitatis
1053 867 1210 956 seruioijs,
1229 874 1265 935 vt

132 972 290 1040 memorie
330 981 534 1059 posterorum
576 978 851 1064 sommendeutur,
893 997 1067 1062 eorumque
1111 975 1261 1060 exemplo

128 1079 265 1148 diseunt
279 1083 380 1152 osteri
394 1081 566 1152 fidelitatis
582 1085 737 1171 operibus
752 1083 935 1154 ferueuoius
952 1083 1111 1173 inherere,
1127 1103 1259 1170 prosen-

124 1188 217 1258 tibus
232 1189 384 1260 duximus
394 1191 593 1260 mnotanda
607 1190 715 1262 Primo
725 1195 823 1280 euim,
840 1213 911 1261 eum
924 1193 1096 1278 inopinata
1105 1192 1258 1260 ‘l'artsro-

124 1318 199 1364 rum
216 1297 401 1385 oslamitas,
416 1297 604 1386 prohdolor,
628 1301 768 1387 pristine
795 1300 1039 1372 deuastaoiouis
1064 1319 1127 1368 non
1161 1299 1260 1368 inme-

128 1425 214 1490 mor,
246 1405 402 1490 reliquias
434 1407 545 1494 populi
560 1409 663 1480 nostri
679 1410 712 1476 in
729 1429 786 1478 ore
802 1409 907 1496 gladii
925 1428 1114 1479 oonsumere
1130 1408 1260 1494 oupien·

122 1523 175 1584 tos
192 1515 341 1601 Regnum
356 1522 500 1584 nostrum
518 1515 610 1584 adire
634 1515 799 1586 hostiliter
829 1517 1018 1598 volnissent,
1049 1537 1110 1586 uos
1141 1515 1258 1585 molem

122 1623 211 1692 tanti
241 1622 368 1709 negooij
401 1621 542 1692 humeris
557 1623 663 1710 ipsius
688 1624 824 1714 Pouyoh
838 1624 921 1696 Bani
937 1625 1151 1711 imponentes,
1168 1621 1258 1692 misi-

124 1753 200 1800 mus
220 1751 294 1800 snm
309 1729 343 1797 in
359 1729 531 1816 legaoioue
560 1739 674 1802 nostra
704 1731 748 1800 ed
778 1733 902 1819 Regem
933 1752 992 1802 ssu
1022 1733 1257 1818 Imperatorem

124 1843 360 1926 Tartarornm5
394 1839 479 1909 vnde
510 1839 598 1909 idom
628 1843 699 1910 looo
730 1840 913 1912 formidinis
944 1841 1095 1928 letioism,
1125 1839 1259 1906 meroris

126 1948 302 2036 gandium,
319 1954 353 2016 et
368 1946 614 2035 desponsionis
628 1969 721 2037 spem
746 1950 862 2018 ineolis
879 1945 1109 2034 Regninostri
1124 1946 1166 2014 do
1197 1967 1259 2015 sna

121 2059 195 2125 nita
226 2055 453 2125 oonseruandu
477 2055 686 2125 landabiliter
700 2057 889 2142 reportarit
905 2058 948 2126 Et
964 2075 1036 2126 oum
1062 2052 1254 2140 qnibusdam

125 2165 227 2233 annis
243 2165 278 2231 in
294 2164 512 2250 prosperitate
527 2164 672 2251 peraotis
703 2163 852 2234 homines
882 2164 988 2250 Regni
1017 2167 1120 2234 nostri
1152 2171 1257 2233 metus

122 2273 220 2358 qnasi
229 2271 381 2359 preteriti
395 2269 590 2341 inmemores
605 2272 791 2342 fruerentur
805 2271 1048 2358 tranquillitate
1063 2279 1236 2358 peroptata
1248 2286 1256 2346 t

124 2401 202 2450 eooe
234 2400 293 2468 per
323 2379 552 2450 inuitaeionem
583 2379 763 2450 vieinorum
794 2389 976 2450 nostrorum
1007 2378 1094 2448 idem
1125 2377 1256 2446 'I'artari

122 2497 219 2560 aetus
250 2495 284 2558 et
299 2489 427 2558 animos
456 2487 617 2558 habentes
647 2487 692 2557 ad
710 2490 827 2558 bellum
857 2496 1062 2576 preparatos,
1078 2488 1121 2556 ds
1145 2507 1254 2556 eorum

122 2599 166 2665 ad
199 2599 349 2681 Regnum
380 2603 526 2664 nostrum
557 2595 691 2666 introitu
728 2599 822 2666 nobis
863 2596 1026 2683 quasdam
1066 2596 1251 2682 legaoiones

123 2705 352 2792 promiserunt,
383 2705 501 2790 quibus
531 2704 653 2774 auditis
680 2705 818 2775 eundem
834 2706 969 2792 Ponyoh
985 2706 1111 2772 Bannm
1126 2703 1169 2772 ad
1185 2723 1254 2772 eos·

124 2813 199 2880 dem
217 2816 375 2881 Tartesos
390 2810 631 2880 transmisimus
655 2812 790 2900 iterato;
813 2812 869 2882 vbi
898 2812 1050 2880 virtutem
1079 2811 1254 2880 virtutibus

123 2919 333 3007 oumulundo,
362 2940 481 2988 manus
496 2919 627 2989 illorum
643 2927 757 2988 eontra
773 2942 832 2989 nos
849 2919 915 2988 iam
931 2918 974 2986 ad
991 2939 1083 2988 arma
1099 2917 1252 2986 inoitatss

123 3029 289 3098 fidelitatis
305 3048 364 3096 sue
379 3027 498 3115 studio,
512 3036 547 3098 st
561 3029 675 3098 innato
691 3029 862 3115 probitatis
894 3026 1026 3114 iugenio
1057 3025 1255 3113 oompesouit

124 3135 321 3224 renouando,
341 3135 512 3206 reddendo
539 3137 573 3206 in
596 3136 658 3205 hoo
673 3145 739 3206 tam
754 3136 848 3206 nobis
864 3156 963 3222 quam
980 3134 1101 3204 nostris
1117 3132 1252 3202 homiui-

123 3248 184 3314 bus
200 3244 325 3329 quietis
341 3249 454 3330 optate
469 3245 710 3314 nutrimentum.
727 3247 882 3314 Preteres
898 3264 970 3313 oum
995 3241 1141 3310 dominns
1172 3241 1253 3324 Rex,

125 3351 318 3421 karissimus
349 3357 446 3440 pater
471 3359 593 3441 nostor,
607 3352 747 3421 illustris
761 3353 831 3419 Rex
847 3349 1017 3437 Hungarie
1033 3351 1120 3419 olore
1135 3369 1252 3417 memo·

123 3461 180 3543 rie,
196 3459 348 3545 relegata
362 3459 487 3546 pietate
502 3466 649 3548 paterna,
666 3479 733 3546 qua
749 3461 808 3549 lilij
840 3480 904 3528 nou
936 3457 1160 3546 compellendi,
1192 3455 1252 3526 sed

123 3575 197 3636 snut
228 3569 343 3656 poeius
383 3567 586 3660 eonfouendi,
626 3569 828 3655 quorundam
870 3569 1032 3638 Beronum
1072 3568 1251 3638 infidelium

124 3676 320 3746 inoitsoioue
339 3675 383 3744 sd
402 3677 484 3746 finos
507 3679 611 3763 Regni
643 3679 812 3762 Hungario
843 3697 943 3762 usqne
974 3676 1018 3744 ad
1049 3675 1165 3757 looum,
1196 3675 1251 3759 qni

122 3785 361 3854 l'elretenhslm
393 3784 522 3874 dieitur,
562 3806 622 3856 nos
652 3787 827 3856 transferre
866 3786 1060 3873 oohegisset,
1091 3785 1185 3852 nobis
1216 3785 1248 3852 in

123 3891 385 3980 monpeslieri
417 3895 536 3964 montis
568 3896 714 3980 inolusis,
745 3902 778 3962 st
793 3915 853 3982 per
884 3900 1078 3962 armatorum
1109 3889 1250 3960 multitu·

122 4001 232 4069 dinem
270 4002 470 4070 oohsrotatis
503 4009 536 4071 ot
567 4003 716 4085 vallatis;
749 4002 836 4070 idern
871 4003 1005 4088 Poupoh
1024 4003 1145 4092 ,Barrus
1176 4019 1249 4067 oum

124 4109 318 4192 quibusdam
335 4109 403 4178 suis
418 4111 527 4199 sooijs,
545 4111 622 4180 lioot
638 4109 762 4197 pausis,
782 4110 908 4178 lortuue
939 4111 1070 4178 ossibus
1099 4127 1135 4177 se
1164 4127 1249 4176 oom-

119 4215 244 4284 mittero
259 4237 328 4286 non
345 4217 537 4302 formidans,
555 4226 621 4288 tam
636 4239 694 4305 per
704 4219 889 4304 potenoiam
905 4237 1002 4302 quam
1018 4238 1076 4304 per
1089 4215 1249 4285 ostuoiam

120 4343 211 4390 suum
244 4323 367 4394 denieit
398 4326 574 4394 exeroitum
605 4327 769 4394 Beronum
811 4325 1000 4412 infidelium,
1033 4346 1097 4410 qno
1127 4322 1248 4393 ibidem

119 4429 236 4498 vallati
266 4431 431 4502 fueramus
463 4439 496 4500 et
510 4435 648 4521 obsessi,
680 4435 895 4504 restaurando
927 4436 1022 4502 nobis
1038 4435 1190 4503 fidnoium
1207 4433 1248 4501 do

15 4533 16 4536 ’
119 4537 223 4624 Regni
240 4541 461 4624 guberuaonlo
479 4542 589 4612 etuita
604 4542 848 4626 conseruanda3
872 4549 906 4612 et
920 4543 1054 4629 insuper
1070 4541 1245 4614 exereitum
