<?xml version="1.0" encoding="UTF-8"?>
<!DOCTYPE html PUBLIC "-//W3C//DTD XHTML 1.0 Transitional//EN"
    "http://www.w3.org/TR/xhtml1/DTD/xhtml1-transitional.dtd">
<html xmlns="http://www.w3.org/1999/xhtml" xml:lang="en" lang="en">
 <head>
  <title>
</title>
<meta http-equiv="Content-Type" content="text/html;charset=utf-8" />
  <meta name='ocr-system' content='tesseract 3.04.00' />
  <meta name='ocr-capabilities' content='ocr_page ocr_carea ocr_par ocr_line ocrx_word'/>
</head>
<body>
  <div class='ocr_page' id='page_1' title='image "./codexdiplomatic06wenzgoog_0545.png"; bbox 0 0 3096 5160; ppageno 0'>
   <div class='ocr_carea' id='block_1_1' title="bbox 894 830 987 954">
    <p class='ocr_par' dir='ltr' id='par_1_1' title="bbox 894 830 987 954">
     <span class='ocr_line' id='line_1_1' title="bbox 894 830 987 954; baseline 0.022 -2"><span class='ocrx_word' id='word_1_1' title='bbox 894 830 987 954; x_wconf 77' lang='grc' dir='ltr'><strong>Ιιιι.</strong></span> 
     </span>
    </p>
   </div>
   <div class='ocr_carea' id='block_1_2' title="bbox 384 1081 1508 1386">
    <p class='ocr_par' dir='ltr' id='par_1_2' title="bbox 384 1081 1508 1386">
     <span class='ocr_line' id='line_1_2' title="bbox 384 1081 1508 1182; baseline 0 -36"><span class='ocrx_word' id='word_1_2' title='bbox 384 1081 442 1148; x_wconf 90' lang='lat' dir='ltr'><strong>IV.</strong></span> <span class='ocrx_word' id='word_1_3' title='bbox 475 1083 590 1150; x_wconf 74' lang='lat' dir='ltr'><strong>Ldszld</strong></span> <span class='ocrx_word' id='word_1_4' title='bbox 620 1083 798 1168; x_wconf 72' lang='lat' dir='ltr'><strong>kirdlynak</strong></span> <span class='ocrx_word' id='word_1_5' title='bbox 828 1081 1098 1168; x_wconf 72' lang='lat' dir='ltr'><strong>bizooysdqleuele,</strong></span> <span class='ocrx_word' id='word_1_6' title='bbox 1129 1083 1214 1170; x_wconf 63' lang='lat' dir='ltr'><strong>kopp</strong></span> <span class='ocrx_word' id='word_1_7' title='bbox 1229 1083 1369 1150; x_wconf 81' lang='lat' dir='ltr'><strong>Kourdd</strong></span> <span class='ocrx_word' id='word_1_8' title='bbox 1385 1095 1508 1182; x_wconf 50' lang='lat' dir='ltr'><strong>mester,</strong></span> 
     </span>
     <span class='ocr_line' id='line_1_3' title="bbox 384 1187 1507 1278; baseline 0.002 -23"><span class='ocrx_word' id='word_1_9' title='bbox 384 1193 559 1256; x_wconf 80' lang='lat' dir='ltr'><strong>Istodnnak</strong></span> <span class='ocrx_word' id='word_1_10' title='bbox 568 1192 632 1276; x_wconf 82' lang='lat' dir='ltr'><strong>fia,</strong></span> <span class='ocrx_word' id='word_1_11' title='bbox 649 1187 751 1273; x_wconf 81' lang='lat' dir='ltr'><strong>Heus,</strong></span> <span class='ocrx_word' id='word_1_12' title='bbox 769 1189 865 1257; x_wconf 82' lang='lat' dir='ltr'><strong>Chwn</strong></span> <span class='ocrx_word' id='word_1_13' title='bbox 881 1193 912 1256; x_wconf 82' lang='lat' dir='ltr'><strong>ds</strong></span> <span class='ocrx_word' id='word_1_14' title='bbox 928 1191 1122 1275; x_wconf 72' lang='lat' dir='ltr'><strong>Meynhorth</strong></span> <span class='ocrx_word' id='word_1_15' title='bbox 1137 1191 1328 1277; x_wconf 74' lang='lat' dir='ltr'><strong>helysdqeket</strong></span> <span class='ocrx_word' id='word_1_16' title='bbox 1355 1197 1507 1278; x_wconf 70' lang='lat' dir='ltr'><strong>idryyutd</strong></span> 
     </span>
     <span class='ocr_line' id='line_1_4' title="bbox 571 1277 1309 1386; baseline 0.004 -23"><span class='ocrx_word' id='word_1_17' title='bbox 571 1302 670 1386; x_wconf 76' lang='lat' dir='ltr'><strong>jopdt</strong></span> <span class='ocrx_word' id='word_1_18' title='bbox 687 1301 763 1364; x_wconf 76' lang='lat' dir='ltr'><strong>dude</strong></span> <span class='ocrx_word' id='word_1_19' title='bbox 779 1299 1099 1386; x_wconf 79' lang='lat' dir='ltr'><strong>dltnlfmrotortottu.</strong></span> <span class='ocrx_word' id='word_1_20' title='bbox 1125 1277 1176 1362; x_wconf 67' lang='grc' dir='ltr'><strong>Ευ</strong></span> <span class='ocrx_word' id='word_1_21' title='bbox 1192 1301 1309 1366; x_wconf 67' lang='lat' dir='ltr'><strong>„eleut</strong></span> 
     </span>
    </p>
   </div>
   <div class='ocr_carea' id='block_1_3' title="bbox 381 1491 1542 2656">
    <p class='ocr_par' dir='ltr' id='par_1_3' title="bbox 381 1491 1542 2656">
     <span class='ocr_line' id='line_1_5' title="bbox 494 1491 1507 1582; baseline 0.003 -23"><span class='ocrx_word' id='word_1_22' title='bbox 494 1496 563 1566; x_wconf 86' lang='lat' dir='ltr'><strong>Nos</strong></span> <span class='ocrx_word' id='word_1_23' title='bbox 578 1495 753 1562; x_wconf 81' lang='lat' dir='ltr'><strong>Ladizlaus</strong></span> <span class='ocrx_word' id='word_1_24' title='bbox 769 1491 831 1560; x_wconf 88' lang='lat' dir='ltr'><strong>Dei</strong></span> <span class='ocrx_word' id='word_1_25' title='bbox 848 1491 960 1578; x_wconf 79' lang='lat' dir='ltr'><strong>grseis</strong></span> <span class='ocrx_word' id='word_1_26' title='bbox 975 1495 1045 1560; x_wconf 88' lang='lat' dir='ltr'><strong>Rex</strong></span> <span class='ocrx_word' id='word_1_27' title='bbox 1061 1493 1205 1576; x_wconf 84' lang='lat' dir='ltr'><strong>Vngarie</strong></span> <span class='ocrx_word' id='word_1_28' title='bbox 1237 1497 1348 1561; x_wconf 87' lang='lat' dir='ltr'><strong>tenore</strong></span> <span class='ocrx_word' id='word_1_29' title='bbox 1380 1515 1507 1582; x_wconf 89' lang='lat' dir='ltr'><strong>presen-</strong></span> 
     </span>
     <span class='ocr_line' id='line_1_6' title="bbox 383 1599 1507 1688; baseline -0.002 -18"><span class='ocrx_word' id='word_1_30' title='bbox 383 1602 467 1670; x_wconf 89' lang='lat' dir='ltr'><strong>oium</strong></span> <span class='ocrx_word' id='word_1_31' title='bbox 483 1602 704 1686; x_wconf 78' lang='lat' dir='ltr'><strong>significamus</strong></span> <span class='ocrx_word' id='word_1_32' title='bbox 720 1601 893 1687; x_wconf 80' lang='lat' dir='ltr'><strong>uniuersis,</strong></span> <span class='ocrx_word' id='word_1_33' title='bbox 925 1599 1012 1686; x_wconf 89' lang='lat' dir='ltr'><strong>quod</strong></span> <span class='ocrx_word' id='word_1_34' title='bbox 1028 1601 1187 1669; x_wconf 79' lang='lat' dir='ltr'><strong>accedens</strong></span> <span class='ocrx_word' id='word_1_35' title='bbox 1204 1601 1247 1668; x_wconf 80' lang='lat' dir='ltr'><strong>ad</strong></span> <span class='ocrx_word' id='word_1_36' title='bbox 1263 1610 1410 1670; x_wconf 83' lang='lat' dir='ltr'><strong>nostram</strong></span> <span class='ocrx_word' id='word_1_37' title='bbox 1439 1623 1507 1688; x_wconf 89' lang='lat' dir='ltr'><strong>pre·</strong></span> 
     </span>
     <span class='ocr_line' id='line_1_7' title="bbox 383 1707 1508 1795; baseline -0.003 -17"><span class='ocrx_word' id='word_1_38' title='bbox 383 1708 526 1778; x_wconf 78' lang='lat' dir='ltr'><strong>senciam</strong></span> <span class='ocrx_word' id='word_1_39' title='bbox 542 1709 699 1794; x_wconf 77' lang='lat' dir='ltr'>Magister</span> <span class='ocrx_word' id='word_1_40' title='bbox 715 1707 878 1776; x_wconf 81' lang='lat' dir='ltr'><strong>Corradus</strong></span> <span class='ocrx_word' id='word_1_41' title='bbox 893 1707 978 1776; x_wconf 91' lang='lat' dir='ltr'><strong>filius</strong></span> <span class='ocrx_word' id='word_1_42' title='bbox 1005 1708 1052 1773; x_wconf 87' lang='lat' dir='ltr'><strong>St.</strong></span> <span class='ocrx_word' id='word_1_43' title='bbox 1086 1708 1128 1776; x_wconf 90' lang='lat' dir='ltr'><strong>de</strong></span> <span class='ocrx_word' id='word_1_44' title='bbox 1160 1708 1257 1778; x_wconf 79' lang='lat' dir='ltr'><strong>Owar</strong></span> <span class='ocrx_word' id='word_1_45' title='bbox 1288 1729 1347 1795; x_wconf 89' lang='lat' dir='ltr'><strong>per</strong></span> <span class='ocrx_word' id='word_1_46' title='bbox 1380 1708 1508 1776; x_wconf 87' lang='lat' dir='ltr'><strong>modum</strong></span> 
     </span>
     <span class='ocr_line' id='line_1_8' title="bbox 382 1815 1508 1903; baseline -0.002 -19"><span class='ocrx_word' id='word_1_47' title='bbox 382 1816 632 1903; x_wconf 82' lang='lat' dir='ltr'><strong>protestaoiouis</strong></span> <span class='ocrx_word' id='word_1_48' title='bbox 648 1815 732 1882; x_wconf 85' lang='lat' dir='ltr'><strong>dixit</strong></span> <span class='ocrx_word' id='word_1_49' title='bbox 757 1816 860 1903; x_wconf 83' lang='lat' dir='ltr'><strong>nobis,</strong></span> <span class='ocrx_word' id='word_1_50' title='bbox 891 1824 927 1884; x_wconf 90' lang='lat' dir='ltr'><strong>ut</strong></span> <span class='ocrx_word' id='word_1_51' title='bbox 957 1815 1116 1900; x_wconf 82' lang='lat' dir='ltr'><strong>quasdam</strong></span> <span class='ocrx_word' id='word_1_52' title='bbox 1146 1817 1372 1902; x_wconf 86' lang='lat' dir='ltr'><strong>possessiones</strong></span> <span class='ocrx_word' id='word_1_53' title='bbox 1408 1819 1508 1902; x_wconf 89' lang='lat' dir='ltr'><strong>ipsius</strong></span> 
     </span>
     <span class='ocr_line' id='line_1_9' title="bbox 382 1921 1510 2012; baseline -0.002 -22"><span class='ocrx_word' id='word_1_54' title='bbox 382 1924 479 2012; x_wconf 84' lang='lat' dir='ltr'><strong>Houf,</strong></span> <span class='ocrx_word' id='word_1_55' title='bbox 495 1923 596 1991; x_wconf 81' lang='lat' dir='ltr'><strong>Ohrrn</strong></span> <span class='ocrx_word' id='word_1_56' title='bbox 612 1924 846 2012; x_wconf 79' lang='lat' dir='ltr'><strong>etMeynhsrth</strong></span> <span class='ocrx_word' id='word_1_57' title='bbox 856 1921 1334 2011; x_wconf 77' lang='lat' dir='ltr'><strong>noentasMugisterVgudinus</strong></span> <span class='ocrx_word' id='word_1_58' title='bbox 1347 1929 1383 1991; x_wconf 86' lang='lat' dir='ltr'><strong>st</strong></span> <span class='ocrx_word' id='word_1_59' title='bbox 1393 1923 1510 1993; x_wconf 83' lang='lat' dir='ltr'>Chakh</span> 
     </span>
     <span class='ocr_line' id='line_1_10' title="bbox 381 2029 1510 2117; baseline -0.002 -19"><span class='ocrx_word' id='word_1_60' title='bbox 381 2033 493 2099; x_wconf 80' lang='lat' dir='ltr'><strong>Bonus</strong></span> <span class='ocrx_word' id='word_1_61' title='bbox 509 2031 705 2116; x_wconf 82' lang='lat' dir='ltr'><strong>temporibus</strong></span> <span class='ocrx_word' id='word_1_62' title='bbox 720 2049 741 2096; x_wconf 84' lang='lat' dir='ltr'>a</span> <span class='ocrx_word' id='word_1_63' title='bbox 755 2030 998 2117; x_wconf 76' lang='lat' dir='ltr'>quamplurimis</span> <span class='ocrx_word' id='word_1_64' title='bbox 1014 2029 1158 2099; x_wconf 86' lang='lat' dir='ltr'><strong>indebito</strong></span> <span class='ocrx_word' id='word_1_65' title='bbox 1181 2036 1369 2116; x_wconf 83' lang='lat' dir='ltr'><strong>oooupstss‚</strong></span> <span class='ocrx_word' id='word_1_66' title='bbox 1405 2033 1510 2115; x_wconf 91' lang='lat' dir='ltr'><strong>possi-</strong></span> 
     </span>
     <span class='ocr_line' id='line_1_11' title="bbox 383 2135 1510 2223; baseline -0.001 -21"><span class='ocrx_word' id='word_1_67' title='bbox 383 2137 487 2206; x_wconf 90' lang='lat' dir='ltr'><strong>dendo</strong></span> <span class='ocrx_word' id='word_1_68' title='bbox 515 2136 733 2206; x_wconf 77' lang='lat' dir='ltr'><strong>detinuissent</strong></span> <span class='ocrx_word' id='word_1_69' title='bbox 749 2143 781 2202; x_wconf 84' lang='lat' dir='ltr'><strong>et</strong></span> <span class='ocrx_word' id='word_1_70' title='bbox 796 2136 909 2203; x_wconf 81' lang='lat' dir='ltr'><strong>illicito</strong></span> <span class='ocrx_word' id='word_1_71' title='bbox 924 2135 1160 2222; x_wconf 76' lang='lat' dir='ltr'><strong>possedissent.</strong></span> <span class='ocrx_word' id='word_1_72' title='bbox 1199 2139 1242 2204; x_wconf 81' lang='lat' dir='ltr'><strong>nt</strong></span> <span class='ocrx_word' id='word_1_73' title='bbox 1272 2136 1350 2220; x_wconf 80' lang='lat' dir='ltr'><strong>qnia</strong></span> <span class='ocrx_word' id='word_1_74' title='bbox 1382 2142 1510 2223; x_wconf 89' lang='lat' dir='ltr'><strong>tempus</strong></span> 
     </span>
     <span class='ocr_line' id='line_1_12' title="bbox 383 2243 1511 2331; baseline 0.001 -19"><span class='ocrx_word' id='word_1_75' title='bbox 383 2267 447 2312; x_wconf 89' lang='lat' dir='ltr'><strong>non</strong></span> <span class='ocrx_word' id='word_1_76' title='bbox 463 2253 534 2313; x_wconf 82' lang='lat' dir='ltr'><strong>erat</strong></span> <span class='ocrx_word' id='word_1_77' title='bbox 549 2245 662 2314; x_wconf 86' lang='lat' dir='ltr'><strong>ordine</strong></span> <span class='ocrx_word' id='word_1_78' title='bbox 672 2245 757 2331; x_wconf 90' lang='lat' dir='ltr'><strong>juris</strong></span> <span class='ocrx_word' id='word_1_79' title='bbox 771 2263 901 2313; x_wconf 88' lang='lat' dir='ltr'><strong>mouere</strong></span> <span class='ocrx_word' id='word_1_80' title='bbox 916 2243 984 2312; x_wconf 82' lang='lat' dir='ltr'><strong>litis</strong></span> <span class='ocrx_word' id='word_1_81' title='bbox 1000 2244 1221 2329; x_wconf 67' lang='lat' dir='ltr'><strong>questionem</strong></span> <span class='ocrx_word' id='word_1_82' title='bbox 1246 2265 1305 2330; x_wconf 90' lang='lat' dir='ltr'><strong>pro</strong></span> <span class='ocrx_word' id='word_1_83' title='bbox 1321 2244 1424 2312; x_wconf 82' lang='lat' dir='ltr'><strong>dietis</strong></span> <span class='ocrx_word' id='word_1_84' title='bbox 1440 2264 1511 2329; x_wconf 89' lang='lat' dir='ltr'><strong>pos·</strong></span> 
     </span>
     <span class='ocr_line' id='line_1_13' title="bbox 383 2351 1511 2440; baseline -0.004 -19"><span class='ocrx_word' id='word_1_85' title='bbox 383 2353 579 2422; x_wconf 90' lang='lat' dir='ltr'><strong>sessionibus</strong></span> <span class='ocrx_word' id='word_1_86' title='bbox 595 2353 885 2440; x_wconf 78' lang='lat' dir='ltr'><strong>litteraspstenter</strong></span> <span class='ocrx_word' id='word_1_87' title='bbox 901 2361 934 2422; x_wconf 91' lang='lat' dir='ltr'><strong>et</strong></span> <span class='ocrx_word' id='word_1_88' title='bbox 949 2351 1240 2438; x_wconf 80' lang='lat' dir='ltr'><strong>protestaoionoles</strong></span> <span class='ocrx_word' id='word_1_89' title='bbox 1272 2351 1400 2420; x_wconf 86' lang='lat' dir='ltr'><strong>domini</strong></span> <span class='ocrx_word' id='word_1_90' title='bbox 1432 2353 1511 2418; x_wconf 85' lang='lat' dir='ltr'><strong>Belo</strong></span> 
     </span>
     <span class='ocr_line' id='line_1_14' title="bbox 382 2459 1542 2547; baseline -0.003 -19"><span class='ocrx_word' id='word_1_91' title='bbox 382 2460 480 2546; x_wconf 78' lang='lat' dir='ltr'><strong>Regis</strong></span> <span class='ocrx_word' id='word_1_92' title='bbox 495 2461 551 2528; x_wconf 82' lang='lat' dir='ltr'><strong>aui</strong></span> <span class='ocrx_word' id='word_1_93' title='bbox 565 2461 677 2546; x_wconf 85' lang='lat' dir='ltr'><strong>nostri,</strong></span> <span class='ocrx_word' id='word_1_94' title='bbox 695 2481 735 2528; x_wconf 83' lang='lat' dir='ltr'><strong>so</strong></span> <span class='ocrx_word' id='word_1_95' title='bbox 751 2459 919 2529; x_wconf 77' lang='lat' dir='ltr'><strong>karissimi</strong></span> <span class='ocrx_word' id='word_1_96' title='bbox 935 2460 1035 2547; x_wconf 81' lang='lat' dir='ltr'><strong>patris</strong></span> <span class='ocrx_word' id='word_1_97' title='bbox 1052 2461 1154 2530; x_wconf 86' lang='lat' dir='ltr'><strong>nostri</strong></span> <span class='ocrx_word' id='word_1_98' title='bbox 1169 2461 1269 2547; x_wconf 84' lang='lat' dir='ltr'><strong>Regis</strong></span> <span class='ocrx_word' id='word_1_99' title='bbox 1285 2461 1330 2528; x_wconf 80' lang='lat' dir='ltr'><strong>St</strong></span> <span class='ocrx_word' id='word_1_100' title='bbox 1358 2459 1449 2530; x_wconf 85' lang='lat' dir='ltr'><strong>dixit</strong></span> <span class='ocrx_word' id='word_1_101' title='bbox 1478 2482 1512 2528; x_wconf 88' lang='lat' dir='ltr'><strong>se</strong></span> <span class='ocrx_word' id='word_1_102' title='bbox 1541 2519 1542 2524; x_wconf 75' lang='grc'>,</span> 
     </span>
     <span class='ocr_line' id='line_1_15' title="bbox 383 2565 1510 2656; baseline 0.001 -24"><span class='ocrx_word' id='word_1_103' title='bbox 383 2565 512 2636; x_wconf 82' lang='lat' dir='ltr'><strong>habere.</strong></span> <span class='ocrx_word' id='word_1_104' title='bbox 536 2567 625 2646; x_wconf 78' lang='lat' dir='ltr'><strong>Quas</strong></span> <span class='ocrx_word' id='word_1_105' title='bbox 641 2569 783 2656; x_wconf 86' lang='lat' dir='ltr'><strong>quidem,</strong></span> <span class='ocrx_word' id='word_1_106' title='bbox 801 2567 927 2636; x_wconf 80' lang='lat' dir='ltr'><strong>scilieet</strong></span> <span class='ocrx_word' id='word_1_107' title='bbox 941 2567 1176 2655; x_wconf 87' lang='lat' dir='ltr'><strong>possessiones,</strong></span> <span class='ocrx_word' id='word_1_108' title='bbox 1201 2575 1333 2655; x_wconf 86' lang='lat' dir='ltr'><strong>propter</strong></span> <span class='ocrx_word' id='word_1_109' title='bbox 1350 2589 1421 2636; x_wconf 88' lang='lat' dir='ltr'><strong>non</strong></span> <span class='ocrx_word' id='word_1_110' title='bbox 1440 2589 1510 2636; x_wconf 88' lang='lat' dir='ltr'><strong>oon·</strong></span> 
     </span>
    </p>
   </div>
   <div class='ocr_carea' id='block_1_4' title="bbox 254 2677 1512 2763">
    <p class='ocr_par' dir='ltr' id='par_1_4' title="bbox 254 2677 1512 2763">
     <span class='ocr_line' id='line_1_16' title="bbox 254 2677 1512 2763; baseline -0.001 -16"><span class='ocrx_word' id='word_1_111' title='bbox 254 2740 257 2747; x_wconf 90' lang='lat'>.</span> <span class='ocrx_word' id='word_1_112' title='bbox 383 2695 498 2760; x_wconf 77' lang='lat' dir='ltr'><strong>gruum</strong></span> <span class='ocrx_word' id='word_1_113' title='bbox 514 2682 631 2744; x_wconf 83' lang='lat' dir='ltr'><strong>statum</strong></span> <span class='ocrx_word' id='word_1_114' title='bbox 647 2677 764 2763; x_wconf 82' lang='lat' dir='ltr'><strong>Regni,</strong></span> <span class='ocrx_word' id='word_1_115' title='bbox 796 2698 836 2746; x_wconf 83' lang='lat' dir='ltr'><strong>ao</strong></span> <span class='ocrx_word' id='word_1_116' title='bbox 852 2677 1074 2746; x_wconf 78' lang='lat' dir='ltr'><strong>controuersia</strong></span> <span class='ocrx_word' id='word_1_117' title='bbox 1092 2678 1126 2744; x_wconf 89' lang='lat' dir='ltr'><strong>in</strong></span> <span class='ocrx_word' id='word_1_118' title='bbox 1142 2677 1256 2745; x_wconf 88' lang='lat' dir='ltr'><strong>eodem</strong></span> <span class='ocrx_word' id='word_1_119' title='bbox 1272 2677 1391 2762; x_wconf 83' lang='lat' dir='ltr'><strong>Regno</strong></span> <span class='ocrx_word' id='word_1_120' title='bbox 1417 2684 1512 2760; x_wconf 73' lang='lat' dir='ltr'><strong>moto,</strong></span> 
     </span>
    </p>
   </div>
   <div class='ocr_carea' id='block_1_5' title="bbox 381 2783 1541 3301">
    <p class='ocr_par' dir='ltr' id='par_1_5' title="bbox 381 2783 1541 3301">
     <span class='ocr_line' id='line_1_17' title="bbox 384 2783 1512 2871; baseline 0 -21"><span class='ocrx_word' id='word_1_121' title='bbox 384 2783 533 2866; x_wconf 82' lang='lat' dir='ltr'><strong>similiter</strong></span> <span class='ocrx_word' id='word_1_122' title='bbox 547 2783 732 2852; x_wconf 88' lang='lat' dir='ltr'><strong>Demetrius</strong></span> <span class='ocrx_word' id='word_1_123' title='bbox 748 2785 856 2853; x_wconf 80' lang='lat' dir='ltr'><strong>Bonus</strong></span> <span class='ocrx_word' id='word_1_124' title='bbox 870 2784 1061 2871; x_wconf 86' lang='lat' dir='ltr'><strong>possideret.</strong></span> <span class='ocrx_word' id='word_1_125' title='bbox 1101 2783 1224 2852; x_wconf 88' lang='lat' dir='ltr'><strong>Petiuit</strong></span> <span class='ocrx_word' id='word_1_126' title='bbox 1240 2784 1344 2850; x_wconf 79' lang='lat' dir='ltr'><strong>eoism</strong></span> <span class='ocrx_word' id='word_1_127' title='bbox 1379 2791 1512 2852; x_wconf 80' lang='lat' dir='ltr'><strong>nostros</strong></span> 
     </span>
     <span class='ocr_line' id='line_1_18' title="bbox 381 2889 1511 2977; baseline 0 -21"><span class='ocrx_word' id='word_1_128' title='bbox 381 2889 519 2975; x_wconf 83' lang='lat' dir='ltr'><strong>litteras,</strong></span> <span class='ocrx_word' id='word_1_129' title='bbox 536 2896 572 2957; x_wconf 84' lang='lat' dir='ltr'><strong>ut</strong></span> <span class='ocrx_word' id='word_1_130' title='bbox 586 2891 615 2956; x_wconf 91' lang='lat' dir='ltr'><strong>si</strong></span> <span class='ocrx_word' id='word_1_131' title='bbox 630 2896 755 2977; x_wconf 89' lang='lat' dir='ltr'><strong>tempus</strong></span> <span class='ocrx_word' id='word_1_132' title='bbox 772 2891 836 2957; x_wconf 90' lang='lat' dir='ltr'><strong>sibi</strong></span> <span class='ocrx_word' id='word_1_133' title='bbox 853 2899 1035 2960; x_wconf 82' lang='lat' dir='ltr'><strong>osourreret</strong></span> <span class='ocrx_word' id='word_1_134' title='bbox 1049 2891 1242 2977; x_wconf 80' lang='lat' dir='ltr'><strong>graciosum,</strong></span> <span class='ocrx_word' id='word_1_135' title='bbox 1258 2895 1378 2958; x_wconf 77' lang='lat' dir='ltr'><strong>eontra</strong></span> <span class='ocrx_word' id='word_1_136' title='bbox 1394 2890 1511 2960; x_wconf 86' lang='lat' dir='ltr'><strong>Deme·</strong></span> 
     </span>
     <span class='ocr_line' id='line_1_19' title="bbox 381 2997 1541 3086; baseline 0.001 -22"><span class='ocrx_word' id='word_1_137' title='bbox 381 2998 477 3064; x_wconf 85' lang='lat' dir='ltr'><strong>trium</strong></span> <span class='ocrx_word' id='word_1_138' title='bbox 493 2999 618 3064; x_wconf 80' lang='lat' dir='ltr'><strong>Bonum</strong></span> <span class='ocrx_word' id='word_1_139' title='bbox 633 2997 807 3084; x_wconf 79' lang='lat' dir='ltr'><strong>procedere</strong></span> <span class='ocrx_word' id='word_1_140' title='bbox 823 3006 933 3086; x_wconf 89' lang='lat' dir='ltr'><strong>posset</strong></span> <span class='ocrx_word' id='word_1_141' title='bbox 947 2999 1026 3068; x_wconf 89' lang='lat' dir='ltr'><strong>iuris</strong></span> <span class='ocrx_word' id='word_1_142' title='bbox 1043 2998 1156 3067; x_wconf 90' lang='lat' dir='ltr'><strong>ordine</strong></span> <span class='ocrx_word' id='word_1_143' title='bbox 1171 3017 1268 3084; x_wconf 87' lang='lat' dir='ltr'><strong>super</strong></span> <span class='ocrx_word' id='word_1_144' title='bbox 1291 3002 1513 3067; x_wconf 80' lang='lat' dir='ltr'><strong>reuoosoione</strong></span> <span class='ocrx_word' id='word_1_145' title='bbox 1540 3001 1541 3008; x_wconf 77' lang='grc'>’</span> 
     </span>
     <span class='ocr_line' id='line_1_20' title="bbox 381 3105 1513 3192; baseline -0.002 -20"><span class='ocrx_word' id='word_1_146' title='bbox 381 3105 619 3190; x_wconf 87' lang='lat' dir='ltr'><strong>possessionum</strong></span> <span class='ocrx_word' id='word_1_147' title='bbox 636 3105 863 3192; x_wconf 79' lang='lat' dir='ltr'><strong>predictarum.</strong></span> <span class='ocrx_word' id='word_1_148' title='bbox 888 3107 1007 3174; x_wconf 75' lang='lat' dir='ltr'><strong>Datum</strong></span> <span class='ocrx_word' id='word_1_149' title='bbox 1038 3109 1073 3174; x_wconf 91' lang='lat' dir='ltr'><strong>in</strong></span> <span class='ocrx_word' id='word_1_150' title='bbox 1105 3105 1253 3192; x_wconf 75' lang='lat' dir='ltr'><strong>(ihegled</strong></span> <span class='ocrx_word' id='word_1_151' title='bbox 1283 3105 1375 3174; x_wconf 80' lang='lat' dir='ltr'><strong>feria</strong></span> <span class='ocrx_word' id='word_1_152' title='bbox 1408 3108 1513 3174; x_wconf 79' lang='lat' dir='ltr'><strong>tersia</strong></span> 
     </span>
     <span class='ocr_line' id='line_1_21' title="bbox 381 3211 1103 3301; baseline 0.003 -23"><span class='ocrx_word' id='word_1_153' title='bbox 381 3217 456 3296; x_wconf 88' lang='lat' dir='ltr'><strong>post</strong></span> <span class='ocrx_word' id='word_1_154' title='bbox 471 3212 587 3280; x_wconf 81' lang='lat' dir='ltr'><strong>testum</strong></span> <span class='ocrx_word' id='word_1_155' title='bbox 604 3213 693 3281; x_wconf 88' lang='lat' dir='ltr'><strong>Petri</strong></span> <span class='ocrx_word' id='word_1_156' title='bbox 709 3219 741 3280; x_wconf 88' lang='lat' dir='ltr'><strong>et</strong></span> <span class='ocrx_word' id='word_1_157' title='bbox 756 3213 850 3280; x_wconf 86' lang='lat' dir='ltr'><strong>Pauli</strong></span> <span class='ocrx_word' id='word_1_158' title='bbox 865 3211 1103 3301; x_wconf 83' lang='lat' dir='ltr'><strong>Apostolorum.</strong></span> 
     </span>
    </p>
   </div>
   <div class='ocr_carea' id='block_1_6' title="bbox 381 3408 1540 3568">
    <p class='ocr_par' dir='ltr' id='par_1_6' title="bbox 381 3408 1540 3568">
     <span class='ocr_line' id='line_1_22' title="bbox 381 3408 1540 3478; baseline 0 -18"><span class='ocrx_word' id='word_1_159' title='bbox 381 3408 520 3475; x_wconf 75' lang='lat' dir='ltr'><strong>(Eredetie</strong></span> <span class='ocrx_word' id='word_1_160' title='bbox 539 3409 723 3475; x_wconf 77' lang='lat' dir='ltr'><strong>bdrhstrtydn,</strong></span> <span class='ocrx_word' id='word_1_161' title='bbox 742 3412 872 3476; x_wconf 83' lang='lat' dir='ltr'><strong>melynek</strong></span> <span class='ocrx_word' id='word_1_162' title='bbox 891 3411 971 3462; x_wconf 70' lang='lat' dir='ltr'><strong>hotot</strong></span> <span class='ocrx_word' id='word_1_163' title='bbox 989 3411 1043 3464; x_wconf 73' lang='lat' dir='ltr'><strong>oda</strong></span> <span class='ocrx_word' id='word_1_164' title='bbox 1061 3415 1192 3478; x_wconf 82' lang='lat' dir='ltr'><strong>nyomott</strong></span> <span class='ocrx_word' id='word_1_165' title='bbox 1210 3409 1333 3474; x_wconf 73' lang='lat' dir='ltr'><strong>peosdtje</strong></span> <span class='ocrx_word' id='word_1_166' title='bbox 1355 3411 1498 3464; x_wconf 83' lang='lat' dir='ltr'><strong>elveszett</strong></span> <span class='ocrx_word' id='word_1_167' title='bbox 1539 3471 1540 3476; x_wconf 7' lang='grc' dir='ltr'>ἵ</span> 
     </span>
     <span class='ocr_line' id='line_1_23' title="bbox 613 3499 1540 3568; baseline -0.001 -15"><span class='ocrx_word' id='word_1_168' title='bbox 613 3499 725 3553; x_wconf 79' lang='lat' dir='ltr'><strong>amdlt.</strong></span> <span class='ocrx_word' id='word_1_169' title='bbox 743 3501 812 3552; x_wconf 70' lang='lat' dir='ltr'><strong>bird</strong></span> <span class='ocrx_word' id='word_1_170' title='bbox 831 3501 926 3567; x_wconf 77' lang='lat' dir='ltr'><strong>Rsvsy</strong></span> <span class='ocrx_word' id='word_1_171' title='bbox 945 3501 1037 3554; x_wconf 73' lang='lat' dir='ltr'><strong>malso</strong></span> <span class='ocrx_word' id='word_1_172' title='bbox 1055 3501 1270 3567; x_wconf 75' lang='lat' dir='ltr'><strong>tsvslttrtban.)</strong></span> <span class='ocrx_word' id='word_1_173' title='bbox 1400 3557 1407 3568; x_wconf 38' lang='lat'>¹</span> <span class='ocrx_word' id='word_1_174' title='bbox 1539 3509 1540 3514; x_wconf 77' lang='grc'>’</span> 
     </span>
    </p>
   </div>
   <div class='ocr_carea' id='block_1_7' title="bbox 0 0 1552 5160">
    <p class='ocr_par' dir='ltr' id='par_1_7' title="bbox 0 0 1552 5160">
     <span class='ocr_line' id='line_1_24' title="bbox 0 0 1552 5160; baseline 0 0"><span class='ocrx_word' id='word_1_175' title='bbox 0 0 1552 5160; x_wconf 95' lang='lat' dir='ltr'><strong> </strong></span> 
     </span>
    </p>
   </div>
  </div>
 </body>
</html>
