3148 5146
803 305 962 409 *ra-4-

316 495 453 584 Snacba,
474 495 657 585 Lipponulr,
675 498 814 566 Rosisna
831 505 862 567 et
879 497 1017 566 Sorulrut
1036 500 1169 587 vocatis,
1201 499 1287 567 inter
1303 499 1444 567 cundem

318 605 539 674 venerabilem
554 611 679 692 patrem
696 613 728 672 ot
744 605 863 674 fratres
880 626 956 674 suos
972 606 1033 674 Job
1059 607 1215 674 minorum
1241 607 1345 674 tilium
1378 609 1446 674 Zah

315 711 450 781 Comitis
467 721 498 782 ct
515 714 631 782 tratres
648 713 792 782 eiusdem
809 713 850 783 de
867 735 988 801 genere
1019 715 1089 782 Zalr
1120 735 1161 782 ex
1193 737 1259 782 una
1291 723 1398 803 parte,
1415 723 1446 782 et

317 820 482 889 Detricnm
498 821 635 889 Caluum
652 823 776 892 flliosne
792 843 879 908 suos,
897 829 931 889 ct
945 822 1080 890 Lulsach
1098 823 1280 907 fratresque
1297 823 1443 891 eiusdem

317 950 358 996 cx
388 929 503 1015 altera,
552 931 752 998 sentenciam
791 933 952 1016 prolatam
993 932 1172 1018 continens,
1212 951 1271 1016 per
1304 932 1444 998 eundem

314 1035 479 1104 dominum
504 1037 702 1126 Episcopum
735 1037 1118 1123 Quinqueecclesienscm
1150 1037 1244 1105 nobis
1274 1039 1443 1106 humiliter

314 1141 492 1212 exhibitum
509 1152 541 1212 ct
556 1153 719 1215 ostensum
736 1146 876 1214 vidimus
893 1153 924 1214 et
957 1149 1021 1232 logi
1052 1147 1200 1236 fecimus,
1234 1153 1267 1212 et
1299 1145 1444 1214 eiusdem

315 1250 549 1320 continenciam
568 1253 761 1342 audiuimus,
779 1261 811 1321 et
828 1273 1034 1322 examussum
1052 1254 1234 1322 studuimus
1251 1254 1359 1340 ipsum
1377 1255 1441 1339 pri·

314 1357 470 1443 uilegium
486 1361 683 1449 examinare,
700 1367 765 1428 tam
782 1361 815 1429 in
832 1369 932 1444 carta,
951 1361 1038 1450 stilo,
1050 1361 1201 1428 litteraet
1217 1361 1324 1447 modo,
1340 1380 1441 1444 qnam

314 1469 349 1534 in
365 1467 483 1554 sigillo,
499 1469 562 1556 filo,
580 1472 796 1540 annotatione
812 1472 982 1539 Dominice
1007 1471 1254 1540 incarnacionis
1281 1470 1443 1554 simulque

314 1577 484 1661 regnantis
501 1579 579 1644 anni
597 1585 628 1646 et
644 1599 766 1663 mense,
797 1581 950 1664 equitatis
966 1581 1079 1666 gracia
1111 1579 1290 1664 suadentc3
1316 1578 1442 1644 inueni·

314 1705 386 1778 mus
401 1704 538 1772 quoqne,
565 1687 671 1771 ipsum
688 1687 895 1773 priuilegium
912 1709 976 1755 non
994 1689 1148 1776 deletum,
1180 1707 1247 1755 non
1272 1689 1440 1773 abrasum,

313 1813 379 1860 non
394 1795 621 1878 cancellatum,
646 1817 711 1864 non
728 1795 894 1884 falsatum,
911 1816 976 1864 non
991 1797 1158 1881 uiolatum,
1187 1797 1298 1864 necin
1314 1796 1366 1864 sui
1383 1795 1439 1862 ali·

312 1921 378 1986 qua
387 1910 479 1988 parte
488 1904 651 1991 viciatum,
662 1925 724 1973 nec
734 1905 869 1972 alicuius
888 1903 1130 1991 redargucionis
1147 1905 1231 1974 vicio
1247 1904 1437 1974 subiectum.

315 2011 413 2079 Cuius
431 2011 561 2096 quidem
578 2019 668 2079 tenor
685 2012 848 2100 priuilegij
867 2021 958 2080 tenor
983 2033 1040 2100 per
1072 2033 1131 2080 nos
1162 2017 1194 2080 ct
1225 2033 1283 2097 per
1311 2021 1439 2080 nostros

313 2119 457 2186 Berones
473 2123 550 2184 tunc
566 2127 733 2204 presentes
750 2119 940 2204 diligencius
959 2121 1138 2207 inspectum
1155 2127 1186 2188 et
1216 2121 1439 2188 examinatum

312 2224 474 2292 attencius
489 2225 564 2292 talis
582 2233 632 2294 est
649 2250 655 2290 :
1570 2291 1571 2314 ,

421 2331 604 2418 Stephanus
619 2332 680 2400 Dei
697 2333 809 2416 gracia
824 2333 993 2419 Hungarie
1009 2335 1071 2401 stb.
1089 2335 1158 2400 Rex
1175 2333 1237 2400 stb.
1266 2331 1442 2420 (kdvetke-
1570 2321 1571 2348 *

314 2437 370 2504 alk
387 2437 425 2508 V.
442 2437 555 2506 Istvdn
572 2437 747 2526 kirtlynalr
765 2441 901 2510 tata-ki
919 2442 1096 2527 okmauya,
1122 2441 1203 2506 mint
1220 2439 1353 2508 fentebb
1383 2445 1439 2510 4-9.

312 2547 402 2614 snam
418 2542 524 2632 alatt.)

422 2649 515 2718 Vnde
530 2673 601 2720 cum
617 2653 710 2722 nobis
726 2661 757 2721 ct
774 2656 955 2722 Beronibus
972 2647 1089 2721 nostris
1123 2661 1200 2722 tunc
1230 2656 1440 2740 presentibus

315 2759 434 2830 dictum
451 2761 659 2846 priuilegium
677 2761 718 2829 dc
734 2763 878 2829 sciencia
895 2771 926 2829 et
957 2763 1172 2850 consciencia,
1203 2763 1375 2830 voluntate
1407 2771 1441 2830 et

313 2889 470 2939 consensu
480 2868 645 2938 karissimi
655 2869 757 2954 patris
768 2870 879 2956 nostri,
897 2869 1075 2953 eodemque
1085 2879 1180 2956 patre
1190 2877 1298 2938 nostro
1308 2873 1440 2939 iubente

313 2979 434 3066 datum,
452 2998 642 3047 concessum
654 2979 933 3064 conscriptumque
945 2979 1315 3064 constiteritmanifestc,
1333 2981 1440 3064 sitque
1569 3051 1570 3078 ,

313 3090 404 3157 cordi
419 3089 522 3176 nobis,
548 3089 688 3156 extincte
702 3087 769 3155 litis
786 3089 944 3156 carbones
977 3087 1188 3156 reaccendere
1218 3087 1440 3156 mollientibus

312 3199 454 3283 obuiam,
483 3217 524 3264 ne
539 3197 614 3266 lites
631 3197 710 3263 liant
724 3195 924 3283 inmortales,
957 3195 1160 3264 decreuimus
1194 3196 1441 3265 sentencialiter
1470 3211 1476 3222 ·

311 3307 352 3374 dc
364 3304 500 3374 consilio
517 3307 680 3372 Baronum
696 3311 879 3372 nostrorum
894 3311 970 3372 tunc
986 3305 1200 3392 presencium,
1232 3305 1356 3372 dictum
1372 3307 1435 3390 pri·

312 3413 468 3498 uilegium
507 3420 677 3498 acceptare
708 3431 766 3480 seu
798 3410 934 3498 admitti,
973 3412 1215 3495 admissumque
1245 3415 1442 3499 approbare,

311 3521 446 3604 munire,
478 3527 510 3587 et
527 3519 786 3589 confirmacionis
801 3524 916 3589 robore
931 3520 1107 3588 stabilitum
1141 3540 1162 3586 a
1192 3521 1298 3608 nobis,
1336 3527 1368 3586 et
1398 3521 1442 3588 ab

312 3628 458 3696 omnibus
475 3636 582 3696 nostre
599 3627 748 3716 dicionis,
766 3649 805 3695 ac
822 3629 898 3714 alijs
914 3629 1131 3710 cuiuscunque
1148 3629 1304 3714 temporis
1316 3627 1440 3714 judici-

311 3738 370 3803 bus
386 3735 544 3803 vniuersis
560 3735 673 3804 haberi
691 3741 722 3803 ct
738 3737 841 3804 teneri
869 3733 1097 3821 perempniter,
1130 3734 1262 3801 Detrico
1295 3743 1327 3801 ct
1360 3735 1441 3819 filijs
1568 3755 1569 3822 j

309 3844 387 3932 suis,
403 3843 538 3911 Lakacb
555 3842 773 3927 fratribusque
790 3843 946 3930 eiusdem,
965 3863 1003 3910 ac
1020 3863 1129 3908 corum
1146 3843 1320 3910 heredibus
1347 3843 1437 3910 here·

309 3943 451 4035 dnmquc
466 3951 706 4020 successoribus
723 3971 820 4037 super
837 3953 902 4017 iam
921 3951 1015 4018 dictis
1032 3951 1139 4029 terris,
1156 3949 1292 4040 predijs,
1307 3970 1438 4035 posscs-

308 4059 506 4143 sionibusuc,
537 4065 570 4127 et
586 4079 696 4127 carum
721 4061 933 4146 pertinencijs
959 4065 992 4128 et
1023 4059 1211 4144 attinencijs
1242 4065 1437 4145 perpetuum

310 4167 478 4238 silencium
496 4167 646 4254 exigente
661 4167 791 4236 iusticia
806 4167 1011 4254 inponentes.
1052 4169 1088 4233 ln
1107 4167 1199 4234 cuins
1216 4166 1264 4234 rei
1295 4167 1441 4234 testimo·

309 4277 399 4344 nium
417 4283 448 4343 et
464 4277 652 4344 memoriam
668 4281 813 4344 eternam
829 4287 998 4362 presentes
1022 4273 1240 4342 concessimus
1271 4273 1439 4360 dupplicis

309 4383 409 4468 sigilli
425 4383 528 4452 nostri
544 4383 720 4452 munimine
739 4385 958 4468 consignatas.
999 4383 1120 4451 Datum
1136 4402 1192 4468 per
1209 4401 1323 4449 manus
1340 4403 1440 4452 vene·
1567 4447 1568 4456 ,

310 4490 424 4558 rabilis
440 4491 502 4559 viri
518 4491 666 4577 Magistri
683 4491 851 4560 Benedicti
878 4492 997 4558 Sancte
1022 4490 1256 4577 strigoniensis
1289 4491 1440 4561 Ecclesic
1567 4501 1568 4541 l

305 4595 524 4688 Archyelecti,
541 4596 746 4686 eiusdemque
761 4600 825 4669 loci
841 4600 974 4670 Comitis
991 4600 1146 4690 perpetui,
1178 4598 1338 4687 Preposlti
1364 4603 1430 4671 Bu·
