3096 5160
651 295 810 395 *aaa

157 488 281 556 Mathei
290 487 441 574 Apostoli
452 494 484 556 et
493 489 714 572 Euangelite
724 489 767 556 ad
777 489 939 576 prefatam
949 495 1189 576 possessionem
1197 494 1291 580 Wys-

158 616 233 662 now
251 597 287 662 in
304 593 467 664 comitatu
483 595 692 666 Zemliuiensi
714 598 905 664 existentem
917 598 1144 686 accessissent,
1160 605 1192 666 et
1208 600 1254 666 ibi
1270 623 1292 667 a

157 703 277 771 vicinis
294 710 327 771 et
343 705 578 772 commetaneis
594 704 760 771 nobilibus
775 711 806 770 et
821 705 1030 792 ignobilibus,
1048 712 1081 774 et
1110 706 1161 774 his
1191 709 1289 776 omni·

156 810 217 878 bus
234 811 352 894 quibus
366 800 477 878 decuit
491 819 524 878 et
537 811 639 900 licuit,
657 814 753 879 talem
775 812 817 878 de
826 813 995 898 premissis
1011 814 1096 880 scire
1110 815 1290 900 potuissent

157 917 330 984 veritatem
346 945 354 984 :
371 918 458 1003 quod
474 918 639 1004 predictus
655 917 817 986 Renoldus
844 918 1014 989 Palatinus
1045 921 1287 988 ordinacionem

156 1031 189 1090 et
204 1024 442 1108 obtigacionen
474 1045 571 1112 super
602 1027 789 1094 concambio
820 1028 1037 1113 possessionis
1054 1029 1211 1114 Wysnow
1229 1049 1287 1114 pro

155 1132 365 1214 possessione
395 1132 497 1216 ipsius
529 1133 726 1200 hereditaria
756 1133 882 1200 Sakala
912 1142 1028 1201 vocata
1059 1136 1093 1200 in
1124 1134 1287 1202 Comitem

154 1239 294 1324 Wywar
310 1239 389 1306 data
399 1247 430 1306 et
440 1242 531 1306 facta
546 1240 710 1324 existenti,
725 1240 817 1307 iuxta
837 1242 973 1308 formam
989 1241 1153 1328 priuilegij
1170 1243 1286 1310 Vestro

154 1343 368 1413 Celsitndinis
384 1367 483 1432 snper
497 1347 559 1414 hoc
578 1348 759 1415 ordinatam
778 1348 913 1416 eundem
947 1349 1127 1416 Johannem
1160 1370 1286 1418 conser-

153 1473 244 1540 uare,
277 1461 313 1520 ut
348 1455 525 1540 assumpsit
555 1479 621 1522 non
654 1462 806 1541 curasset,
839 1477 900 1522 neo
931 1463 1068 1524 curaret.
1100 1459 1220 1526 Datum
1251 1459 1284 1525 in

153 1561 297 1628 crastina
312 1561 405 1629 Beati
421 1563 602 1650 Mychaelis
618 1561 816 1649 Archangeli
834 1585 920 1633 auno
941 1565 1072 1632 Domini
1102 1571 1281 1652 prenotato.

156 1759 299 1820 (hhedstie
317 1758 502 1826 borhdrtyln,
531 1777 548 1812 a
567 1761 709 1826 ndrpeosdt
729 1764 881 1828 elveszett;
913 1779 930 1814 a
959 1763 1043 1814 budai
1074 1763 1127 1814 hir.
1158 1765 1283 1814 kamarai

619 1851 817 1915 lavdltarban.)

679 2659 756 2732 402.

147 2855 181 2921 A
198 2859 333 2924 occvdrc‘
347 2859 572 2945 bdptclanoulc
586 2859 861 2946 bizoogsdplcuelc,
889 2861 971 2945 bopy
1001 2859 1066 2926 Jck
1096 2863 1277 2945 cemzetse'p·

146 2965 209 3032 ceti
224 2965 323 3052 Mpke
339 2966 509 3051 tetamento,
540 2971 648 3057 milcc‘p
666 2968 881 3054 Saentpybrpy
896 2967 1021 3053 helyseq
1046 2967 1164 3032 Buaod
1193 2989 1276 3032 aem·

296 3076 460 3162 zetadpbeli
481 3075 589 3142 chca
604 3075 765 3144 comcanek
780 3077 808 3142 el
824 3075 887 3140 oolt
904 3074 1002 3140 adua.
1027 3073 1124 3138 1289.

255 3269 324 3335 Nos
357 3267 543 3357 Capitulum
572 3270 719 3339 Ecclesia
749 3267 861 3336 Sancti
893 3267 1064 3334 Michaelis
1079 3265 1276 3372 Archangel,

143 3376 185 3444 de
201 3377 317 3444 (lastro
332 3377 450 3446 Ferreo
466 3385 576 3446 notum
591 3379 725 3446 iacimus
740 3383 851 3444 tenore
866 3373 1068 3460 presencium
1099 3374 1274 3443 uniuersisi
1401 3425 1402 3428 ,

141 3484 233 3570 quod
265 3484 367 3572 Myhe
397 3486 482 3554 filius
515 3485 649 3552 Comitis
680 3483 813 3552 Martini
843 3483 884 3552 de
915 3501 1035 3569 genere
1065 3480 1132 3550 Jak
1152 3483 1193 3550 ab
1210 3504 1276 3550 vna

139 3599 250 3681 parte,
266 3592 380 3660 Comes
398 3591 508 3660 Ochun
525 3593 567 3661 de
583 3613 704 3678 genere
720 3591 831 3660 Buzad
846 3591 888 3658 ab
905 3592 1012 3658 altera
1042 3609 1150 3658 coram
1181 3591 1275 3658 nobis

137 3700 362 3787 personaliter
393 3701 580 3786 constituti;
603 3701 687 3768 idem
714 3699 812 3786 Myke
828 3699 1015 3786 porcionem
1030 3718 1123 3765 suam
1138 3698 1172 3764 in
1189 3705 1276 3764 terra

144 3807 321 3895 Soengyrg
337 3814 453 3876 vocata
467 3811 501 3875 in
518 3807 698 3877 Oltamuch
716 3809 917 3893 existentem,
935 3805 1152 3892 quamprimo
1173 3793 1276 3878 ¹rene·

136 3916 257 3984 rabilie
289 3931 382 4001 pater
396 3916 565 3986 Zalandus
580 3916 765 4002 Episcopus
791 3914 1053 4002 Wesprimiensis
1069 3911 1271 4000 possidebat,

135 4046 214 4094 cnm
231 4025 381 4092 omnibus
397 4025 594 4093 vtilitatibus
611 4033 642 4091 et
673 4023 859 4111 attinencijs
875 4024 943 4092 suis
974 4023 1057 4087 dixit
1087 4019 1271 4088 vendidisse

135 4131 291 4219 predicto
309 4133 424 4200 Comiti
441 4131 564 4219 Ochus,
581 4131 719 4220 receptis
737 4131 949 4218 septuaginta
968 4128 1085 4195 marcis
1102 4126 1275 4194 abeodem

135 4238 182 4308 ad
199 4241 347 4327 plenum,
365 4247 397 4307 et
412 4261 469 4326 per
486 4261 559 4308 eum
576 4241 643 4309 suis
662 4239 835 4308 heredibus
849 4237 1091 4326 perhempniter
1108 4240 1141 4300 et
1156 4233 1274 4300 irrouo-

133 4346 289 4414 cabiliter
322 4347 563 4437 possidendam,
587 4350 679 4417 saluo
710 4349 799 4431 inre;
830 4347 877 4414 ita
893 4347 1054 4430 videlicet,
1081 4340 1168 4426 quod
1184 4341 1274 4408 nullo

132 4477 284 4540 unquam
303 4465 485 4544 temporum
518 4460 657 4527 decursu
689 4478 745 4544 por
783 4457 885 4544 ipsum
917 4457 969 4525 vel
1000 4475 1059 4541 per
1090 4450 1273 4536 quempiam

131 4565 325 4634 huiusmodi
357 4565 508 4635 vendicio
541 4568 573 4634 in
600 4566 891 4651 transgressionem
917 4569 1098 4630 reuocetur.
1118 4559 1160 4624 Vt
1175 4555 1273 4640 igitur

1104 4665 1167 4736 31*
