3124 5152
827 325 987 424 Est...

219 503 220 506 Ἴ
340 520 469 592 domino
492 521 587 610 Duei,
603 527 635 588 et
651 541 706 608 per
722 523 846 588 tentum
862 527 997 608 tempus,
1016 522 1172 604 quantum
1189 513 1351 582 videbitur
1367 512 1480 580 domi·

340 652 381 700 no
399 631 481 697 Dnei
498 637 531 698 et
547 629 715 699 Communi
733 629 957 711 Veneriorum,
972 627 1194 712 promittentes
1209 623 1269 690 sub
1286 641 1373 707 pene
1383 620 1479 688 mille

342 737 547 806 marcharum
580 737 707 824 argenti
733 733 837 804 eidem
855 734 985 802 domino
1003 734 1086 800 Duei
1105 730 1276 818 recipienti
1293 729 1426 796 nomina
1442 739 1479 796 et

220 853 226 862 ’
340 846 413 913 vice
429 865 487 913 suo
503 852 536 912 et
552 844 738 914 Communis
756 843 980 928 veneciarum,
1001 841 1087 926 qnod
1105 861 1161 926 per
1192 835 1359 926 predictus
1391 835 1479 902 Uni-

341 953 512 1022 versitates
543 961 575 1020 et
592 952 737 1021 homines
763 959 795 1018 et
811 969 966 1038 personas
981 950 1125 1036 ipserum
1145 949 1323 1014 insularum
1352 947 1478 1013 fuerint

340 1061 513 1128 observatu
529 1060 637 1132 omnia
653 1067 686 1126 et
701 1059 834 1142 singula
850 1057 1073 1144 suprascripte
1092 1079 1099 1140 ;
1133 1075 1198 1138 que
1215 1073 1300 1139 perra
1316 1053 1427 1120 solute
1443 1054 1475 1120 si
1550 1059 1551 1062 ’

341 1168 595 1238 contrafecerent
611 1169 662 1235 vel
673 1187 737 1234 nou
747 1166 862 1254 solute,
880 1164 1025 1252 predicte
1041 1164 1150 1232 omnia
1166 1167 1199 1230 et
1215 1160 1343 1244 siugute
1359 1161 1396 1229 iu
1412 1182 1476 1230 sue

341 1283 554 1364 permaneant
569 1276 731 1342 firmitate.

448 1381 566 1448 Forma
598 1381 729 1466 quidem
760 1377 947 1468 syndicarie
963 1379 1041 1446 tatis
1058 1385 1108 1444 est
1124 1403 1132 1443 ε
1150 1375 1322 1462 Magnifico
1337 1373 1476 1444 domino

342 1496 375 1556 ot
389 1489 511 1576 potenti
528 1489 652 1555 Jaeouo
670 1488 863 1571 Contareno,
880 1487 943 1552 Dei
963 1485 1069 1570 gratie
1087 1483 1311 1572 Veneeiernm,
1334 1483 1494 1551 Delma.

339 1597 390 1666 oie
420 1603 517 1682 etque
533 1595 666 1662 Groeoie
697 1593 778 1660 Duci
795 1599 828 1660 et
844 1595 981 1659 Domino
1006 1591 1127 1670 Querte
1158 1591 1266 1660 Partis
1282 1600 1316 1658 et
1327 1589 1477 1658 Dimidio

342 1705 446 1775 tooins
462 1702 593 1788 Imperii
610 1702 777 1787 Romenic,
795 1720 936 1768 necnon
952 1699 1096 1768 Consilio
1112 1697 1268 1767 eiusdem.
1301 1699 1475 1767 Universi·

343 1820 399 1880 tas
415 1811 570 1878 nobilium
600 1817 632 1874 ct
647 1809 853 1894 popularium
870 1807 909 1874 dc
926 1805 1012 1874 uara
1031 1807 1284 1893 qualiqnnmque
1300 1808 1475 1875 subtectio·
1550 1813 1551 1816 ’

341 1918 552 1987 nehrrmiiius
573 1935 646 1984 esse
665 1919 781 2002 possit.
814 1915 892 1981 Cum
923 1919 1056 2000 propter
1087 1915 1204 1981 bonum
1235 1919 1339 1983 status
1369 1914 1475 1981 nostri

340 2023 514 2112 spirituslis
544 2029 575 2090 et
592 2022 780 2109 tcmp'orulis
811 2025 929 2090 iustum
962 2031 994 2088 ct
1010 2043 1068 2108 per
1084 2021 1237 2088 mundum
1254 2021 1474 2108 approbatum

342 2132 487 2218 regimen
509 2132 605 2200 uestri
637 2129 791 2216 Dominii‚
819 2129 882 2196 ium
916 2128 1035 2195 dudum
1067 2129 1353 2218 desiderassemus,
1384 2151 1475 2198 nuno

340 2223 448 2304 nutem
479 2238 598 2304 nostris
625 2237 796 2304 desideriis
811 2243 976 2302 annuente
991 2236 1131 2302 Domino
1147 2236 1243 2302 finem
1260 2242 1407 2320 optatum
1424 2237 1475 2302 ie·
1550 2289 1551 2304 n

341 2365 415 2414 cere
432 2345 609 2430 cupientes,
629 2365 741 2410 omncs
756 2343 952 2409 unanimiter
968 2348 1000 2408 et
1016 2342 1219 2410 concorditer
1251 2343 1411 2411 mittimus
1428 2345 1473 2412 ad

327 2449 454 2520 'Vestro
484 2450 678 2518 Altitudinis
707 2451 903 2537 sapientiam
940 2450 1159 2520 venerabilem
1185 2457 1311 2536 petrem
1342 2453 1374 2518 S.
1408 2453 1475 2520 Dei
1550 2435 1551 2520 J

340 2559 449 2646 gratia
479 2560 674 2646 Episcopum
705 2561 890 2642 Feronsem,
917 2558 1082 2624 dominum
1115 2565 1290 2645 etpatrem
1315 2564 1475 2648 nostrum,
1550 2611 1551 2616 η

341 2669 457 2735 dautes
473 2668 579 2735 eidam
597 2667 813 2735 omnimodam
833 2667 1072 2754 auctoritatem,
1090 2673 1234 2734 nostrum
1254 2665 1476 2736 universatem

342 2776 540 2843 voluntatem
558 2775 726 2842 snonutui
743 2779 987 2862 exponentem
1007 2774 1161 2860 quioquid
1187 2774 1272 2842 idem
1304 2777 1477 2842 venerabi·

340 2881 383 2950 lis
401 2889 577 2968 patereum
594 2883 707 2950 Vestro
724 2881 960 2966 Magnitudiuis
978 2881 1142 2968 sapientie
1163 2883 1354 2951 tractaverit
1369 2889 1403 2951 et
1418 2881 1475 2952 de·
1550 2955 1551 2960 ,

340 2990 572 3076 terminaverit,
588 3009 648 3058 nos
680 2989 740 3057 sub
772 2989 971 3074 obligatione
1002 3009 1218 3076 personarum
1249 2998 1283 3058 et
1314 2992 1475 3058 bonorum
1550 3055 1551 3060 ,

341 3105 522 3166 nostrorum
555 3105 673 3179 ratum,
707 3101 830 3166 firmum
847 3117 886 3164 ac
913 3105 1105 3184 perpetuum
1125 3099 1273 3167 uolumus
1289 3097 1475 3167 observare.

339 3207 377 3273 In
394 3205 485 3272 cuius
496 3206 541 3272 rei
558 3205 773 3273 testimonium
789 3215 957 3290 presentes
973 3227 1044 3272 cum
1061 3206 1225 3274 autentico
1241 3207 1352 3291 sigillo
1379 3207 1477 3274 Com·

342 3313 507 3380 munitatis
525 3317 634 3380 nostre
649 3311 785 3380 fecimus
802 3313 956 3378 roborari.
987 3311 1107 3380 Datum
1125 3313 1158 3378 in
1186 3315 1254 3381 Far
1284 3313 1317 3381 iu
1342 3315 1476 3400 palacio
1550 3305 1551 3316 ³

339 3419 526 3507 Episcopali
544 3442 630 3488 anuo
648 3419 776 3488 Domini
809 3420 982 3488 millesimo
1014 3421 1247 3510 oouxxvln,
1280 3423 1393 3509 quinto
1425 3425 1475 3492 irr-
1550 3437 1551 3440 ’

250 3608 255 3617 Ι
344 3535 452 3598 trente
469 3529 646 3596 Februarii.

460 3727 737 3794 (bjubics,1itouum.
759 3743 799 3792 sp.
820 3728 885 3780 trist.
906 3727 980 3780 Slus.
999 3727 1098 3781 Merid.
1119 3729 1140 3780 I.
1161 3728 1219 3780 ket.
1238 3732 1296 3779 115.
1317 3729 1348 3792 t.)

801 4017 1038 4026 ...—-.--..—..-
