3112 5154
908 942 983 1012 185.

378 1142 481 1209 Keled
496 1141 657 1208 Keledcek
665 1141 720 1224 fla
734 1141 825 1206 *coest
842 1150 903 1208 teca
919 1161 999 1208 otoo
1014 1140 1317 1209 latalmoakoddaolr
1331 1142 1421 1227 oto,
1443 1166 1498 1208 rue-

372 1250 479 1336 ·lyeloet
495 1248 617 1317 Miletos
633 1246 830 1315 Amoldnak
838 1247 893 1331 fla
909 1247 1014 1314 Niczlc
1029 1248 1209 1336 helyatphea
1219 1249 1391 1317 elitiloctett.
1409 1249 1500 1314 1277.

487 1443 557 1510 Noe
572 1441 756 1510 Lodouious
772 1441 834 1509 Dei
850 1441 964 1530 gracie
982 1441 1162 1529 Hungarie,
1178 1437 1322 1528 Polonie,
1339 1441 1501 1509 Dalmacie

309 1547 311 1552 ’
358 1549 440 1618 «eth.
456 1550 527 1618 Rex
542 1551 604 1618 stb.
621 1549 707 1636 qnod
724 1549 785 1616 viri
801 1548 967 1634 Magnifioi
983 1547 1151 1616 Emerious
1176 1548 1347 1618 Palatinus
1375 1555 1408 1616 et
1437 1545 1499 1612 Sto·

381 1655 511 1744 phanus
523 1654 695 1741 Woyuoda
712 1656 950 1722 'transilnanus
967 1652 1079 1722 fideles
1095 1653 1196 1722 nostri
1213 1661 1246 1720 et
1262 1653 1375 1722 dilecti
1402 1673 1501 1739 perso

376 1761 496 1830 naliter
512 1763 604 1828 iuxta
620 1762 856 1830 continenciam
875 1762 1054 1828 litterarum
1072 1759 1207 1828 comitis
1233 1759 1365 1847 (lapelle
1397 1767 1500 1828 nostre
1542 1787 1543 1792 ¹

360 1869 641 1937 -euocatoriarum
656 1867 851 1961 simplicium
868 1869 977 1954 ipsam
1008 1867 1236 1936 euocaoionem
1268 1868 1302 1934 in
1332 1867 1502 1952 Wisegrurl

380 1974 466 2041 facie
482 1975 525 2042 ad
541 1975 657 2042 faciem
673 1965 793 2042 laetam
809 1974 880 2041 fore
896 1973 1124 2041 denotancinm
1141 1973 1239 2041 leroio
1265 1972 1319 2042 die
1345 1975 1429 2042 ferie
1457 1993 1501 2042 sc-

378 2079 486 2146 cunde
500 2081 645 2165 proxime
671 2089 746 2166 post
776 2081 893 2148 festum
926 2081 1019 2150 Beati
1050 2081 1137 2148 Luce
1167 2079 1389 2166 Euangeliste
1420 2101 1500 2148 anno

360 2187 511 2253 ‚Domini
527 2187 700 2254 millesimo
727 2185 935 2255 GCC⁰LXX⁰
966 2188 1065 2256 tercio
1097 2189 1285 2273 preteritum
1317 2189 1353 2255 in
1385 2185 1501 2256 Nostro

378 2291 574 2360 Serenitatis
591 2301 766 2380 conspecto
783 2299 1019 2382 comparentes,
1052 2301 1166 2362 contre
1194 2295 1370 2364 Nicolaum
1403 2295 1501 2361 lilium

377 2399 513 2466 Hahold
528 2399 688 2484 quasdam
704 2401 832 2468 litteras
849 2401 994 2486 Capituli
1009 2401 1158 2468 Ecclesie
1189 2401 1343 2470 Albensis
1374 2403 1437 2470 stb.
1469 2401 1503 2466 in

376 2511 519 2575 nostrum
537 2505 716 2574 eduxerunt
731 2515 939 2592 conspectum
970 2508 1141 2593 habentes,
1172 2508 1259 2594 quod
1290 2509 1325 2576 iu
1356 2508 1502 2594 personis
1542 2525 1543 2532 ¹

373 2617 519 2700 ipsorum
535 2613 676 2680 Palatini
693 2613 908 2704 etWoyuode
920 2615 1120 2700 fratrumque
1131 2634 1240 2682 eorum
1250 2613 1369 2682 Nostro
1379 2617 1501 2682 dictum

376 2721 492 2789 luisset
507 2719 680 2806 Maiestam,
697 2717 784 2806 qnod
798 2720 957 2788 Nicolaus
973 2719 1058 2788 lilius
1069 2720 1200 2788 lincolui
1211 2721 1252 2788 de
1264 2720 1398 2806 Halmii,
1414 2741 1501 2790 asse·

370 2849 449 2896 rens
462 2833 541 2919 jura
556 2847 617 2894 sca
632 2827 893 2914 possessioneria
908 2847 987 2912 erge
1003 2830 1133 2897 eosdem
1149 2827 1346 2914 Palatinum,
1363 2829 1502 2915 Woyuo·

375 2936 464 3022 dam,
482 2943 515 3003 et
530 2933 646 3003 iratres
662 2934 807 3020 ipsorum
824 2935 974 3020 existere,
991 2936 1134 3003 obmissa
1149 2955 1283 3020 prorsus
1298 2935 1502 3004 consuetudi·

375 3043 468 3109 narie
484 3042 558 3126 lege
574 3041 677 3126 Regni
693 3041 794 3108 nostri
810 3044 851 3108 ab
868 3041 1004 3126 antiquo
1021 3049 1189 3129 eonsueta,
1206 3061 1349 3112 necnon
1370 3061 1501 3110 suorum

369 3149 503 3236 jurium,
520 3147 549 3216 si
565 3167 627 3232 que
643 3146 780 3216 haberet
794 3149 882 3215 circa
898 3149 1041 3238 easdem,
1071 3149 1269 3217 execucione
1298 3155 1503 3235 postergatu,
1542 3211 1543 3226 ,

367 3257 474 3324 tacita
489 3257 628 3324 veritate
644 3267 676 3323 et
691 3262 846 3341 suggesta
864 3255 1023 3342 falsitate,
1039 3255 1267 3342 multipharias
1283 3257 1414 3326 litteras
1433 3276 1502 3341 pro·

376 3362 618 3446 testaoionales,
634 3361 868 3448 inquisitorias,
885 3362 1115 3449 prohibitorias
1133 3371 1165 3431 et
1188 3361 1433 3453 affirmatorias,
1465 3383 1504 3430 ao

372 3469 460 3537 alias
472 3469 540 3554 juri
570 3470 715 3554 ipsorum
748 3470 1005 3554 possessionario
1036 3469 1271 3556 derogatorias,
1301 3469 1441 3538 silenter
1472 3478 1504 3538 et

355 3617 359 3622 -
373 3577 498 3644 occulte
513 3583 625 3642 eontra
640 3576 729 3662 ipsos
746 3578 891 3644 emuneri
908 3577 1018 3646 lacere
1049 3583 1265 3664 procurasset,
1297 3583 1332 3644 et
1361 3583 1503 3665 protunc

355 3691 571 3771 procuraret
604 3683 698 3750 Vnde
713 3684 791 3770 quia
805 3705 865 3753 nos
881 3685 923 3755 de
954 3685 1075 3754 talibus
1106 3684 1229 3753 dolosis
1259 3691 1293 3753 et
1323 3685 1504 3753 cantelosis

371 3791 473 3878 gestis
490 3798 523 3858 et
537 3787 656 3874 iniquis
672 3791 885 3876 processibus,
909 3813 950 3860 ne
975 3811 1032 3880 per
1062 3790 1124 3860 hoo
1154 3791 1229 3860 iura
1260 3792 1503 3876 regnicolarum
1542 3775 1543 3784 ἵ

369 3906 551 3967 nostrornm
568 3897 829 3982 possessionaria
844 3901 878 3966 in
896 3899 1042 3968 suturam
1057 3899 1233 3986 periclitari
1259 3897 1504 3983 contingerent,

370 4006 587 4076 voluissemus
604 4021 685 4070 sene
699 4003 891 4092 inuigilare;
917 4006 992 4075 ideo
1008 4006 1104 4074 nobis
1120 4005 1395 4076 committentibus
1413 4006 1505 4076 idem

368 4112 527 4181 Nicolaos
541 4110 627 4177 filius
643 4111 770 4179 Nicolai
786 4112 870 4180 seria
887 4119 1009 4197 quarte
1024 4114 1174 4200 proxima
1200 4117 1276 4199 post
1300 4111 1505 4181 dominicam

368 4218 590 4288 Reminiscere
604 4217 749 4304 proxime
764 4225 840 4285 tuno
866 4221 1054 4305 preteritum
1085 4240 1145 4306 per
1175 4226 1322 4288 nostrum
1353 4228 1386 4287 et
1421 4221 1504 4289 dicti

369 4323 514 4411 Capituli
529 4325 676 4394 homines
691 4324 725 4391 in
741 4325 948 4410 possessione
964 4347 1024 4396 sua
1041 4323 1154 4393 Bodon
1173 4333 1289 4396 vocata
1318 4345 1391 4397 cum
1430 4331 1504 4398 vni-

369 4433 472 4500 ucrsis
491 4431 683 4501 litteralibus
699 4431 767 4499 suis
784 4431 1007 4502 instrumentis
1023 4453 1081 4502 seu
1097 4432 1316 4521 munimentis,
1332 4435 1447 4521 sique
1470 4439 1503 4504 in
1542 4435 1543 4528 f

350 4539 524 4608 «dictorum
537 4539 657 4626 jurium
673 4558 802 4607 suorum
813 4541 1157 4629 possessionariorum,
1173 4560 1236 4626 que
1246 4561 1325 4629 erga
1334 4544 1430 4630 ipsos
1443 4547 1505 4612 Pa-
