3096 5160
590 951 663 1021 398.

69 1149 112 1214 Aa
139 1155 212 1236 cyri
234 1152 457 1238 ddptoicnoulc
496 1154 776 1240 bizonyadplecele‚
824 1157 909 1240 impp
943 1155 1042 1241 Oropi
1072 1157 1188 1221 Pouku

121 1259 222 1344 uojdu
238 1259 343 1346 {orici
357 1271 439 1326 aevu
448 1262 557 1346 foldet
574 1265 684 1328 cludtc
700 1263 802 1329 Dezae'i
819 1265 1005 1328 meateraelr.
1031 1266 1128 1331 1288.

368 1454 397 1520 Α
613 1459 640 1522 Β
857 1457 882 1524 O

163 1560 323 1630 Omnibus
342 1564 462 1631 Christi
478 1563 630 1632 fidelibus
650 1573 714 1631 tam
731 1567 940 1651 presentibus
957 1587 1054 1650 quam
1071 1569 1186 1637 futuris

66 1689 193 1752 presens
209 1671 364 1756 scriptum
397 1672 590 1756 inspecturis
624 1671 811 1758 Capitulum
842 1675 990 1744 Ecclesie
1020 1675 1188 1757 Agriensis

65 1778 196 1846 salutem
228 1779 261 1842 iu
293 1780 436 1846 omnium
471 1781 644 1847 saluatore.
678 1779 729 1846 Ad
768 1782 990 1850 uniuersorum
1030 1781 1185 1850 noticiam

65 1891 168 1951 tenore
199 1885 402 1970 presencium
429 1889 576 1954 volumus
593 1890 774 1974 peruenire,
791 1888 877 1972 quod
894 1889 1009 1955 Poulra
1025 1890 1187 1974 Voyvoda

62 1991 120 2056 lilio
136 1993 272 2058 Comitis
287 1991 402 2060 Pauka
418 1994 458 2062 de
475 1995 569 2078 Olwp
596 2016 636 2060 ex
668 2018 734 2062 vna
765 2001 868 2082 parte,
900 1998 942 2062 ab
975 1999 1078 2063 altera
1112 2018 1186 2064 uero

63 2097 210 2183 llagistro
240 2101 386 2185 Nycolao
402 2101 466 2167 filio
481 2101 574 2169 Kone
591 2103 631 2168 de
648 2103 725 2169 Beel
746 2103 882 2169 officiali
913 2104 1061 2189 Magistri
1078 2105 1185 2172 Desev

62 2226 162 2272 eoram
173 2208 268 2274 nobis
279 2209 493 2292 personaliter
510 2210 703 2296 constitutis,
719 2209 865 2296 prefatus
884 2211 999 2278 Pouka
1017 2212 1185 2295 Vopwoda

60 2316 222 2398 proposuit
253 2316 330 2382 uiua
363 2337 450 2398 uoce,
467 2317 553 2402 quod
574 2316 738 2402 quandam
759 2328 876 2385 terram
893 2339 984 2386 suam
1012 2321 1185 2403 aquisitam

60 2421 151 2500 lgrici
167 2429 317 2490 vocatam
334 2423 367 2488 in
384 2423 546 2491 Comitatu
563 2425 603 2491 dc
621 2427 744 2494 Borsod
761 2427 965 2510 existentem,
982 2447 1055 2492 eum
1087 2429 1186 2494 omui-

62 2526 114 2594 bus
146 2529 342 2596 utilitatibus
374 2539 406 2596 et
437 2531 644 2616 pcrtinenoijs
675 2535 753 2615 suis,
785 2535 846 2600 sub
877 2533 998 2599 eisdeur
1031 2537 1128 2602 certis
1155 2543 1187 2601 et

61 2636 199 2720 antiquis
215 2639 321 2723 metis,
339 2639 457 2722 quibus
474 2638 544 2724 ipse
577 2641 776 2728 possidebat,
809 2641 1010 2708 vendidisset
1041 2641 1186 2726 predicto

58 2743 210 2824 llagistro
240 2745 349 2810 Desev
372 2765 429 2830 pro
446 2751 574 2813 centnm
600 2747 716 2812 marcis
731 2749 827 2834 plene
845 2747 982 2830 receptis
1000 2749 1043 2813 ab
1061 2747 1174 2814 eodem

58 2850 117 2914 sibi
135 2859 167 2917 et
182 2851 250 2918 suis
266 2851 443 2921 heredibus
461 2851 678 2937 heredumque
694 2875 825 2920 suorum
847 2855 1085 2922 serocessoribus
1116 2855 1188 2946 iure

54 2968 207 3041 perpetuo
220 2961 526 3028 etinreuooubiliter
543 2961 676 3046 pacifice
696 2959 926 3046 possidendam
944 2971 974 3027 et
992 2960 1183 3026 habendam.

52 3065 184 3151 iusuper
210 3068 370 3150 obligauit
400 3087 435 3133 se
463 3069 548 3134 idem
580 3068 696 3136 Pouka
712 3069 871 3154 Voyroda
888 3077 918 3134 et
935 3067 1070 3134 heredes
1097 3086 1183 3152 suos,

52 3174 230 3254 predietum
262 3176 459 3258 Magistrum
490 3180 598 3246 Desev
629 3199 668 3244 ac
699 3179 837 3245 heredes
855 3179 999 3244 eiusdem
1017 3176 1185 3259 uniuersos

54 3280 92 3344 ab
123 3283 273 3352 omuibus
289 3285 421 3351 racione
447 3286 532 3352 dicte
549 3297 633 3352 torre
651 3287 795 3370 inpetere
813 3285 991 3351 nitentibus
1008 3283 1184 3350 defendere

49 3396 78 3451 et
110 3391 266 3476 expedire
297 3393 437 3476 proprijs
469 3395 635 3462 laboribus
667 3402 699 3460 ct
731 3395 891 3478 expensis,
922 3401 954 3457 et
986 3393 1018 3456 iu
1047 3391 1184 3476 pacifica

51 3499 257 3580 possessione
273 3499 377 3586 ipsius
398 3508 482 3568 tene
515 3502 729 3585 indempniter
762 3521 964 3568 conseruare.
1000 3501 1038 3564 ut
1070 3500 1184 3566 Comes

48 3606 201 3688 llengeclr
234 3608 320 3674 filius
353 3609 521 3693 llleugcclr,
555 3605 1184 3692 ostioialisvenerabilispatrisAndree

47 3713 103 3778 Dei
124 3714 241 3795 grauia
258 3715 411 3802 Episcopi
437 3716 615 3800 Agrieusis
649 3715 860 3782 commetanei
893 3722 977 3781 terre
1011 3719 1184 3781 memorate

46 3843 102 3902 pro
136 3822 209 3906 ipso
227 3823 357 3890 domino
374 3831 483 3890 nostro
500 3845 610 3890 coram
629 3825 721 3890 nobis
748 3824 962 3908 personaliter
979 3824 1180 3908 constitutus,

43 3929 322 3996 huicvendieioni
355 3937 387 3996 ot
419 3929 580 4016 empcioni
611 3931 743 4016 plenum
775 3949 969 3998 consensum
1002 3929 1132 4014 prebuit
1148 3937 1180 3993 et

46 4057 231 4106 assensum.
256 4039 351 4104 Alias
382 4047 491 4105 autem
509 4045 614 4104 terras
636 4039 779 4122 predicte
796 4047 879 4103 terre
896 4045 1135 4104 commelaueas
1153 4043 1184 4102 et

41 4145 341 4212 rieiuasdinerunt
367 4165 439 4212 esse
473 4143 648 4212 desolatus.
680 4147 719 4211 In
751 4145 842 4210 cuius
875 4167 932 4228 rey
965 4145 1181 4211 testimonium

39 4253 81 4316 ad
115 4253 310 4318 instanciam
343 4253 486 4338 parcium
526 4259 692 4335 presentes
727 4251 922 4319 contulimus
953 4251 1051 4332 sigilli
1078 4251 1178 4318 nostri

37 4360 218 4426 munimine
234 4361 413 4428 roboratas.
433 4359 643 4426 Presentibus
660 4367 765 4425 tumen
787 4358 944 4441 Magistro
973 4358 1072 4424 Saulo
1104 4359 1182 4422 Leo·

37 4477 118 4548 tore,
145 4465 253 4534 Marco
271 4466 312 4533 de
328 4467 441 4552 Patha,
462 4469 600 4534 Martiuo
618 4467 658 4534 de
674 4467 793 4554 Heuos,
810 4467 958 4552 Nyeolao
975 4463 1016 4528 de
1033 4465 1177 4530 Sumbun

33 4576 200 4660 Gregorio
216 4575 257 4642 de
273 4576 427 4664 Zobolch‚
445 4576 614 4664 Stephano
631 4576 671 4644 de
688 4575 834 4662 Zemlyn,
852 4575 949 4641 Petro
982 4573 1022 4639 de
1054 4571 1181 4657 Kemey
