3148 5164
796 265 957 368 Q

309 460 451 546 predicti
471 461 553 528 duss
587 467 690 528 terras
730 460 958 547 Prepestlelde
990 467 1023 526 et
1053 463 1140 528 Beue
1171 468 1319 549 vocatae,
1351 483 1451 547 super

313 567 428 651 quibus
461 568 640 649 questionis
657 573 825 634 mouerant
842 605 886 615 -
901 604 945 615 —-
961 604 1005 616 —-
1023 607 1066 618 —
1082 575 1194 634 eontra
1208 569 1317 654 ipsum
1335 570 1439 656 Nyso-

313 675 403 740 laum
420 679 452 738 et
467 673 553 741 filios
570 675 661 742 Sauli
678 676 869 762 antedictos,
885 675 1009 740 eisdem
1027 673 1102 742 filiis
1118 675 1210 741 Sank
1227 683 1260 742 et
1285 675 1443 763 Nyeoluo‚

314 802 375 847 nee
407 801 470 846 non
488 780 659 847 heredibus
679 781 820 868 ipsorum
852 781 1072 866 reliquissent,
1089 787 1242 848 eteorum
1260 785 1358 850 nobis
1374 785 1447 849 reli·

313 892 453 969 querunt
469 889 604 973 pseifiee
619 888 835 974 possidendas
852 895 884 955 et
900 886 1094 972 habendss3
1118 895 1150 954 et
1166 909 1184 954 e
1200 896 1315 955 eontra
1345 889 1444 974 ijdem

311 995 479 1080 Nyeoleus
511 1003 543 1059 et
559 994 616 1060 filii
633 995 723 1062 Saule
759 996 876 1062 fratres
893 996 942 1062 sui
959 993 1123 1079 quandam
1140 1030 1184 1042 -
1200 1031 1244 1040 -
1261 1034 1306 1044 -
1323 997 1445 1063 Perbes

311 1107 471 1181 venetam,
488 1102 689 1187 superfacto
723 1103 814 1170 euius
845 1102 921 1176 lites
952 1103 1111 1168 suscitare
1141 1104 1300 1169 nolebant
1332 1110 1447 1170 eontra

311 1209 443 1276 eosdem
476 1209 674 1276 Iweehinum
707 1207 849 1292 elalius,
882 1209 1090 1293 reliquissent
1120 1209 1200 1294 ipsis
1225 1210 1397 1277 Iwaehino
1415 1219 1447 1275 et

310 1318 397 1404 aliis,
413 1324 446 1382 et
460 1335 568 1382 eorem
585 1317 680 1384 nobis
697 1317 896 1400 reliquerunt
922 1317 985 1384 sibi
1002 1323 1035 1382 et
1065 1317 1133 1382 suis
1165 1314 1350 1389 heredibus¹
1374 1337 1447 1403 per·

311 1429 410 1510 petuo
426 1423 496 1490 iure
512 1423 743 1509 possidendam
753 1432 784 1492 et
794 1423 978 1492 tenendam.
995 1424 1033 1488 Iu
1050 1425 1141 1490 euius
1157 1424 1205 1489 rei
1221 1425 1446 1492 testimonium

312 1532 356 1597 ed
373 1532 567 1598 instanciam
598 1533 746 1617 psroium
778 1539 945 1615 presentes
979 1532 1175 1598 contulimus
1206 1532 1312 1614 sigilli
1345 1533 1448 1598 nostri

311 1639 487 1706 munimine
527 1642 704 1706 roboratus.
745 1639 954 1705 Presentibns
994 1643 1103 1704 temen
1134 1637 1257 1722 Mykou
1289 1635 1446 1723 Custode,

310 1747 449 1814 llertlno
465 1748 505 1812 de
522 1745 637 1834 Pullus,
655 1747 797 1832 Symoue
814 1747 855 1812 de
872 1745 1021 1832 Zemlyn,
1037 1746 1197 1812 Bernoldo
1215 1744 1257 1812 de
1288 1745 1449 1828 Sumbun,

311 1855 457 1943 Nyeolao
489 1853 529 1921 de
544 1855 680 1933 Borsue,
715 1853 812 1922 Petro
828 1855 868 1920 de
883 1854 1020 1940 Kemey,
1038 1851 1151 1935 Egidio
1167 1851 1208 1919 de
1223 1853 1344 1938 anh,
1360 1853 1452 1918 Brie-

313 1965 363 2030 cio
380 1961 421 2028 de
436 1959 590 2048 Zoboleh,
608 1960 768 2045 Magistro
799 1960 948 2026 Johenne
980 1957 1021 2024 de
1052 1960 1162 2026 Heues
1194 1959 1448 2027 Archidiseenis

312 2077 345 2136 et
376 2068 450 2136 aliis
481 2069 608 2148 multis3
631 2089 717 2136 suno
748 2067 878 2134 Domini
911 2065 1030 2134 ΜῡῦὒΒ
1061 2057 1449 2151 nonagesimo'seplimo

313 2179 483 2260 Regnsnte
498 2173 630 2241 Andros
661 2174 780 2242 illustri
811 2175 902 2256 Rege
933 2173 1112 2261 Hungerie,
1143 2171 1336 2240 Lodomerio
1369 2173 1450 2240 Stri-

314 2283 470 2364 goniensi
504 2281 654 2350 Johanne
682 2280 852 2348 colooensi
870 2281 1151 2366 Arehiepiseopis5
1176 2282 1319 2348 Domine
1335 2288 1449 2348 nostro

313 2387 494 2454 venerabili
512 2394 604 2472 petre
621 2387 751 2454 Andros
767 2387 827 2452 Dei
855 2389 969 2467 grecis
1001 2387 1162 2472 Episcopo
1194 2385 1347 2470 Agriensi
1379 2386 1447 2453 exi-

314 2492 482 2560 utentibus.

622 2601 652 2667 A
868 2604 894 2667 B
1111 2599 1136 2666 G

314 2799 457 2861 (Eredetie
475 2799 658 2864 bdrhdrtydn,
677 2814 694 2848 s
713 2801 796 2849 vitriis
809 2797 1046 2862 selyenrzsindrou
1059 2797 1175 2861 suggdtt
1187 2795 1281 2859 penset
1295 2797 1452 2858 elveszett;

593 2903 611 2938 e
635 2887 720 2938 budai
743 2887 795 2938 kir.
815 2887 939 2938 knmsrsi
957 2886 1153 2948 levdltr'srbau.)

746 3171 1012 3182 -n——uu—

843 3595 920 3662 487.

314 3794 364 3859 ΑΖ
395 3799 465 3880 equi
486 3795 709 3880 keptalannot
747 3794 1026 3880 dizonysciplevele,
1057 3794 1142 3877 kopp
1173 3793 1305 3876 Mitelp
1336 3801 1456 3856 meter·

313 3904 444 3968 miszlai
454 3909 587 3988 pre'post
603 3901 729 3984 Sumus,
746 3903 904 3986 Berethep
920 3900 951 3966 e's
972 3899 1129 3985 sserebsy
1144 3897 1450 3986 delysdpelcdenldeii

314 4011 454 4076 birtokcit
479 4011 642 4098 dleupedte
668 4009 968 4076 uuekutestodrdusle
1000 4005 1185 4094 Eqpedeet,
1217 4007 1312 4072 Pe'ter
1344 4027 1447 4072 eomes

743 4117 874 4197 fiduciis.
899 4117 996 4183 1297.

423 4311 578 4378 Omnibus
604 4309 724 4376 Christi
741 4308 892 4377 fidelibus
907 4317 973 4379 tam
990 4309 1195 4395 presentibus
1211 4329 1308 4394 quarn
1324 4307 1445 4376 futuris

314 4437 448 4502 presens
474 4418 626 4504 seriptum
657 4417 852 4504 inspecturis
883 4418 1069 4504 Capitulum
1102 4417 1245 4486 Eeelesie
1275 4414 1453 4501 Agriensis·

313 4527 450 4593 salutem
483 4527 515 4592 in
533 4527 676 4594 omnium
709 4527 880 4594 saltatore.
912 4525 964 4592 Ad
990 4525 1210 4594 uniuersorum
1226 4523 1382 4628 notieiuur
1399 4531 1448 4592 te-
