3168 5150
793 311 952 412 Δ,

310 525 343 584 et
357 535 414 601 per
445 512 604 580 eumenis
634 507 811 577 heredibus
842 508 1060 594 heredumque
1091 527 1222 578 suorum
1238 509 1436 596 inposterum

311 621 548 692 suecessoribus
587 617 806 687 eeneessimns
847 615 971 684 litteras
1011 615 1151 702 duplieis
1190 617 1292 701 sigilli
1334 616 1438 684 nestri

310 731 489 800 munimine
519 730 699 796 roboratas.
731 727 849 794 Delum
881 745 937 813 per
970 743 1085 792 munus
1101 725 1250 809 Magistri
1265 725 1436 794 Benedicti

312 837 500 908 Orodiensis
540 835 685 904 lleeleeie
725 835 885 920 Prepesiti
913 833 988 902 sule
1018 839 1128 900 nostre
1160 832 1438 918 Vieetleneellurij

310 947 422 1015 dileeti
453 953 485 1013 et
499 943 604 1010 fidelis
635 943 748 1028 nostri,
781 963 867 1010 anno
900 939 1032 1008 Domini
1047 937 1169 1007 ΜῦΟΟο
1185 941 1439 1026 septuagesimo,

309 1060 422 1142 quarte
437 1051 512 1122 idue
526 1052 728 1138 Deeembris,
743 1051 847 1137 Regni
858 1057 967 1118 autem
987 1050 1090 1118 nostri
1107 1068 1193 1116 anno
1211 1049 1326 1135 prime.

312 1254 451 1316 (liredetie
463 1249 650 1318 berhdrtydm
663 1251 782 1317 melyrdl
795 1265 813 1302 a
826 1248 918 1314 kirtly
932 1248 1023 1300 kettde
1044 1247 1166 1315 peesetje
1192 1248 1256 1300 ndld
1281 1247 1443 1314 selyemnsi·

375 1343 467 1396 ndron
480 1342 550 1409 idgg
562 1358 569 1406 ς
587 1357 604 1393 a
616 1339 723 1393 fdmelt.
735 1341 856 1407 herezeg
868 1338 1031 1405 Betthydny
1045 1331 1142 1390 essltd
1153 1335 1371 1404 lereltartben.)

744 1629 1010 1642 ..ι-Ἀ

861 2061 891 2130 4.

319 2265 352 2332 V.
377 2261 486 2330 lutetia
516 2262 693 2349 leirdlynelr
723 2263 965 2350 privilegium,
989 2263 1139 2349 melylyel
1168 2261 1274 2330 Jdnoe
1314 2271 1439 2346 comat,

311 2369 535 2460 Guynukfie't,
551 2371 672 2455 defluit
685 2369 844 2436 Denertelt
860 2369 985 2456 delyedg
1000 2369 1189 2436 dirtekddan
1214 2373 1247 2435 e'e
1272 2393 1295 2436 a
1319 2365 1439 2437 seut-t

471 2491 629 2546 monaster·
644 2477 780 2566 keqydui
786 2476 937 2566 jeqdban
952 2480 1145 2565 utegerdstti.
1179 2477 1275 2552 1270.

373 2705 375 2712 ¹
417 2673 603 2761 Stephanus
640 2673 702 2742 Dei
736 2674 849 2762 grueia
872 2672 1051 2758 Huugarie,
1082 2672 1261 2760 Dalmseie,
1294 2673 1439 2757 Creteis,

309 2787 421 2872 Reme,
436 2785 558 2872 Seruie,
576 2783 722 2866 Gellieie,
738 2783 941 2869 Ledomerie,
959 2781 1115 2848 Cumanis
1131 2781 1353 2866 Belgerieque
1369 2783 1439 2848 Rex

310 2890 457 2960 omnibus
473 2897 639 2979 presentes
655 2893 782 2960 litteras
798 2890 994 2977 inspecturis
1010 2891 1149 2958 salutern
1164 2893 1199 2958 in
1225 2909 1274 2978 ee,
1305 2889 1361 2974 qui
1378 2890 1438 2956 Re·

310 3001 405 3083 gibus
422 3001 479 3068 det
494 3001 644 3070 salutem.
668 2999 720 3066 Ad
735 3001 959 3068 uniuersorum
975 2999 1128 3069 notitiem
1160 3004 1274 3068 tenore
1307 3018 1438 3084 presen-

309 3109 393 3176 eium
409 3111 557 3178 velumus
573 3110 757 3197 peruenire,
774 3109 861 3194 qued
877 3129 949 3177 eum
967 3127 1108 3196 superna
1118 3108 1316 3194 disponente
1325 3109 1440 3194 grae-iu

310 3226 383 3304 pest
398 3219 573 3288 transitum
590 3218 752 3286 karissimi
770 3218 872 3304 patris
888 3219 991 3286 nestri
1007 3217 1084 3285 Bele
1100 3217 1199 3301 Regis
1216 3215 1321 3284 ielieis
1332 3235 1439 3284 reuer-

310 3326 458 3393 deeionie
474 3325 517 3392 ed
531 3326 637 3410 Regni
654 3325 753 3394 nestri
769 3327 992 3411 gubernacula
1008 3323 1221 3409 coronarique
1247 3323 1440 3392 eeeessisse-

311 3453 394 3519 mus,
424 3439 458 3501 et
475 3453 532 3518 per
550 3433 736 3501 uniuersale
753 3431 893 3500 edietum
911 3452 1024 3500 omnes
1054 3431 1201 3500 Berones
1233 3429 1347 3516 nostri,
1380 3451 1440 3500 seu

309 3540 495 3626 qniennque
511 3547 543 3607 et
559 3541 802 3626 qualeseunque
819 3538 1010 3628 Comitatus,
1043 3539 1223 3625 dignitates
1239 3545 1273 3606 et
1296 3537 1436 3608 honores

308 3648 412 3732 Regni
426 3649 529 3716 nostri
546 3655 694 3717 tenentes
710 3648 745 3714 in
761 3649 937 3716 Albensem
952 3648 1118 3716 eluitetem
1139 3647 1370 3716 eeuueniseent
1379 3667 1389 3730 ;
1408 3653 1441 3716 et

311 3777 370 3824 nes
387 3754 509 3824 eisdem
535 3756 735 3825 inviolabilis
767 3755 843 3823 fidei
873 3757 1060 3824 firmitatem
1092 3757 1190 3824 teetis
1220 3755 1439 3824 sueresanetis

311 3865 457 3952 reliquijs
474 3887 535 3934 nee
552 3887 617 3934 neu
635 3865 764 3934 viuifiee
781 3867 886 3934 erneis
902 3865 993 3950 ligno
1024 3865 1216 3952 interposite
1249 3865 1438 3933 obseruatu-

309 3992 362 4040 ros
378 3975 651 4060 promisiseemus,
682 3981 715 4042 ut
733 3975 877 4059 singulos
893 3973 1104 4059 singulariter
1119 3979 1153 4042 et
1167 3973 1338 4042 uniuersos
1370 3973 1439 4040 vni·

307 4080 482 4148 uersaliter
497 4081 530 4148 in
546 4081 613 4149 suis
623 4082 752 4170 juribus
768 4081 879 4150 illesos
896 4101 1166 4151 eonseruaremus
1182 4086 1217 4150 et
1230 4081 1436 4168 indempnes,

307 4207 348 4254 ee
366 4188 488 4256 iniuste
504 4189 649 4258 alienate
663 4211 720 4258 seu
737 4197 896 4276 oeenpete
912 4197 1188 4276 restauraremns3
1213 4192 1298 4258 inter
1314 4197 1439 4258 eeteros
1571 4197 1572 4200 ’

306 4295 326 4362 J
330 4295 478 4366 ohannes
494 4297 609 4366 (lomes
626 4297 711 4366 filius
728 4299 813 4385 (lug,
831 4318 968 4367 vnaeum
985 4299 1063 4385 tilijs
1078 4297 1157 4386 suis,
1172 4297 1269 4367 Petro
1286 4297 1439 4366 videlieet

306 4402 432 4470 (inmite
449 4405 595 4490 Albensi,
612 4406 736 4474 Gemite
751 4405 860 4492 Sellre,
877 4415 910 4473 et
925 4407 1001 4491 elije
1016 4407 1093 4492 filiis
1109 4409 1188 4488 suis,
1221 4406 1439 4475 exhibuerunt

306 4512 401 4578 nobis
427 4510 633 4598 priuilegium
665 4533 723 4580 sen
752 4513 998 4582 instrumentum
1031 4513 1168 4598 predieti
1198 4513 1299 4600 petris
1333 4515 1438 4582 nostri

307 4615 487 4709 karissimi,
511 4619 546 4687 in
578 4620 697 4705 quibus
727 4619 835 4689 lucide
866 4622 1109 4708 continebatur3
1134 4622 1218 4708 quod
1250 4642 1440 4709 quanquam
