3148 5146
854 273 897 337 92

312 464 537 532 hernantibns.
553 465 703 533 Dionisio
720 466 869 534 Palatino
900 467 1025 534 Gomite
1040 466 1082 533 de
1114 463 1250 552 Oklych
1267 475 1300 532 et
1330 468 1446 536 Jndice

311 573 545 657 Gomanomm3
568 573 708 640 Henrioo
725 576 816 642 Bono
836 575 941 642 locius
957 573 1152 656 Solanonie3
1172 573 1313 641 Nicolco
1329 573 1441 643 indice

315 677 411 746 Ourie
441 686 562 766 nostre,
591 681 752 748 Joaohino
783 679 941 764 Magistro
972 681 1230 750 'Panamioornm
1263 688 1443 749 nostrorum

313 785 437 854 Comite
468 787 510 854 de
526 785 629 872 Plys;
651 786 787 857 Nicolao
819 787 991 874 Woyuoda
1022 787 1243 855 'irensiluano
1260 787 1391 856 comite
1406 790 1443 856 de

311 893 447 976 Zonnk3
471 893 637 962 Herbordo
656 897 813 978 Magistro
839 895 1072 982 Dapilerornm
1102 903 1286 963 nostrorum
1320 897 1445 964 comite

311 1001 354 1069 de
378 1001 528 1086 Barana;
553 1003 648 1070 Petro
681 1004 840 1086 Magistro
873 1003 1065 1086 Agasonum
1098 1009 1283 1070 nostrorum
1317 1003 1439 1071 Comite
1557 1017 1558 1020 ’

313 1109 599 1194 Zolngegeriensi5
624 1109 763 1178 Nicoleo
790 1109 946 1193 Magistro
974 1111 1207 1176 Pincernarum
1238 1116 1443 1194 nostrornm

311 1216 404 1302 Moys
435 1216 593 1300 Magistro
624 1217 881 1284 Tauarnioorum
907 1217 1011 1300 ipsius
1028 1217 1158 1284 domine
1173 1215 1300 1298 Regino
1319 1217 1442 1283 Comite
1557 1232 1559 1301 ς

312 1322 520 1412 symigiensi,
553 1321 710 1408 Gregorio
728 1321 853 1391 (lumite
870 1322 977 1390 (lustri
1001 1324 1124 1412 Ferrei,
1156 1324 1288 1390 Dedalo
1320 1323 1446 1391 Gemite
1559 1301 1560 1316 ἶ

313 1429 510 1518 Zaladiensi‚
526 1431 678 1499 Johanne
695 1431 819 1498 Oomite
835 1430 1005 1518 Nitriensi,
1024 1439 1056 1498 et
1072 1432 1146 1516 alijs
1167 1451 1264 1515 qnam
1298 1431 1445 1514 pluribus

314 1538 494 1604 Comitatus
510 1538 615 1621 Regni
635 1539 736 1608 nostri
756 1540 939 1608 tenentibus
957 1547 989 1604 et
1005 1537 1158 1606 honores.

316 1736 457 1796 (Eredetie
476 1735 661 1800 borhsrcyen,
681 1737 812 1799 melynek
832 1739 920 1802 fdggd
939 1737 1062 1802 peosetje
1090 1737 1233 1798 elveszett,
1255 1751 1273 1786 s
1285 1737 1375 1788 budai
1393 1738 1444 1786 kir.

742 1825 870 1875 kemarei
889 1825 1084 1889 levdltdrban.)

852 2651 904 2717 92.

314 2843 374 2915 IV.
389 2848 507 2916 Loszlo
522 2847 703 2934 tirulyoal
718 2848 969 2933 oddmenteaedpi
990 2849 1225 2935 pr-tvtleploma
1256 2873 1278 2914 a
1309 2853 1447 2936 zdprdbi

561 2955 682 3042 oppida
696 2959 792 3041 nepa·
806 2961 970 3023 eadmdru.
993 2958 1086 3021 1274.

420 3147 595 3240 Ladidaus
605 3147 666 3216 Dei
679 3148 791 3233 gracia
805 3147 958 3236 Vngarie,
969 3150 1150 3234 Dalmacie,
1168 3149 1314 3237 Oroaoie,
1331 3156 1445 3242 Reme,

314 3258 435 3342 Seruio,
451 3256 600 3344 Gallioie,
627 3257 831 3342 Lodomerie,
851 3255 1018 3345 cumanis,
1039 3259 1261 3343 Bulgarieque
1293 3262 1364 3326 Rex
1381 3282 1448 3328 orn-

312 3367 408 3434 nibns
438 3375 507 3432 tam
530 3363 735 3451 presentibus
751 3383 848 3448 qnam
865 3363 993 3453 futuris,
1014 3369 1046 3430 et
1062 3366 1247 3451 specialiter
1266 3367 1446 3436 collectori-

311 3473 372 3540 bus
387 3471 634 3540 marturinarnm
651 3471 801 3540 undecim
818 3477 851 3538 et
866 3478 991 3558 septem
1011 3473 1218 3541 denariorum
1234 3493 1294 3561 per
1310 3475 1447 3542 Solano-

312 3579 402 3645 niam
433 3576 476 3644 ad
491 3598 627 3663 presens
659 3569 690 3646 et
722 3599 781 3664 pro
798 3585 944 3666 tempore
975 3580 1154 3668 comitatis,
1174 3581 1293 3666 quibus
1310 3583 1448 3668 expedit

313 3693 346 3752 et
360 3691 528 3772 presentes
546 3683 767 3770 ostendentur,
785 3688 925 3756 salutem
943 3688 978 3753 in
993 3689 1136 3758 omnium
1162 3690 1341 3757 salvatore.
1364 3689 1446 3756 Corn

311 3793 425 3880 populi
455 3790 687 3878 Zagrabiensis
719 3792 875 3878 Ecclesie,
906 3803 972 3862 torn
987 3796 1141 3882 Episcopi
1173 3795 1328 3863 videlicet
1344 3815 1447 3879 quam
1562 3861 1563 3874 ,

313 3901 457 3989 Capituli
474 3901 538 3967 looi
555 3899 708 3987 eiusdem,
726 3902 769 3969 ab
784 3903 871 3969 omni
892 3903 1030 3972 collecta
1046 3923 1104 3970 sen
1130 3903 1306 3971 exaccione
1338 3903 1452 3987 quali·
1562 3943 1563 3970 r

311 4009 377 4094 bet,
392 4009 642 4076 marturinamm
677 4008 829 4078 videlicet
845 4017 878 4076 et
896 4011 1034 4078 aliarum
1067 4011 1274 4078 exactionum
1294 4029 1450 4093 quarum·
1562 3979 1563 4054 i

279 4116 281 4120 ’
312 4133 460 4200 cumque,
501 4116 595 4183 iuxta
625 4118 795 4201 antiquam
829 4124 861 4184 et
892 4125 1080 4185 consuetam
1111 4117 1259 4185 eiusdem
1297 4117 1451 4186 Eccleaie
1562 4123 1563 4198 ζ

311 4221 495 4292 libertatem
527 4224 683 4291 vallatam
716 4221 825 4292 multis
856 4225 1122 4309 predecessorum
1148 4231 1329 4292 nostrorum
1345 4224 1452 4310 privi-

313 4329 422 4416 legiis,
437 4336 469 4397 et
484 4330 671 4416 specialiter
694 4331 867 4418 privilegio
895 4329 1016 4399 domini
1047 4332 1207 4417 Stephani
1238 4328 1452 4398 Serenissimi
1562 4349 1563 4414 Ῑ

314 4437 425 4523 Regis,
440 4437 529 4505 clare
553 4437 801 4527 recordacionis,
820 4441 924 4524 patris
941 4439 1052 4524 nostri,
1068 4441 1163 4509 liberi
1180 4441 1248 4508 sint
1263 4437 1398 4524 penitus
1415 4447 1452 4508 et

313 4543 476 4628 exempti3
499 4563 625 4629 nosque
657 4545 794 4613 eandem
825 4547 1005 4615 Ecclesiam
1036 4567 1076 4615 so
1101 4548 1240 4634 populos
1270 4545 1378 4632 ipsius
1414 4549 1452 4612 in
1562 4529 1563 4590 l
