3124 5152
535 326 695 432 jes—

165 523 228 600 Nos
245 521 344 609 igitur
374 522 470 592 iustis
499 525 713 609 peticionibus
743 525 846 612 ipsius
878 527 1015 598 Abbatis
1052 532 1086 598 in
1118 531 1179 600 bae

79 639 153 719 parte
176 631 394 702 fauorabiliter
413 633 573 718 inclinati,
590 633 710 702 dietum
727 633 935 720 priuilegium
952 637 1056 722 patris
1072 641 1174 710 nostri

78 747 162 808 ratum
174 740 327 810 babentes
345 747 378 810 et
394 747 625 828 acceptumst
645 741 686 810 de
705 743 804 812 uerbo
836 743 878 811 ad
910 746 1046 814 uerbum
1077 748 1178 816 inser·

79 855 129 915 tum
142 849 333 936 presentibus
367 849 589 920 confirmamus
610 850 749 937 duplicis
767 851 866 938 sigilli
882 854 986 922 nostri
1001 853 1177 924 munimine

78 957 240 1026 roborando.
256 959 297 1024 Et
314 957 393 1043 quia
408 960 492 1026 bone
508 961 555 1026 rei
572 961 651 1026 dure
671 961 851 1028 eonsultum
868 969 900 1028 et
918 963 1079 1046 presentis
1111 963 1178 1030 vite

78 1064 241 1154 subsidium,
251 1073 283 1133 et
299 1072 411 1135 eterne
428 1065 640 1136 beatitudinis
656 1067 796 1135 eernitur
812 1069 970 1153 premium
986 1075 1178 1157 expeetar03

79 1175 110 1240 ob
129 1175 428 1262 oontemplsoionem
459 1174 577 1244 Sancte
607 1177 724 1244 Matris
756 1177 913 1266 Eoelesie,
944 1185 977 1246 et
1008 1177 1178 1264 presertim

78 1283 252 1354 eomiderela
282 1286 411 1354 lesione
440 1285 542 1372 ipsius
573 1287 774 1372 blonasterij,
804 1307 901 1372 quam
934 1289 1051 1356 nostris
1080 1289 1176 1356 annis

77 1390 225 1472 puerilibus
254 1393 481 1481 subportauit;
503 1394 723 1463 eonoessimus
759 1393 955 1479 ordinantes,
991 1397 1076 1480 quod
1108 1403 1177 1464 tam

77 1497 164 1566 lbbas
191 1508 222 1570 et
236 1500 369 1569 Fratres
387 1501 502 1570 Saneti
519 1501 686 1570 Benedicti
704 1501 745 1570 de
761 1501 904 1590 (larena,
920 1523 1017 1588 qnam
1033 1502 1175 1587 iobagio·

78 1625 122 1674 nes
133 1625 184 1675 sen
198 1607 350 1695 inquilini
376 1609 549 1678 eorundem
570 1610 604 1676 in
629 1609 702 1696 ipso
733 1607 832 1676 fundo
863 1609 953 1678 ourie
982 1609 1176 1697 residentes,

76 1713 180 1782 rasione
208 1716 356 1785 eiusdem
388 1715 479 1784 fundi
510 1717 600 1785 euris
632 1725 666 1784 et
679 1716 858 1784 molendini
891 1715 1014 1785 nullum
1031 1736 1174 1798 oensum,

23 1899 24 1914 ἢ
77 1823 234 1910 nullamque
248 1825 470 1911 exaeeionem,
488 1845 550 1909 que
566 1843 622 1912 per
639 1845 709 1913 nos,
726 1824 779 1892 uel
795 1825 951 1893 Comitem
970 1825 1174 1893 Borsiensem

23 1977 24 2024 p
76 1931 254 2001 uirtutum
284 1953 346 2021 pro
376 1940 533 2019 tempore,
564 1940 623 1999 ant
639 1931 789 1998 Villioum
820 1940 852 2000 et
867 1933 956 2000 oiues
973 1931 1174 2020 Borsienses,

23 2039 24 2058 ³
76 2039 129 2106 uiue
138 2061 354 2127 quemcunque
363 2041 505 2126 aliquem
516 2039 628 2129 aliurn,
645 2040 689 2110 ad
700 2059 865 2108 numerum
875 2039 1079 2108 mansionum
1098 2041 1176 2108 ville

23 2135 24 2140 ’
75 2145 206 2236 eiusdem,
236 2149 292 2216 nel
325 2147 391 2217 alio
423 2147 518 2215 modo
549 2146 674 2214 iudiela
704 2145 811 2228 luerit,
838 2165 1027 2231 quoeunque
1046 2146 1176 2214 nomine

23 2309 24 2342 p
75 2261 224 2341 senseatnr,
240 2256 428 2342 persoluere
442 2256 510 2323 ullo
530 2274 671 2340 unquam
706 2256 850 2340 tempore
881 2259 1042 2338 teneatur,
1073 2261 1176 2322 trans·

74 2365 248 2444 gressoribus
284 2364 446 2449 presentis
477 2361 694 2430 ordinacionis
725 2369 844 2447 nostre,
875 2361 902 2429 si
922 2359 1068 2429 forsitam
1099 2381 1174 2428 eum

74 2471 214 2542 attendere
229 2471 402 2540 temerarie
420 2471 520 2556 aliqui
538 2493 602 2540 uon
633 2478 795 2556 curarent,
828 2489 954 2538 exnnno
985 2488 1081 2554 super
1113 2467 1174 2533 hoe

74 2575 211 2648 stenelum
227 2585 420 2668 perpetuum
452 2581 663 2665 imponentes.
693 2580 813 2645 Datum
830 2599 889 2664 per
905 2597 1021 2644 manus
1038 2594 1174 2642 venera-

75 2683 131 2752 bilis
145 2687 198 2754 uiri
214 2688 364 2774 Magistri
383 2687 512 2756 Nioolai
528 2687 613 2754 Aule
631 2692 743 2754 nostre
758 2683 1048 2768 Vionaneellarij,
1065 2681 1176 2751 dileeti

74 2795 202 2863 ellidelis
231 2795 344 2881 nostri,
377 2816 462 2862 nuno
484 2795 613 2863 Domini
634 2785 862 2861 M⁰OC⁰LXX⁰
878 2813 973 2879 nono,
989 2791 1103 2877 Regni,
1120 2811 1175 2858 au-

75 2903 122 2966 ten
135 2903 228 2972 nostrl
243 2925 331 2972 anuo
347 2903 494 2986 septimo.

23 3091 24 3106 ²
107 3100 152 3158 ltz
168 3103 270 3155 essen
288 3103 360 3154 seen
377 3104 477 3156 xnsuz
497 3103 621 3166 pensor,
640 3103 760 3168 mgysr
779 3101 846 3153 sion
865 3100 916 3152 111.
937 3100 996 3150 nse.
1016 3101 1076 3150 lto.
1097 3097 1127 3160 r.)
