<?xml version="1.0" encoding="UTF-8"?>
<!DOCTYPE html PUBLIC "-//W3C//DTD XHTML 1.0 Transitional//EN"
    "http://www.w3.org/TR/xhtml1/DTD/xhtml1-transitional.dtd">
<html xmlns="http://www.w3.org/1999/xhtml" xml:lang="en" lang="en">
 <head>
  <title>
</title>
<meta http-equiv="Content-Type" content="text/html;charset=utf-8" />
  <meta name='ocr-system' content='tesseract 3.04.00' />
  <meta name='ocr-capabilities' content='ocr_page ocr_carea ocr_par ocr_line ocrx_word'/>
</head>
<body>
  <div class='ocr_page' id='page_1' title='image "./codexdiplomatic06wenzgoog_0611.png"; bbox 0 0 3148 5164; ppageno 0'>
   <div class='ocr_carea' id='block_1_1' title="bbox 880 1065 954 1131">
    <p class='ocr_par' dir='ltr' id='par_1_1' title="bbox 880 1065 954 1131">
     <span class='ocr_line' id='line_1_1' title="bbox 880 1065 954 1131; baseline 0.014 -1"><span class='ocrx_word' id='word_1_1' title='bbox 880 1065 954 1131; x_wconf 78' lang='lat' dir='ltr'><strong>tus.</strong></span> 
     </span>
    </p>
   </div>
   <div class='ocr_carea' id='block_1_2' title="bbox 351 1261 1484 1544">
    <p class='ocr_par' dir='ltr' id='par_1_2' title="bbox 351 1261 1484 1544">
     <span class='ocr_line' id='line_1_2' title="bbox 351 1261 1482 1354; baseline -0.006 -22"><span class='ocrx_word' id='word_1_2' title='bbox 351 1266 385 1332; x_wconf 83' lang='lat' dir='ltr'><em>A</em></span> <span class='ocrx_word' id='word_1_3' title='bbox 397 1267 551 1354; x_wconf 80' lang='lat' dir='ltr'><strong>poeronyr&#39;</strong></span> <span class='ocrx_word' id='word_1_4' title='bbox 566 1263 797 1351; x_wconf 81' lang='lat' dir='ltr'><strong>kdptnloonnlc</strong></span> <span class='ocrx_word' id='word_1_5' title='bbox 813 1261 1087 1347; x_wconf 71' lang='lat' dir='ltr'><strong>dizonyadyleoele,</strong></span> <span class='ocrx_word' id='word_1_6' title='bbox 1104 1263 1188 1348; x_wconf 72' lang='lat' dir='ltr'><strong>kopp</strong></span> <span class='ocrx_word' id='word_1_7' title='bbox 1209 1262 1326 1330; x_wconf 74' lang='lat' dir='ltr'><strong>Tamne</strong></span> <span class='ocrx_word' id='word_1_8' title='bbox 1336 1265 1368 1327; x_wconf 80' lang='lat' dir='ltr'><strong>e&#39;n</strong></span> <span class='ocrx_word' id='word_1_9' title='bbox 1380 1263 1482 1327; x_wconf 83' lang='lat' dir='ltr'><strong>Tamo</strong></span> 
     </span>
     <span class='ocr_line' id='line_1_3' title="bbox 352 1368 1484 1459; baseline -0.005 -21"><span class='ocrx_word' id='word_1_10' title='bbox 352 1371 683 1459; x_wconf 74' lang='lat' dir='ltr'><strong>odrjobbdpyoereet</strong></span> <span class='ocrx_word' id='word_1_11' title='bbox 693 1377 773 1434; x_wconf 79' lang='lat' dir='ltr'><strong>acolt</strong></span> <span class='ocrx_word' id='word_1_12' title='bbox 791 1369 1056 1434; x_wconf 77' lang='lat' dir='ltr'><strong>drdkbirtoltolrat</strong></span> <span class='ocrx_word' id='word_1_13' title='bbox 1072 1368 1348 1454; x_wconf 75' lang='lat' dir='ltr'><strong>elzdloynsitottdk</strong></span> <span class='ocrx_word' id='word_1_14' title='bbox 1363 1370 1484 1434; x_wconf 80' lang='lat' dir='ltr'><strong>Ldezlo&#39;</strong></span> 
     </span>
     <span class='ocr_line' id='line_1_4' title="bbox 544 1474 1277 1544; baseline -0.007 0"><span class='ocrx_word' id='word_1_15' title='bbox 544 1477 702 1544; x_wconf 79' lang='lat' dir='ltr'><strong>comeaneln</strong></span> <span class='ocrx_word' id='word_1_16' title='bbox 717 1479 748 1542; x_wconf 72' lang='lat' dir='ltr'><strong>ds</strong></span> <span class='ocrx_word' id='word_1_17' title='bbox 764 1477 954 1542; x_wconf 70' lang='lat' dir='ltr'><strong>testedrdrreln</strong></span> <span class='ocrx_word' id='word_1_18' title='bbox 969 1474 1151 1540; x_wconf 72' lang='lat' dir='ltr'><strong>Jatotnan.</strong></span> <span class='ocrx_word' id='word_1_19' title='bbox 1178 1477 1277 1542; x_wconf 83' lang='lat'><em>1294.</em></span> 
     </span>
    </p>
   </div>
   <div class='ocr_carea' id='block_1_3' title="bbox 350 1667 1566 3042">
    <p class='ocr_par' dir='ltr' id='par_1_3' title="bbox 350 1667 1566 3042">
     <span class='ocr_line' id='line_1_5' title="bbox 460 1667 1482 1756; baseline -0.003 -20"><span class='ocrx_word' id='word_1_20' title='bbox 460 1671 529 1737; x_wconf 86' lang='lat' dir='ltr'><strong>Nos</strong></span> <span class='ocrx_word' id='word_1_21' title='bbox 545 1669 727 1756; x_wconf 79' lang='lat' dir='ltr'><strong>Capitulum</strong></span> <span class='ocrx_word' id='word_1_22' title='bbox 744 1667 890 1736; x_wconf 79' lang='lat' dir='ltr'><strong>Ecclesie</strong></span> <span class='ocrx_word' id='word_1_23' title='bbox 904 1667 1115 1736; x_wconf 90' lang='lat' dir='ltr'><strong>Posouieusis</strong></span> <span class='ocrx_word' id='word_1_24' title='bbox 1132 1668 1482 1753; x_wconf 81' lang='lat' dir='ltr'><strong>significamusquibus</strong></span> 
     </span>
     <span class='ocr_line' id='line_1_6' title="bbox 352 1773 1480 1866; baseline -0.007 -18"><span class='ocrx_word' id='word_1_25' title='bbox 352 1777 485 1866; x_wconf 87' lang='lat' dir='ltr'><strong>expedit</strong></span> <span class='ocrx_word' id='word_1_26' title='bbox 501 1777 674 1862; x_wconf 80' lang='lat' dir='ltr'><strong>uniuersis,</strong></span> <span class='ocrx_word' id='word_1_27' title='bbox 704 1774 791 1860; x_wconf 88' lang='lat' dir='ltr'><strong>quod</strong></span> <span class='ocrx_word' id='word_1_28' title='bbox 808 1773 992 1841; x_wconf 88' lang='lat' dir='ltr'><strong>constitutis</strong></span> <span class='ocrx_word' id='word_1_29' title='bbox 1008 1775 1226 1860; x_wconf 76' lang='lat' dir='ltr'><strong>personaliter</strong></span> <span class='ocrx_word' id='word_1_30' title='bbox 1242 1795 1353 1844; x_wconf 86' lang='lat' dir='ltr'><strong>coram</strong></span> <span class='ocrx_word' id='word_1_31' title='bbox 1382 1776 1480 1842; x_wconf 88' lang='lat' dir='ltr'><strong>nobis</strong></span> 
     </span>
     <span class='ocr_line' id='line_1_7' title="bbox 353 1879 1483 1966; baseline -0.007 -12"><span class='ocrx_word' id='word_1_32' title='bbox 353 1888 482 1956; x_wconf 77' lang='lat' dir='ltr'><strong>&#39;l&#39;hnmu</strong></span> <span class='ocrx_word' id='word_1_33' title='bbox 499 1885 566 1952; x_wconf 88' lang='lat' dir='ltr'><strong>tilio</strong></span> <span class='ocrx_word' id='word_1_34' title='bbox 582 1884 676 1950; x_wconf 84' lang='lat' dir='ltr'><strong>Eiron</strong></span> <span class='ocrx_word' id='word_1_35' title='bbox 692 1889 725 1948; x_wconf 88' lang='lat' dir='ltr'><strong>et</strong></span> <span class='ocrx_word' id='word_1_36' title='bbox 741 1882 869 1948; x_wconf 80' lang='lat' dir='ltr'><strong>Thanna</strong></span> <span class='ocrx_word' id='word_1_37' title='bbox 884 1883 951 1947; x_wconf 89' lang='lat' dir='ltr'><strong>lilio</strong></span> <span class='ocrx_word' id='word_1_38' title='bbox 967 1879 1047 1947; x_wconf 82' lang='lat' dir='ltr'><strong>Oizlr</strong></span> <span class='ocrx_word' id='word_1_39' title='bbox 1063 1882 1291 1966; x_wconf 77' lang='lat' dir='ltr'><strong>iobaginnibns</strong></span> <span class='ocrx_word' id='word_1_40' title='bbox 1308 1880 1412 1949; x_wconf 80' lang='lat' dir='ltr'><strong>Oestri</strong></span> <span class='ocrx_word' id='word_1_41' title='bbox 1440 1883 1483 1947; x_wconf 87' lang='lat' dir='ltr'><strong>ab</strong></span> 
     </span>
     <span class='ocr_line' id='line_1_8' title="bbox 353 1987 1566 2080; baseline -0.006 -18"><span class='ocrx_word' id='word_1_42' title='bbox 353 2014 421 2062; x_wconf 87' lang='lat' dir='ltr'><strong>una</strong></span> <span class='ocrx_word' id='word_1_43' title='bbox 436 1999 539 2080; x_wconf 87' lang='lat' dir='ltr'><strong>parte,</strong></span> <span class='ocrx_word' id='word_1_44' title='bbox 555 1991 678 2058; x_wconf 80' lang='lat' dir='ltr'><strong>Gemite</strong></span> <span class='ocrx_word' id='word_1_45' title='bbox 694 1987 854 2055; x_wconf 86' lang='lat' dir='ltr'><strong>Ladizlao</strong></span> <span class='ocrx_word' id='word_1_46' title='bbox 867 2007 927 2072; x_wconf 91' lang='lat' dir='ltr'><strong>pro</strong></span> <span class='ocrx_word' id='word_1_47' title='bbox 943 2007 979 2056; x_wconf 89' lang='lat' dir='ltr'><strong>se</strong></span> <span class='ocrx_word' id='word_1_48' title='bbox 995 1997 1028 2055; x_wconf 90' lang='lat' dir='ltr'><strong>et</strong></span> <span class='ocrx_word' id='word_1_49' title='bbox 1053 2009 1112 2074; x_wconf 93' lang='lat' dir='ltr'><strong>pro</strong></span> <span class='ocrx_word' id='word_1_50' title='bbox 1137 1989 1237 2058; x_wconf 86' lang='lat' dir='ltr'><strong>fratre</strong></span> <span class='ocrx_word' id='word_1_51' title='bbox 1270 2011 1330 2058; x_wconf 90' lang='lat' dir='ltr'><strong>sno</strong></span> <span class='ocrx_word' id='word_1_52' title='bbox 1359 1989 1483 2057; x_wconf 81' lang='lat' dir='ltr'><strong>Jacobs</strong></span> <span class='ocrx_word' id='word_1_53' title='bbox 1565 2059 1566 2064; x_wconf 57' lang='grc'>,</span> 
     </span>
     <span class='ocr_line' id='line_1_9' title="bbox 352 2091 1566 2186; baseline -0.002 -18"><span class='ocrx_word' id='word_1_54' title='bbox 352 2102 421 2169; x_wconf 88' lang='lat' dir='ltr'><strong>filio</strong></span> <span class='ocrx_word' id='word_1_55' title='bbox 436 2101 531 2186; x_wconf 90' lang='lat' dir='ltr'><strong>parui</strong></span> <span class='ocrx_word' id='word_1_56' title='bbox 549 2097 705 2182; x_wconf 84' lang='lat' dir='ltr'><strong>Stephani</strong></span> <span class='ocrx_word' id='word_1_57' title='bbox 722 2097 899 2180; x_wconf 82' lang='lat' dir='ltr'><strong>annitere,</strong></span> <span class='ocrx_word' id='word_1_58' title='bbox 916 2093 1017 2183; x_wconf 90' lang='lat' dir='ltr'><strong>ijdem</strong></span> <span class='ocrx_word' id='word_1_59' title='bbox 1033 2095 1176 2162; x_wconf 81' lang='lat' dir='ltr'><strong>Thomas</strong></span> <span class='ocrx_word' id='word_1_60' title='bbox 1208 2104 1241 2164; x_wconf 89' lang='lat' dir='ltr'><strong>et</strong></span> <span class='ocrx_word' id='word_1_61' title='bbox 1272 2097 1376 2162; x_wconf 79' lang='lat' dir='ltr'><strong>Tama</strong></span> <span class='ocrx_word' id='word_1_62' title='bbox 1407 2099 1485 2162; x_wconf 90' lang='lat' dir='ltr'><strong>sunt</strong></span> <span class='ocrx_word' id='word_1_63' title='bbox 1565 2091 1566 2166; x_wconf 76' lang='lat' dir='ltr'><strong>l</strong></span> 
     </span>
     <span class='ocr_line' id='line_1_10' title="bbox 352 2195 1483 2293; baseline -0.007 -17"><span class='ocrx_word' id='word_1_64' title='bbox 352 2206 506 2293; x_wconf 81' lang='lat' dir='ltr'><strong>confessi,</strong></span> <span class='ocrx_word' id='word_1_65' title='bbox 523 2204 609 2290; x_wconf 88' lang='lat' dir='ltr'><strong>qnod</strong></span> <span class='ocrx_word' id='word_1_66' title='bbox 634 2210 753 2270; x_wconf 88' lang='lat' dir='ltr'><strong>terram</strong></span> <span class='ocrx_word' id='word_1_67' title='bbox 785 2203 930 2288; x_wconf 89' lang='lat' dir='ltr'><strong>ipsorum</strong></span> <span class='ocrx_word' id='word_1_68' title='bbox 964 2195 1198 2280; x_wconf 72' lang='lat' dir='ltr'><strong>hereditariam</strong></span> <span class='ocrx_word' id='word_1_69' title='bbox 1228 2204 1374 2270; x_wconf 77' lang='lat' dir='ltr'><strong>nomine¹</strong></span> <span class='ocrx_word' id='word_1_70' title='bbox 1389 2201 1483 2284; x_wconf 79' lang='lat' dir='ltr'><strong>lieet,</strong></span> 
     </span>
     <span class='ocr_line' id='line_1_11' title="bbox 353 2309 1479 2394; baseline -0.005 -12"><span class='ocrx_word' id='word_1_71' title='bbox 353 2314 450 2382; x_wconf 87' lang='lat' dir='ltr'><strong>sitam</strong></span> <span class='ocrx_word' id='word_1_72' title='bbox 467 2313 552 2378; x_wconf 89' lang='lat' dir='ltr'><strong>inter</strong></span> <span class='ocrx_word' id='word_1_73' title='bbox 568 2319 672 2378; x_wconf 88' lang='lat' dir='ltr'><strong>terras</strong></span> <span class='ocrx_word' id='word_1_74' title='bbox 688 2309 831 2378; x_wconf 86' lang='lat' dir='ltr'><strong>Wolstar</strong></span> <span class='ocrx_word' id='word_1_75' title='bbox 847 2317 880 2376; x_wconf 92' lang='lat' dir='ltr'><strong>et</strong></span> <span class='ocrx_word' id='word_1_76' title='bbox 895 2310 1072 2394; x_wconf 78' lang='lat' dir='ltr'><strong>Kengelus,</strong></span> <span class='ocrx_word' id='word_1_77' title='bbox 1090 2330 1162 2378; x_wconf 91' lang='lat' dir='ltr'><strong>cnm</strong></span> <span class='ocrx_word' id='word_1_78' title='bbox 1173 2311 1479 2378; x_wconf 87' lang='lat' dir='ltr'><strong>omnibnsntilitati·</strong></span> 
     </span>
     <span class='ocr_line' id='line_1_12' title="bbox 354 2416 1481 2504; baseline -0.004 -18"><span class='ocrx_word' id='word_1_79' title='bbox 354 2423 416 2487; x_wconf 88' lang='lat' dir='ltr'><strong>bus</strong></span> <span class='ocrx_word' id='word_1_80' title='bbox 431 2419 499 2486; x_wconf 89' lang='lat' dir='ltr'><strong>suis</strong></span> <span class='ocrx_word' id='word_1_81' title='bbox 515 2418 558 2486; x_wconf 89' lang='lat' dir='ltr'><strong>ad</strong></span> <span class='ocrx_word' id='word_1_82' title='bbox 575 2417 639 2483; x_wconf 91' lang='lat' dir='ltr'><strong>dno</strong></span> <span class='ocrx_word' id='word_1_83' title='bbox 655 2425 767 2484; x_wconf 88' lang='lat' dir='ltr'><strong>aratra</strong></span> <span class='ocrx_word' id='word_1_84' title='bbox 783 2416 997 2489; x_wconf 81' lang='lat' dir='ltr'><strong>sufficientem</strong></span> <span class='ocrx_word' id='word_1_85' title='bbox 1013 2424 1143 2503; x_wconf 90' lang='lat' dir='ltr'><strong>propter</strong></span> <span class='ocrx_word' id='word_1_86' title='bbox 1158 2425 1385 2504; x_wconf 77' lang='lat' dir='ltr'>paupertatem</span> <span class='ocrx_word' id='word_1_87' title='bbox 1401 2418 1481 2502; x_wconf 88' lang='lat' dir='ltr'><strong>ipso·</strong></span> 
     </span>
     <span class='ocr_line' id='line_1_13' title="bbox 354 2523 1478 2610; baseline -0.006 -15"><span class='ocrx_word' id='word_1_88' title='bbox 354 2547 427 2595; x_wconf 84' lang='lat' dir='ltr'><strong>rom</strong></span> <span class='ocrx_word' id='word_1_89' title='bbox 459 2533 491 2592; x_wconf 90' lang='lat' dir='ltr'><strong>et</strong></span> <span class='ocrx_word' id='word_1_90' title='bbox 523 2523 746 2594; x_wconf 69' lang='lat' dir='ltr'><strong>nenessitatem</strong></span> <span class='ocrx_word' id='word_1_91' title='bbox 779 2523 1004 2590; x_wconf 83' lang='lat' dir='ltr'><strong>imminentem</strong></span> <span class='ocrx_word' id='word_1_92' title='bbox 1036 2523 1329 2610; x_wconf 76' lang='lat' dir='ltr'><strong>impignorauerint</strong></span> <span class='ocrx_word' id='word_1_93' title='bbox 1360 2523 1478 2593; x_wconf 85' lang='lat' dir='ltr'><strong>eisdem</strong></span> 
     </span>
     <span class='ocr_line' id='line_1_14' title="bbox 353 2629 1481 2715; baseline -0.004 -15"><span class='ocrx_word' id='word_1_94' title='bbox 353 2631 513 2700; x_wconf 86' lang='lat' dir='ltr'><strong>Ladinlao</strong></span> <span class='ocrx_word' id='word_1_95' title='bbox 529 2637 562 2696; x_wconf 91' lang='lat' dir='ltr'><strong>et</strong></span> <span class='ocrx_word' id='word_1_96' title='bbox 576 2631 700 2698; x_wconf 85' lang='lat' dir='ltr'><strong>Jacobo</strong></span> <span class='ocrx_word' id='word_1_97' title='bbox 716 2629 810 2696; x_wconf 84' lang='lat' dir='ltr'><strong>tratri</strong></span> <span class='ocrx_word' id='word_1_98' title='bbox 822 2650 891 2714; x_wconf 90' lang='lat' dir='ltr'><strong>sno,</strong></span> <span class='ocrx_word' id='word_1_99' title='bbox 907 2629 1096 2715; x_wconf 87' lang='lat' dir='ltr'><strong>incipiendo</strong></span> <span class='ocrx_word' id='word_1_100' title='bbox 1112 2654 1134 2698; x_wconf 92' lang='lat' dir='ltr'><strong>a</strong></span> <span class='ocrx_word' id='word_1_101' title='bbox 1164 2634 1250 2700; x_wconf 83' lang='lat' dir='ltr'><strong>testo</strong></span> <span class='ocrx_word' id='word_1_102' title='bbox 1281 2633 1394 2699; x_wconf 87' lang='lat' dir='ltr'><strong>Sancti</strong></span> <span class='ocrx_word' id='word_1_103' title='bbox 1424 2631 1481 2696; x_wconf 84' lang='lat' dir='ltr'><strong>Mi·</strong></span> 
     </span>
     <span class='ocr_line' id='line_1_15' title="bbox 350 2735 1482 2824; baseline -0.004 -16"><span class='ocrx_word' id='word_1_104' title='bbox 350 2739 479 2809; x_wconf 87' lang='lat' dir='ltr'><strong>chaelis</strong></span> <span class='ocrx_word' id='word_1_105' title='bbox 495 2735 694 2819; x_wconf 79' lang='lat' dir='ltr'><strong>Archangeli</strong></span> <span class='ocrx_word' id='word_1_106' title='bbox 710 2737 856 2821; x_wconf 86' lang='lat' dir='ltr'><strong>proxime</strong></span> <span class='ocrx_word' id='word_1_107' title='bbox 870 2737 1025 2824; x_wconf 88' lang='lat' dir='ltr'><strong>preterito</strong></span> <span class='ocrx_word' id='word_1_108' title='bbox 1040 2757 1143 2822; x_wconf 84' lang='lat' dir='ltr'><strong>usque</strong></span> <span class='ocrx_word' id='word_1_109' title='bbox 1159 2736 1202 2804; x_wconf 87' lang='lat' dir='ltr'><strong>ad</strong></span> <span class='ocrx_word' id='word_1_110' title='bbox 1211 2739 1383 2824; x_wconf 88' lang='lat' dir='ltr'><strong>septimam</strong></span> <span class='ocrx_word' id='word_1_111' title='bbox 1394 2758 1482 2804; x_wconf 90' lang='lat' dir='ltr'><strong>renn-</strong></span> 
     </span>
     <span class='ocr_line' id='line_1_16' title="bbox 351 2841 1481 2931; baseline -0.004 -14"><span class='ocrx_word' id='word_1_112' title='bbox 351 2851 518 2918; x_wconf 88' lang='lat' dir='ltr'><strong>lucionem</strong></span> <span class='ocrx_word' id='word_1_113' title='bbox 534 2842 677 2910; x_wconf 88' lang='lat' dir='ltr'><strong>eiusdem</strong></span> <span class='ocrx_word' id='word_1_114' title='bbox 695 2841 790 2926; x_wconf 80' lang='lat' dir='ltr'><strong>sesti3</strong></span> <span class='ocrx_word' id='word_1_115' title='bbox 816 2843 963 2929; x_wconf 83' lang='lat' dir='ltr'><strong>prefatos</strong></span> <span class='ocrx_word' id='word_1_116' title='bbox 980 2843 1084 2910; x_wconf 82' lang='lat' dir='ltr'><strong>Tama</strong></span> <span class='ocrx_word' id='word_1_117' title='bbox 1100 2845 1185 2912; x_wconf 86' lang='lat' dir='ltr'><strong>filius</strong></span> <span class='ocrx_word' id='word_1_118' title='bbox 1202 2845 1282 2911; x_wconf 83' lang='lat' dir='ltr'><strong>Gizlr</strong></span> <span class='ocrx_word' id='word_1_119' title='bbox 1299 2865 1392 2912; x_wconf 88' lang='lat' dir='ltr'><strong>snam</strong></span> <span class='ocrx_word' id='word_1_120' title='bbox 1409 2865 1481 2931; x_wconf 89' lang='lat' dir='ltr'><strong>par-</strong></span> 
     </span>
     <span class='ocr_line' id='line_1_17' title="bbox 354 2949 1483 3042; baseline -0.007 -18"><span class='ocrx_word' id='word_1_121' title='bbox 354 2965 420 3026; x_wconf 89' lang='lat' dir='ltr'><strong>tem</strong></span> <span class='ocrx_word' id='word_1_122' title='bbox 437 2975 497 3042; x_wconf 90' lang='lat' dir='ltr'><strong>pro</strong></span> <span class='ocrx_word' id='word_1_123' title='bbox 513 2971 571 3020; x_wconf 87' lang='lat' dir='ltr'><strong>sex</strong></span> <span class='ocrx_word' id='word_1_124' title='bbox 587 2951 705 3016; x_wconf 88' lang='lat' dir='ltr'><strong>marcis</strong></span> <span class='ocrx_word' id='word_1_125' title='bbox 722 2949 861 3038; x_wconf 89' lang='lat' dir='ltr'><strong>scilicet,</strong></span> <span class='ocrx_word' id='word_1_126' title='bbox 877 2952 1022 3019; x_wconf 80' lang='lat' dir='ltr'><strong>Thomas</strong></span> <span class='ocrx_word' id='word_1_127' title='bbox 1037 2953 1122 3020; x_wconf 85' lang='lat' dir='ltr'><strong>filius</strong></span> <span class='ocrx_word' id='word_1_128' title='bbox 1139 2954 1234 3018; x_wconf 81' lang='lat' dir='ltr'><strong>Ehnn</strong></span> <span class='ocrx_word' id='word_1_129' title='bbox 1250 2973 1342 3020; x_wconf 86' lang='lat' dir='ltr'><strong>snam</strong></span> <span class='ocrx_word' id='word_1_130' title='bbox 1359 2959 1483 3037; x_wconf 89' lang='lat' dir='ltr'><strong>partem</strong></span> 
     </span>
    </p>
   </div>
   <div class='ocr_carea' id='block_1_4' title="bbox 224 3058 1565 3158">
    <p class='ocr_par' dir='ltr' id='par_1_4' title="bbox 224 3058 1565 3158">
     <span class='ocr_line' id='line_1_18' title="bbox 224 3058 1565 3158; baseline -0.003 -28"><span class='ocrx_word' id='word_1_131' title='bbox 224 3111 228 3114; x_wconf 94' lang='lat'>-</span> <span class='ocrx_word' id='word_1_132' title='bbox 353 3085 414 3151; x_wconf 90' lang='lat' dir='ltr'><strong>pro</strong></span> <span class='ocrx_word' id='word_1_133' title='bbox 431 3063 536 3132; x_wconf 87' lang='lat' dir='ltr'><strong>tribus</strong></span> <span class='ocrx_word' id='word_1_134' title='bbox 552 3058 670 3126; x_wconf 85' lang='lat' dir='ltr'><strong>mareis</strong></span> <span class='ocrx_word' id='word_1_135' title='bbox 702 3060 841 3124; x_wconf 90' lang='lat' dir='ltr'><strong>latorum</strong></span> <span class='ocrx_word' id='word_1_136' title='bbox 873 3059 1077 3127; x_wconf 89' lang='lat' dir='ltr'><strong>denariorum</strong></span> <span class='ocrx_word' id='word_1_137' title='bbox 1110 3061 1364 3146; x_wconf 65' lang='lat' dir='ltr'><strong>Viennensium</strong></span> <span class='ocrx_word' id='word_1_138' title='bbox 1388 3081 1485 3148; x_wconf 85' lang='lat' dir='ltr'><strong>qnam</strong></span> <span class='ocrx_word' id='word_1_139' title='bbox 1564 3133 1565 3158; x_wconf 27' lang='lat'>1</span> 
     </span>
    </p>
   </div>
   <div class='ocr_carea' id='block_1_5' title="bbox 350 3159 1565 4433">
    <p class='ocr_par' dir='ltr' id='par_1_5' title="bbox 350 3159 1565 4433">
     <span class='ocr_line' id='line_1_19' title="bbox 353 3159 1565 3256; baseline -0.005 -18"><span class='ocrx_word' id='word_1_140' title='bbox 353 3189 537 3256; x_wconf 89' lang='lat' dir='ltr'><strong>snmpmam</strong></span> <span class='ocrx_word' id='word_1_141' title='bbox 555 3164 690 3250; x_wconf 87' lang='lat' dir='ltr'><strong>pecunie</strong></span> <span class='ocrx_word' id='word_1_142' title='bbox 706 3167 749 3232; x_wconf 85' lang='lat' dir='ltr'><strong>ab</strong></span> <span class='ocrx_word' id='word_1_143' title='bbox 766 3164 890 3232; x_wconf 90' lang='lat' dir='ltr'><strong>eisdem</strong></span> <span class='ocrx_word' id='word_1_144' title='bbox 906 3165 1066 3234; x_wconf 82' lang='lat' dir='ltr'><strong>Ladizlao</strong></span> <span class='ocrx_word' id='word_1_145' title='bbox 1082 3174 1115 3232; x_wconf 91' lang='lat' dir='ltr'><strong>et</strong></span> <span class='ocrx_word' id='word_1_146' title='bbox 1129 3165 1251 3234; x_wconf 86' lang='lat' dir='ltr'><strong>Jacobo</strong></span> <span class='ocrx_word' id='word_1_147' title='bbox 1268 3167 1417 3253; x_wconf 73' lang='lat' dir='ltr'><strong>plenarie</strong></span> <span class='ocrx_word' id='word_1_148' title='bbox 1451 3186 1485 3233; x_wconf 91' lang='lat' dir='ltr'><strong>se</strong></span> <span class='ocrx_word' id='word_1_149' title='bbox 1564 3159 1565 3178; x_wconf 32' lang='lat' dir='ltr'><strong>l</strong></span> 
     </span>
     <span class='ocr_line' id='line_1_20' title="bbox 353 3269 1485 3361; baseline -0.004 -16"><span class='ocrx_word' id='word_1_150' title='bbox 353 3279 521 3361; x_wconf 75' lang='lat' dir='ltr'><strong>recepisse</strong></span> <span class='ocrx_word' id='word_1_151' title='bbox 536 3279 611 3340; x_wconf 89' lang='lat' dir='ltr'><strong>sunt</strong></span> <span class='ocrx_word' id='word_1_152' title='bbox 626 3269 777 3339; x_wconf 83' lang='lat' dir='ltr'><strong>confessi.</strong></span> <span class='ocrx_word' id='word_1_153' title='bbox 802 3273 913 3358; x_wconf 88' lang='lat' dir='ltr'><strong>Ipsam</strong></span> <span class='ocrx_word' id='word_1_154' title='bbox 931 3273 1241 3360; x_wconf 86' lang='lat' dir='ltr'><strong>impignoracionem</strong></span> <span class='ocrx_word' id='word_1_155' title='bbox 1258 3275 1382 3342; x_wconf 89' lang='lat' dir='ltr'><strong>Paulus</strong></span> <span class='ocrx_word' id='word_1_156' title='bbox 1396 3275 1485 3342; x_wconf 90' lang='lat' dir='ltr'><strong>filius</strong></span> 
     </span>
     <span class='ocr_line' id='line_1_21' title="bbox 353 3378 1487 3474; baseline -0.004 -21"><span class='ocrx_word' id='word_1_157' title='bbox 353 3383 454 3472; x_wconf 84' lang='lat' dir='ltr'><strong>Pink,</strong></span> <span class='ocrx_word' id='word_1_158' title='bbox 485 3390 518 3450; x_wconf 92' lang='lat' dir='ltr'><strong>st</strong></span> <span class='ocrx_word' id='word_1_159' title='bbox 533 3380 721 3466; x_wconf 82' lang='lat' dir='ltr'><strong>Stephanus</strong></span> <span class='ocrx_word' id='word_1_160' title='bbox 737 3378 822 3447; x_wconf 87' lang='lat' dir='ltr'><strong>tillus</strong></span> <span class='ocrx_word' id='word_1_161' title='bbox 839 3380 975 3462; x_wconf 84' lang='lat' dir='ltr'><strong>Bulolru,</strong></span> <span class='ocrx_word' id='word_1_162' title='bbox 1006 3381 1148 3451; x_wconf 79' lang='lat' dir='ltr'><strong>lacobus</strong></span> <span class='ocrx_word' id='word_1_163' title='bbox 1171 3384 1257 3450; x_wconf 86' lang='lat' dir='ltr'><strong>filins</strong></span> <span class='ocrx_word' id='word_1_164' title='bbox 1274 3383 1423 3474; x_wconf 74' lang='lat' dir='ltr'><strong>Georgij,</strong></span> <span class='ocrx_word' id='word_1_165' title='bbox 1456 3393 1487 3452; x_wconf 87' lang='lat' dir='ltr'><strong>et</strong></span> 
     </span>
     <span class='ocr_line' id='line_1_22' title="bbox 354 3489 1486 3580; baseline -0.002 -17"><span class='ocrx_word' id='word_1_166' title='bbox 354 3496 471 3563; x_wconf 84' lang='lat' dir='ltr'><strong>Felten</strong></span> <span class='ocrx_word' id='word_1_167' title='bbox 487 3491 573 3557; x_wconf 88' lang='lat' dir='ltr'><strong>filins</strong></span> <span class='ocrx_word' id='word_1_168' title='bbox 590 3491 709 3557; x_wconf 89' lang='lat' dir='ltr'><strong>Demea</strong></span> <span class='ocrx_word' id='word_1_169' title='bbox 725 3490 767 3555; x_wconf 92' lang='lat' dir='ltr'><strong>de</strong></span> <span class='ocrx_word' id='word_1_170' title='bbox 783 3491 999 3572; x_wconf 84' lang='lat' dir='ltr'><strong>generacionn</strong></span> <span class='ocrx_word' id='word_1_171' title='bbox 1014 3489 1139 3559; x_wconf 83' lang='lat' dir='ltr'><strong>Thome</strong></span> <span class='ocrx_word' id='word_1_172' title='bbox 1157 3500 1188 3559; x_wconf 89' lang='lat' dir='ltr'><strong>et</strong></span> <span class='ocrx_word' id='word_1_173' title='bbox 1204 3494 1308 3560; x_wconf 83' lang='lat' dir='ltr'><strong>&#39;l&#39;ama</strong></span> <span class='ocrx_word' id='word_1_174' title='bbox 1324 3493 1486 3580; x_wconf 90' lang='lat' dir='ltr'><strong>predicto·</strong></span> 
     </span>
     <span class='ocr_line' id='line_1_23' title="bbox 350 3600 1488 3686; baseline -0.003 -16"><span class='ocrx_word' id='word_1_175' title='bbox 350 3623 426 3670; x_wconf 82' lang='lat' dir='ltr'><strong>rum</strong></span> <span class='ocrx_word' id='word_1_176' title='bbox 458 3602 492 3666; x_wconf 91' lang='lat' dir='ltr'><strong>in</strong></span> <span class='ocrx_word' id='word_1_177' title='bbox 532 3600 635 3666; x_wconf 89' lang='lat' dir='ltr'><strong>nostri</strong></span> <span class='ocrx_word' id='word_1_178' title='bbox 666 3601 835 3684; x_wconf 88' lang='lat' dir='ltr'><strong>presencia</strong></span> <span class='ocrx_word' id='word_1_179' title='bbox 864 3601 1084 3686; x_wconf 85' lang='lat' dir='ltr'><strong>personaliter</strong></span> <span class='ocrx_word' id='word_1_180' title='bbox 1113 3608 1258 3668; x_wconf 87' lang='lat' dir='ltr'><strong>astantes</strong></span> <span class='ocrx_word' id='word_1_181' title='bbox 1288 3603 1488 3670; x_wconf 77' lang='lat' dir='ltr'><strong>unanimiter</strong></span> 
     </span>
     <span class='ocr_line' id='line_1_24' title="bbox 354 3707 1488 3795; baseline 0 -19"><span class='ocrx_word' id='word_1_182' title='bbox 354 3707 593 3795; x_wconf 87' lang='lat' dir='ltr'><strong>approbabant.</strong></span> <span class='ocrx_word' id='word_1_183' title='bbox 635 3707 738 3772; x_wconf 80' lang='lat' dir='ltr'><strong>Facta</strong></span> <span class='ocrx_word' id='word_1_184' title='bbox 768 3711 876 3774; x_wconf 88' lang='lat' dir='ltr'><strong>autem</strong></span> <span class='ocrx_word' id='word_1_185' title='bbox 908 3707 1036 3792; x_wconf 85' lang='lat' dir='ltr'><strong>prelata</strong></span> <span class='ocrx_word' id='word_1_186' title='bbox 1066 3707 1302 3792; x_wconf 78' lang='lat' dir='ltr'><strong>impignoranio</strong></span> <span class='ocrx_word' id='word_1_187' title='bbox 1332 3711 1367 3776; x_wconf 89' lang='lat' dir='ltr'><strong>in</strong></span> <span class='ocrx_word' id='word_1_188' title='bbox 1397 3709 1488 3778; x_wconf 90' lang='lat' dir='ltr'><strong>hunc</strong></span> 
     </span>
     <span class='ocr_line' id='line_1_25' title="bbox 354 3809 1488 3900; baseline -0.002 -16"><span class='ocrx_word' id='word_1_189' title='bbox 354 3814 498 3900; x_wconf 88' lang='lat' dir='ltr'><strong>medum,</strong></span> <span class='ocrx_word' id='word_1_190' title='bbox 524 3809 610 3894; x_wconf 92' lang='lat' dir='ltr'><strong>quod</strong></span> <span class='ocrx_word' id='word_1_191' title='bbox 635 3818 803 3878; x_wconf 88' lang='lat' dir='ltr'><strong>transacta</strong></span> <span class='ocrx_word' id='word_1_192' title='bbox 834 3811 972 3898; x_wconf 88' lang='lat' dir='ltr'><strong>septima</strong></span> <span class='ocrx_word' id='word_1_193' title='bbox 1004 3813 1211 3882; x_wconf 89' lang='lat' dir='ltr'><strong>reuoluoione</strong></span> <span class='ocrx_word' id='word_1_194' title='bbox 1239 3815 1378 3900; x_wconf 80' lang='lat' dir='ltr'><strong>predicti</strong></span> <span class='ocrx_word' id='word_1_195' title='bbox 1409 3815 1488 3884; x_wconf 81' lang='lat' dir='ltr'><strong>sesti</strong></span> 
     </span>
     <span class='ocr_line' id='line_1_26' title="bbox 354 3917 1489 4002; baseline 0.001 -13"><span class='ocrx_word' id='word_1_196' title='bbox 354 3923 500 3990; x_wconf 76' lang='lat' dir='ltr'><strong>Thomas</strong></span> <span class='ocrx_word' id='word_1_197' title='bbox 517 3924 550 3984; x_wconf 90' lang='lat' dir='ltr'><strong>et</strong></span> <span class='ocrx_word' id='word_1_198' title='bbox 564 3917 670 3983; x_wconf 86' lang='lat' dir='ltr'><strong>Tama</strong></span> <span class='ocrx_word' id='word_1_199' title='bbox 685 3919 868 4002; x_wconf 87' lang='lat' dir='ltr'><strong>supradicti</strong></span> <span class='ocrx_word' id='word_1_200' title='bbox 884 3925 1003 3986; x_wconf 88' lang='lat' dir='ltr'><strong>terram</strong></span> <span class='ocrx_word' id='word_1_201' title='bbox 1035 3921 1077 3986; x_wconf 89' lang='lat' dir='ltr'><strong>ab</strong></span> <span class='ocrx_word' id='word_1_202' title='bbox 1111 3921 1233 3988; x_wconf 89' lang='lat' dir='ltr'><strong>eisdem</strong></span> <span class='ocrx_word' id='word_1_203' title='bbox 1265 3921 1424 3990; x_wconf 86' lang='lat' dir='ltr'><strong>Ladizlao</strong></span> <span class='ocrx_word' id='word_1_204' title='bbox 1459 3931 1489 3990; x_wconf 87' lang='lat' dir='ltr'><strong>et</strong></span> 
     </span>
     <span class='ocr_line' id='line_1_27' title="bbox 350 4021 1564 4116; baseline 0.001 -18"><span class='ocrx_word' id='word_1_205' title='bbox 350 4031 479 4098; x_wconf 88' lang='lat' dir='ltr'><strong>Jacobo</strong></span> <span class='ocrx_word' id='word_1_206' title='bbox 495 4024 652 4092; x_wconf 88' lang='lat' dir='ltr'><strong>redimere</strong></span> <span class='ocrx_word' id='word_1_207' title='bbox 677 4026 871 4092; x_wconf 86' lang='lat' dir='ltr'><strong>tenebuntur</strong></span> <span class='ocrx_word' id='word_1_208' title='bbox 902 4047 961 4112; x_wconf 91' lang='lat' dir='ltr'><strong>pro</strong></span> <span class='ocrx_word' id='word_1_209' title='bbox 992 4028 1173 4112; x_wconf 85' lang='lat' dir='ltr'><strong>quantitate</strong></span> <span class='ocrx_word' id='word_1_210' title='bbox 1204 4030 1344 4112; x_wconf 92' lang='lat' dir='ltr'><strong>pecunie</strong></span> <span class='ocrx_word' id='word_1_211' title='bbox 1373 4049 1488 4116; x_wconf 85' lang='lat' dir='ltr'><strong>supra·</strong></span> <span class='ocrx_word' id='word_1_212' title='bbox 1563 4021 1564 4112; x_wconf 55' lang='lat' dir='ltr'><strong>ff</strong></span> 
     </span>
     <span class='ocr_line' id='line_1_28' title="bbox 354 4117 1564 4221; baseline 0 -17"><span class='ocrx_word' id='word_1_213' title='bbox 354 4137 453 4221; x_wconf 90' lang='lat' dir='ltr'><strong>dicte,</strong></span> <span class='ocrx_word' id='word_1_214' title='bbox 487 4138 519 4200; x_wconf 88' lang='lat' dir='ltr'><strong>nt</strong></span> <span class='ocrx_word' id='word_1_215' title='bbox 534 4131 564 4198; x_wconf 86' lang='lat' dir='ltr'><strong>si</strong></span> <span class='ocrx_word' id='word_1_216' title='bbox 579 4137 657 4197; x_wconf 89' lang='lat' dir='ltr'><strong>tunc</strong></span> <span class='ocrx_word' id='word_1_217' title='bbox 673 4129 830 4200; x_wconf 90' lang='lat' dir='ltr'><strong>redimere</strong></span> <span class='ocrx_word' id='word_1_218' title='bbox 846 4152 911 4200; x_wconf 92' lang='lat' dir='ltr'><strong>uon</strong></span> <span class='ocrx_word' id='word_1_219' title='bbox 927 4135 1087 4221; x_wconf 86' lang='lat' dir='ltr'><strong>ualerent,</strong></span> <span class='ocrx_word' id='word_1_220' title='bbox 1119 4133 1239 4219; x_wconf 87' lang='lat' dir='ltr'><strong>prelati</strong></span> <span class='ocrx_word' id='word_1_221' title='bbox 1252 4133 1432 4204; x_wconf 83' lang='lat' dir='ltr'><strong>Ladialaus</strong></span> <span class='ocrx_word' id='word_1_222' title='bbox 1460 4147 1490 4206; x_wconf 89' lang='lat' dir='ltr'><strong>et</strong></span> <span class='ocrx_word' id='word_1_223' title='bbox 1563 4117 1564 4158; x_wconf 56' lang='lat'>³</span> 
     </span>
     <span class='ocr_line' id='line_1_29' title="bbox 353 4239 1490 4332; baseline 0.002 -22"><span class='ocrx_word' id='word_1_224' title='bbox 353 4242 502 4310; x_wconf 75' lang='lat' dir='ltr'><strong>lacobus</strong></span> <span class='ocrx_word' id='word_1_225' title='bbox 520 4239 624 4324; x_wconf 87' lang='lat' dir='ltr'><strong>ipsam</strong></span> <span class='ocrx_word' id='word_1_226' title='bbox 641 4245 760 4305; x_wconf 85' lang='lat' dir='ltr'><strong>terram</strong></span> <span class='ocrx_word' id='word_1_227' title='bbox 786 4239 909 4306; x_wconf 90' lang='lat' dir='ltr'><strong>tamdiu</strong></span> <span class='ocrx_word' id='word_1_228' title='bbox 940 4241 1165 4328; x_wconf 89' lang='lat' dir='ltr'><strong>possidebunt,</strong></span> <span class='ocrx_word' id='word_1_229' title='bbox 1197 4242 1301 4310; x_wconf 85' lang='lat' dir='ltr'><strong>donec</strong></span> <span class='ocrx_word' id='word_1_230' title='bbox 1332 4245 1376 4312; x_wconf 85' lang='lat' dir='ltr'><strong>ab</strong></span> <span class='ocrx_word' id='word_1_231' title='bbox 1406 4246 1490 4332; x_wconf 86' lang='lat' dir='ltr'><strong>ipsis</strong></span> 
     </span>
     <span class='ocr_line' id='line_1_30' title="bbox 356 4345 1490 4433; baseline 0.005 -17"><span class='ocrx_word' id='word_1_232' title='bbox 356 4348 518 4416; x_wconf 86' lang='lat' dir='ltr'><strong>redimere</strong></span> <span class='ocrx_word' id='word_1_233' title='bbox 533 4351 681 4430; x_wconf 87' lang='lat' dir='ltr'><strong>poterunt</strong></span> <span class='ocrx_word' id='word_1_234' title='bbox 697 4365 739 4412; x_wconf 84' lang='lat' dir='ltr'><strong>ex</strong></span> <span class='ocrx_word' id='word_1_235' title='bbox 755 4345 891 4430; x_wconf 82' lang='lat' dir='ltr'><strong>integro.</strong></span> <span class='ocrx_word' id='word_1_236' title='bbox 917 4347 1110 4433; x_wconf 83' lang='lat' dir='ltr'><strong>Obligantes</strong></span> <span class='ocrx_word' id='word_1_237' title='bbox 1126 4350 1229 4417; x_wconf 89' lang='lat' dir='ltr'><strong>eniam</strong></span> <span class='ocrx_word' id='word_1_238' title='bbox 1246 4369 1284 4418; x_wconf 87' lang='lat' dir='ltr'><strong>se</strong></span> <span class='ocrx_word' id='word_1_239' title='bbox 1299 4351 1387 4418; x_wconf 86' lang='lat' dir='ltr'><strong>idem</strong></span> <span class='ocrx_word' id='word_1_240' title='bbox 1401 4353 1490 4422; x_wconf 81' lang='lat' dir='ltr'><strong>Thn-</strong></span> 
     </span>
    </p>
   </div>
   <div class='ocr_carea' id='block_1_6' title="bbox 349 4452 1489 4656">
    <p class='ocr_par' dir='ltr' id='par_1_6' title="bbox 349 4452 1489 4656">
     <span class='ocr_line' id='line_1_31' title="bbox 356 4452 1489 4544; baseline 0.01 -22"><span class='ocrx_word' id='word_1_241' title='bbox 356 4475 429 4524; x_wconf 85' lang='lat' dir='ltr'><strong>mas</strong></span> <span class='ocrx_word' id='word_1_242' title='bbox 445 4463 477 4522; x_wconf 91' lang='lat' dir='ltr'><strong>et</strong></span> <span class='ocrx_word' id='word_1_243' title='bbox 492 4454 606 4539; x_wconf 81' lang='lat' dir='ltr'><strong>Tame,</strong></span> <span class='ocrx_word' id='word_1_244' title='bbox 624 4452 711 4536; x_wconf 87' lang='lat' dir='ltr'><strong>qnod</strong></span> <span class='ocrx_word' id='word_1_245' title='bbox 727 4455 911 4540; x_wconf 89' lang='lat' dir='ltr'><strong>quicunque</strong></span> <span class='ocrx_word' id='word_1_246' title='bbox 921 4453 1283 4544; x_wconf 88' lang='lat' dir='ltr'><strong>medietemporeipsos</strong></span> <span class='ocrx_word' id='word_1_247' title='bbox 1292 4458 1489 4532; x_wconf 85' lang='lat' dir='ltr'><strong>Ladizlanm</strong></span> 
     </span>
     <span class='ocr_line' id='line_1_32' title="bbox 349 4559 1487 4656; baseline 0.009 -27"><span class='ocrx_word' id='word_1_248' title='bbox 349 4567 390 4629; x_wconf 80' lang='lat' dir='ltr'><strong>et</strong></span> <span class='ocrx_word' id='word_1_249' title='bbox 405 4563 429 4629; x_wconf 83' lang='lat' dir='ltr'>J</span> <span class='ocrx_word' id='word_1_250' title='bbox 430 4559 565 4627; x_wconf 85' lang='lat' dir='ltr'><strong>acobum</strong></span> <span class='ocrx_word' id='word_1_251' title='bbox 581 4559 712 4628; x_wconf 87' lang='lat' dir='ltr'><strong>racione</strong></span> <span class='ocrx_word' id='word_1_252' title='bbox 727 4561 872 4646; x_wconf 86' lang='lat' dir='ltr'><strong>predicte</strong></span> <span class='ocrx_word' id='word_1_253' title='bbox 888 4569 973 4631; x_wconf 88' lang='lat' dir='ltr'><strong>terre</strong></span> <span class='ocrx_word' id='word_1_254' title='bbox 988 4564 1135 4648; x_wconf 85' lang='lat' dir='ltr'><strong>inpetere</strong></span> <span class='ocrx_word' id='word_1_255' title='bbox 1151 4565 1298 4634; x_wconf 82' lang='lat' dir='ltr'><strong>forsitam</strong></span> <span class='ocrx_word' id='word_1_256' title='bbox 1309 4571 1487 4656; x_wconf 88' lang='lat' dir='ltr'><strong>attempta-</strong></span> 
     </span>
    </p>
   </div>
   <div class='ocr_carea' id='block_1_7' title="bbox 0 0 1589 5164">
    <p class='ocr_par' dir='ltr' id='par_1_7' title="bbox 0 0 1589 5164">
     <span class='ocr_line' id='line_1_33' title="bbox 0 0 1589 5164; baseline 0 0"><span class='ocrx_word' id='word_1_257' title='bbox 0 0 1589 5164; x_wconf 95' lang='lat' dir='ltr'><strong> </strong></span> 
     </span>
    </p>
   </div>
  </div>
 </body>
</html>
