3112 5154
816 297 978 396 Q..

328 497 417 583 dum,
437 489 642 562 concordium
659 489 729 558 siue
744 489 914 557 arbitrium
930 490 975 557 ad
995 491 1145 557 effectum
1171 488 1315 557 debitum
1346 488 1477 573 perdu-
1540 491 1541 494 ’

328 609 432 671 catur.
463 601 532 670 Nus
546 599 610 685 ipsi
641 595 774 666 ludices
804 597 919 665 arbitri
939 594 1108 664 memorati
1123 597 1194 664 loco
1210 594 1374 681 prestaldi
1392 595 1475 662 sine.
1540 637 1541 644 κ

329 709 514 778 executoris
531 707 693 793 prelatum
710 702 874 774 dominum
899 703 1198 791 Archiepiscopum,
1232 703 1420 790 Capitulum
1438 708 1477 770 et·
1540 749 1541 790 3

331 815 532 886 Monasteria
563 813 635 881 siue
651 811 817 880 Ecclesiae
835 810 1050 898 Spalctenses
1065 811 1099 877 in
1117 812 1318 897 corporalem
1336 830 1376 880 ac
1392 831 1472 897 per·
1540 857 1541 908 3

327 928 462 1011 petuam
476 919 717 1008 possessionem
734 919 902 1004 posuimus
919 925 951 986 et
967 917 1131 987 induimus
1147 917 1182 985 iu
1198 919 1475 1005 possessionibus.
1540 927 1541 962 ³

327 1029 376 1100 eis
391 1027 542 1117 superius
557 1025 764 1112 adiudicatis,
783 1032 815 1094 et
830 1025 1008 1094 Commune
1023 1025 1152 1111 Spclsti
1167 1028 1202 1094 in
1219 1027 1330 1094 insula
1351 1025 1471 1094 Sancti
1540 1093 1541 1096 ,

329 1139 467 1225 stefani,
484 1144 516 1204 et
533 1135 774 1224 suprascriptos
791 1133 930 1219 Didigos
944 1135 978 1201 in
994 1134 1082 1201 dicta
1097 1133 1176 1202 villa
1193 1131 1340 1203 Ostrocb
1540 1129 1541 1138 ‘

439 1245 556 1314 Actum
573 1251 623 1312 est
638 1243 699 1310 boc
714 1249 748 1310 ct
760 1243 924 1310 firmatum
940 1241 1029 1328 apud
1041 1241 1211 1330 Spalatum
1227 1243 1261 1309 in
1282 1241 1380 1311 domo
1390 1243 1467 1310 Fra·

330 1359 414 1420 trum
431 1352 676 1420 Predicctorum
696 1349 883 1417 (leunentus
902 1347 1051 1417 Ciuitatis
1077 1349 1285 1436 spalatensis
1318 1351 1474 1439 partibus

331 1459 399 1545 hijs
410 1457 533 1528 uocatis
550 1463 582 1525 et
596 1457 720 1543 rogatis
735 1455 890 1538 testibus3
904 1457 1058 1524 videlicet
1076 1455 1179 1524 fratre
1193 1455 1368 1524 Dominico
1386 1457 1469 1524 Sub·
1540 1521 1541 1526 ,

333 1567 452 1660 priore,
469 1565 570 1634 tratre
586 1565 681 1634 Jcsse
690 1563 835 1650 Lectore,
848 1571 879 1631 et
887 1564 986 1633 tratre
996 1565 1164 1632 Leonardo
1174 1561 1306 1633 Ordinis
1315 1565 1468 1632 Predica·

329 1679 435 1742 torum
450 1672 571 1762 prelati
587 1671 774 1740 Conuentus
789 1671 933 1759 Spalati3
950 1680 982 1740 et
997 1671 1082 1738 latre
1097 1671 1255 1738 llichacle
1277 1672 1474 1742 Gnardiano
1540 1669 1541 1744 Ῐ

331 1779 461 1850 Ordinis
475 1781 635 1848 llinorum
662 1779 850 1848 (lonuentus
876 1779 1100 1866 Spalatensis;
1124 1787 1157 1846 ct
1186 1779 1353 1849 nobilibus
1387 1779 1466 1848 uiris
1540 1807 1541 1812 ¹

330 1886 434 1956 (lernc
450 1887 491 1954 de
506 1890 611 1972 Dune,
628 1895 661 1954 et
671 1887 830 1956 Michaele
846 1885 1007 1956 Martinus
1023 1887 1150 1955 ciuibus
1168 1885 1401 1957 Jadreusibus.
1418 1887 1469 1953 Ad

333 1997 488 2064 maiorem
521 1995 684 2064 cautelam
709 2001 742 2060 et
774 2001 965 2080 perpetuam
997 1995 1183 2063 firmitatem
1216 2015 1276 2063 nos
1308 1993 1468 2080 prelibati
1540 1985 1541 1988 '

331 2101 463 2170 ludices
491 2101 604 2170 arbitri
622 2103 708 2170 hanc
728 2109 837 2170 nostre
867 2105 1042 2187 sentencie,
1061 2103 1225 2188 concordij
1248 2105 1320 2170 siue
1340 2103 1469 2187 arbitrij
1540 2097 1541 2186 ξ

331 2209 489 2296 paginam
507 2207 686 2294 sigillorum
698 2215 877 2277 nostrornm
897 2209 1112 2297 pendencium
1131 2211 1310 2279 munimine
1328 2211 1469 2278 fecimus

331 2315 488 2382 roborari.
1540 2359 1541 2412 3

440 2423 511 2506 ego
529 2421 642 2490 Preste
661 2421 702 2492 de
715 2421 906 2510 Octopagne
921 2425 1028 2493 Judex
1047 2425 1168 2494 arbiter
1187 2429 1221 2494 in
1240 2427 1400 2513 predictis
1417 2447 1472 2494 me
1540 2437 1541 2522 }

333 2529 520 2614 subscripsi.
1540 2541 1541 2568 l

441 2637 512 2720 Ego
532 2637 713 2705 Domaldus
729 2637 909 2708 chulinus
927 2640 1036 2708 ludex
1055 2641 1177 2708 arbiter
1196 2642 1229 2707 in
1241 2643 1397 2730 predictis
1417 2661 1470 2710 me
1540 2623 1541 2710 ἶ

334 2744 525 2832 subscripsi.
1540 2753 1541 2810 ἶ

442 2851 511 2950 Ege
531 2851 727 2920 Vincencius
753 2855 900 2922 Ecclesie
927 2853 1046 2923 Sancte
1073 2857 1176 2925 Murie
1202 2858 1337 2926 Maioris
1368 2859 1473 2926 Cleri·
1540 2853 1541 2858 ’

335 2979 392 3026 cns
409 2963 443 3024 et
452 2957 623 3027 ledrensis
643 2959 800 3030 Notarius
815 2961 970 3048 predictis
990 2963 1122 3033 intertui
1137 2973 1284 3050 rogatus,
1300 2973 1337 3032 vt
1352 2965 1473 3034 audiui
1540 2955 1541 3014 ἶ

334 3064 421 3131 hunc
437 3065 635 3132 sentenciam
650 3069 815 3154 concordij
835 3069 905 3142 siue
924 3070 1052 3156 arbitrii
1072 3079 1196 3142 certum
1223 3077 1354 3163 scripsi,
1376 3073 1482 3140 robo-

335 3171 407 3238 rani
427 3177 460 3238 et
479 3171 574 3258 signo
593 3173 691 3242 soluto
711 3173 850 3258 signaui.
1540 3185 1541 3198 ¹

552 3371 675 3434 (busim,
693 3371 828 3426 Memoris
846 3375 985 3428 Istorichc
1003 3378 1033 3429 di
1052 3379 1130 3433 Tran
1151 3383 1210 3431 rot.
1227 3381 1259 3444 l.)
