3112 5154
657 950 730 1018 ltu.

137 1153 196 1219 IV.
213 1153 334 1220 Lcczlo
350 1151 464 1236 lcirdly
479 1148 584 1215 Jcirtos
601 1147 717 1213 Ecdrd
726 1147 846 1229 fiducie
871 1149 979 1233 otpolt
1005 1170 1025 1212 a
1056 1147 1202 1212 colostrea
1234 1151 1266 1213 έε

445 1256 600 1342 ayesladd
615 1256 683 1323 atel
691 1253 851 1342 felmentc'.
877 1255 973 1324 1276.

247 1454 427 1521 Ladizlaus
457 1449 519 1520 Dei
550 1451 664 1535 gracia
694 1449 872 1537 Hungarie,
913 1448 1092 1534 Dalmacic,
1123 1449 1264 1537 Crocale,

140 1564 253 1645 Ramc,
270 1559 419 1646 Gallicie,
435 1557 637 1644 Lodomerie,
654 1554 808 1624 Oumauie
834 1555 1051 1641 Bulgarieque
1067 1557 1137 1625 Rex
1167 1559 1267 1625 omni·

139 1669 201 1736 bus
218 1675 287 1734 tarn
303 1667 510 1754 presentibus
525 1684 624 1749 qnam
641 1663 756 1733 foturis
773 1669 940 1750 presentes
955 1665 1080 1734 litteras
1106 1665 1265 1751 inspecto·

140 1775 185 1842 ris
201 1777 340 1842 salutem
358 1775 391 1839 in
409 1775 551 1842 omniurn
568 1772 740 1840 saluatore.
774 1770 844 1848 Quo
869 1776 1027 1855 geruntur
1057 1773 1091 1838 in
1122 1779 1266 1861 tempore

141 1902 181 1950 ne
197 1902 353 1969 processu
368 1890 546 1969 temporum
563 1880 660 1948 simul
677 1882 849 1948 elabantur
880 1899 953 1948 cum
984 1879 1108 1966 eodem,
1142 1881 1266 1950 uiuacis

140 1992 302 2076 scripture
317 1989 464 2076 apicibus
480 1989 725 2070 litterarumque
741 1987 925 2054 testimonio
940 1997 1173 2056 consueuerunt
1198 2009 1267 2074 per·

142 2100 325 2185 bempnari.
350 2099 492 2168 Proinde
508 2100 550 2165 ad
582 2097 806 2166 uniuersorum
838 2105 904 2164 tam
937 2098 1139 2182 presencium
1170 2119 1267 2185 quarn

139 2208 320 2274 futurorum
345 2206 500 2274 noticiam
526 2205 638 2272 barum
672 2206 755 2272 serie
784 2205 936 2274 uolumus
967 2205 1148 2291 peruenire,
1181 2207 1267 2289 quod

141 2313 383 2382 considerantes
401 2312 568 2380 meritoria
584 2309 742 2396 obsequia
758 2317 789 2377 ct
805 2311 918 2378 fideles
934 2309 1110 2380 famulatus
1143 2315 1267 2383 linardi

142 2421 289 2508 Comitis,
321 2441 385 2505 que
417 2427 450 2488 et
476 2439 556 2504 quos
582 2425 648 2486 tam
664 2424 808 2506 tempore
824 2419 927 2504 patris
943 2419 1044 2488 nostri
1061 2418 1182 2488 domiui
1200 2421 1268 2490 Ste-

141 2531 244 2616 plrani
261 2529 398 2598 illustris
428 2528 527 2612 Regis
558 2526 727 2614 Hungaric
757 2526 861 2596 felicis
891 2527 1138 2612 recordacionis,
1171 2551 1267 2614 quam

144 2636 273 2704 demum
288 2634 410 2703 nostris
426 2636 623 2722 temporibus
639 2632 779 2702 fideliter
805 2641 838 2701 et
872 2633 1082 2704 laudabiliter
1111 2637 1268 2724 inpendit,

147 2743 284 2812 diuersis
301 2743 427 2811 fortune
444 2743 573 2810 casibus
591 2743 625 2810 in
640 2743 753 2826 Regno
769 2749 879 2811 nostro
894 2741 1080 2826 frequenter
1106 2761 1269 2830 emergen-

145 2851 232 2918 tibus
248 2867 422 2934 personam
439 2869 531 2918 suam
547 2849 747 2918 committere
763 2871 829 2919 non
861 2849 1063 2917 formidans:
1080 2869 1139 2916 uos
1170 2851 1269 2916 fideli-

144 2961 204 3025 bus
218 2963 251 3024 et
266 2956 485 3024 laudabilibus
500 2956 649 3042 seruioijs
674 2958 811 3042 predicti
843 2955 977 3024 Comitis
1008 2955 1130 3024 Enardi
1162 2957 1269 3027 buius·

143 3064 231 3132 modi
261 3065 531 3134 remuneracionis
561 3065 719 3134 beneficio
750 3065 894 3132 volentes
925 3063 1131 3152 respondero,
1165 3074 1200 3133 vt
1231 3087 1270 3134 eo

146 3171 274 3257 cognito
290 3170 349 3257 alij
367 3171 411 3237 ad
435 3171 605 3240 fidelitatis
631 3191 731 3257 opera
761 3171 967 3256 frequencius
998 3170 1213 3257 inducantur;
1237 3173 1270 3237 in

144 3280 478 3364 recompensacionem
497 3281 703 3348 seruiciorum
722 3278 865 3346 eiusdem
881 3278 1022 3346 Jobanni
1054 3280 1178 3366 pupillo
1211 3299 1269 3347 suo

143 3387 251 3454 adhuc
265 3385 300 3452 in
313 3392 401 3453 etate
416 3395 529 3455 tenera
545 3387 720 3456 constituto
736 3387 880 3473 graciam
897 3385 1081 3454 huiusmodi
1106 3388 1148 3457 de
1180 3391 1271 3457 beni·

144 3494 271 3577 gnitate
286 3493 392 3578 Regia
408 3491 558 3562 duximus
574 3492 772 3578 taciendam,
798 3493 885 3576 quod
903 3493 1014 3579 populi
1031 3493 1133 3580 ipsius
1148 3496 1271 3565 Joban·

143 3601 193 3668 nis
208 3599 294 3668 inter
311 3600 411 3666 Zawa
427 3608 460 3667 et
476 3599 563 3668 Basa
579 3601 757 3670 existentes
783 3601 953 3667 collectam
980 3601 1175 3688 victualium,
1206 3625 1270 3690 quc

143 3708 322 3793 vulgariter
337 3707 483 3775 zolusma
499 3707 626 3794 dicitur,
660 3715 692 3776 et
707 3708 955 3776 marturinaruin
972 3707 1099 3775 soluere
1114 3710 1270 3780 debentes

144 3815 1272 3903 iuxtaterremoremeteonsuetndinemapprobatam‚ajurisdicoionc

143 3923 226 3989 Bani
244 3943 302 4007 pro
319 3929 463 4008 tempore
480 3923 607 3990 constiti
624 3931 779 4010 perpetuo
807 3922 949 4009 expediti
975 3923 1045 3991 siut
1076 3924 1205 4010 penitus
1240 3933 1273 3992 et

143 4031 297 4115 exempti.
321 4031 475 4098 Voleutes
495 4037 529 4097 et
544 4033 760 4118 precipientes
777 4031 876 4098 Bonis
892 4031 1065 4100 Solanonie
1100 4053 1159 4117 pro
1191 4039 1270 4101 tem·

142 4159 222 4225 pore
239 4139 431 4225 constitutis,
456 4139 540 4226 quod
558 4141 692 4226 populos
709 4137 848 4226 predicti
863 4140 1022 4206 lobannis
1055 4139 1115 4224 filij
1148 4141 1271 4209 Enardi

145 4247 185 4314 de
201 4251 310 4314 cetero
327 4248 457 4314 racione
472 4247 646 4316 solucionis
662 4249 868 4315 collectarum
885 4246 1068 4316 huiusmodi
1086 4269 1150 4316 non
1172 4249 1270 4316 aude·

147 4359 204 4420 ant
219 4373 281 4421 neo
296 4361 539 4442 presumpmant
563 4359 756 4444 molestarc;
779 4355 836 4423 scd
868 4357 960 4422 iuxta
992 4356 1129 4422 formam
1160 4357 1272 4440 gracie

144 4470 254 4530 nostre
270 4460 417 4549 predicto
433 4461 500 4532 tilio
517 4463 641 4531 lipardi
658 4484 812 4532 concesse
827 4463 1017 4547 iobagiones
1035 4483 1110 4530 suos
1142 4465 1273 4551 permit

144 4577 214 4638 tant
230 4588 420 4656 permanere
437 4571 572 4656 pacifica
589 4578 621 4640 et
637 4573 754 4655 quiete.
778 4571 822 4639 Vt
837 4572 938 4658 igitur
952 4570 1137 4641 huiusmodi
1162 4571 1272 4659 gracie
