3148 5164
698 285 762 352 551
833 300 837 307 '

656 375 816 385 -ι---...-

164 481 280 566 petiuit
311 480 376 546 sibi
407 480 490 566 deri,
524 500 622 565 super
653 502 718 565 quc
750 478 858 568 (olum
890 481 1034 567 hospites
1068 481 1177 550 Oestri
1193 487 1298 554 nostri
1363 477 1367 484 ’

165 587 372 655 Posoniensis
389 587 586 654 residebant.
605 588 673 655 Nos
705 589 816 673 itaque
848 590 1091 657 considerantes
1120 588 1297 659 fidelitates

169 701 200 758 et
214 701 312 778 grato
345 695 484 762 seruicia
516 693 595 761 dicti
626 695 805 778 Heroutini,
823 717 885 781 que
901 697 994 764 nobis
1010 718 1030 763 a
1047 702 1189 782 tempore
1206 717 1297 764 coro·

165 802 313 867 nacionis
330 807 439 868 nostro
456 821 528 867 cum
544 822 692 887 sumpma
707 799 876 888 fidelitate,
910 823 974 868 non
1006 803 1170 888 parcendo
1201 805 1297 872 rebus

166 908 232 973 suis
265 907 360 974 nobis
393 908 576 993 offerendis,
609 916 641 974 et
673 927 847 993 personam
880 930 971 976 suam
1007 910 1136 977 casibus
1168 911 1296 977 fortune

165 1014 404 1098 submittendo;
430 1015 568 1082 maxime
594 1021 680 1098 tunc,
713 1036 785 1081 oum
817 1017 966 1082 Castrum
1007 1017 1204 1084 Posoniense
1235 1038 1296 1101 per

166 1119 358 1186 industriam
375 1126 407 1186 et
438 1122 591 1188 miliciam
623 1122 753 1208 Mothey
770 1121 903 1189 Comitis
920 1121 1125 1190 Posoniensis
1141 1125 1291 1208 Magistri

164 1229 352 1309 Agusonnm
382 1233 573 1311 nostrorum,
616 1228 722 1294 dilecti
754 1236 786 1295 et
818 1230 921 1314 fidelis
962 1231 1073 1314 nostri,
1100 1251 1121 1296 o
1152 1233 1288 1298 Nicolao

166 1331 317 1401 Palatino
347 1333 416 1400 filio
447 1334 571 1400 Herrioi
602 1343 635 1402 et
665 1335 849 1402 castellanis
891 1339 1034 1404 eiusdem
1065 1344 1292 1421 recuperatum

165 1439 336 1507 extitisset.
354 1440 508 1506 Veientes
525 1441 632 1507 eidem
649 1441 834 1509 Herculano
850 1463 908 1526 pro
928 1441 1110 1509 huiusmodi
1141 1445 1291 1528 seruioijs

164 1547 234 1613 suis
266 1547 359 1614 nobis
389 1547 533 1613 fideliter
563 1550 711 1632 inpensis
742 1549 844 1634 Regio
877 1569 1045 1616 occurrere
1076 1570 1148 1616 cum
1167 1551 1291 1638 fauore,

164 1653 344 1738 predictam
360 1660 479 1721 terrem
495 1655 623 1740 Mysser
639 1660 785 1722 vocatam
817 1676 889 1722 cum
921 1657 1069 1738 omnibus
1100 1657 1293 1726 utilitatibus

165 1763 282 1827 suiset
313 1761 534 1844 pertinencijs,
564 1764 624 1828 sub
656 1761 779 1828 eisdem
797 1765 891 1830 metis
907 1771 940 1829 et
955 1763 1110 1850 terminis,
1126 1765 1159 1829 in
1176 1766 1292 1848 quibus

165 1889 223 1954 per
239 1869 363 1954 priores
379 1885 584 1952 possessores
607 1867 754 1934 habitata
771 1867 858 1955 (tgy)
875 1869 981 1936 extitit
997 1877 1029 1936 et
1054 1889 1217 1956 possessa,
1249 1872 1290 1936 de

164 1976 279 2058 gracie
310 1973 447 2058 speciali
478 1973 643 2059 sepedicto
659 1973 768 2042 villico
785 1983 897 2041 nostro
914 1976 1113 2063 Pcsoniensi,
1130 1982 1290 2044 eteorum

165 2083 252 2171 (tgy)
269 2080 441 2149 heredibus
457 2079 674 2164 heredumque
699 2101 828 2149 suornm
861 2083 1099 2150 successoribus
1131 2083 1291 2150 uniuersis

165 2191 325 2274 dedimus,
356 2188 550 2254 donanimus
582 2196 615 2255 et
631 2190 826 2256 contulimus
857 2191 927 2256 inre
943 2196 1100 2274 perpetuo
1118 2198 1150 2256 ot
1165 2191 1290 2258 inreuo-

165 2298 314 2366 cabiliter
331 2293 561 2381 possidendam
578 2303 610 2360 et
635 2295 817 2363 tenendam.
834 2296 872 2362 In
905 2295 996 2362 ouius
1027 2297 1073 2361 rei
1104 2299 1293 2363 memorium

166 2409 421 2490 perpetuamque
461 2401 645 2468 firmitatem
695 2409 862 2488 presentes
912 2403 1129 2470 concessimus
1170 2401 1296 2472 litteras

165 2511 329 2598 dupplicis
345 2509 442 2594 sigilli
459 2511 562 2576 nostri
579 2509 756 2576 munimine
771 2510 949 2578 roboratas.
969 2511 1088 2576 Datum
1103 2529 1161 2596 per
1177 2529 1293 2578 manus

166 2618 300 2686 discreti
332 2617 393 2686 riri
425 2617 571 2700 Magistri
601 2614 762 2683 Theodori
787 2615 941 2684 Albensis
961 2615 1108 2683 Ecclerio
1123 2617 1295 2704 Proponit,

157 2729 241 2795 sule
271 2733 382 2794 nostre
412 2723 688 2810 Vionanoeilerij
733 2724 844 2791 dilecti
876 2729 909 2790 et
938 2723 1043 2790 fidelis
1075 2721 1176 2788 nostri
1207 2743 1295 2790 anno

167 2833 297 2903 Domini
328 2830 448 2902 M⁰OC⁰
479 2832 688 2918 nonagesimo
719 2831 813 2919 11110,
844 2831 947 2914 Regni
963 2835 1070 2896 autem
1087 2831 1190 2894 nostri
1206 2849 1296 2898 anno

165 2949 292 3026 quarto.

162 3140 312 3202 (Eredetie
343 3139 540 3206 bonhartyen,
572 3141 693 3206 melyrdl
724 3154 741 3190 a
772 3137 919 3204 possetnek
951 3135 1083 3188 idreddire
1115 3133 1297 3200 vitriis-sergo

275 3228 513 3294 selyemzsindron
533 3230 619 3298 iiigg3
639 3245 656 3281 s
674 3229 760 3280 budsi
780 3229 833 3280 kir.
853 3227 980 3278 kamsrai
1000 3223 1197 3284 leveltarbsn.)
