3068 5150
863 1083 938 1154 stt.

319 1251 357 1354 Ἰ
360 1289 393 1356 V.
410 1287 526 1354 Losnto
541 1287 651 1373 kirtly
667 1285 741 1374 Apo
774 1308 873 1352 eomes
895 1287 1027 1370 fiainok
1057 1287 1249 1373 uisszaudju
1281 1287 1344 1375 Pyt
1372 1296 1445 1354 neoti

489 1397 579 1464 tutent
594 1398 803 1464 mosaeotonon
819 1397 907 1460 eloitt
922 1395 1189 1462 sustinentiae
1214 1396 1313 1464 1283.

443 1628 618 1698 Ludinlnns
652 1628 711 1696 Dei
728 1628 840 1713 grueiu
865 1629 933 1696 Rex
950 1627 1118 1712 Hungurie
1136 1628 1289 1696 memorie
1303 1647 1453 1697 sommen-

335 1737 451 1806 duntes
467 1737 691 1820 significemus
706 1733 822 1820 qulbus
838 1735 970 1822 expedit
986 1737 1145 1804 uniuersis
1166 1737 1367 1820 presencium
1398 1755 1452 1823 per

337 1855 481 1914 tenorem
498 1867 505 1910 ε
523 1841 609 1927 quod
641 1839 817 1928 Gregorius
850 1849 884 1910 et
913 1843 1056 1910 Jueubns
1086 1843 1145 1930 tilij
1164 1841 1301 1911 Comitis
1330 1843 1457 1929 Apsod

337 1961 482 2020 nostrum
499 1949 695 2018 resedentes
712 1949 917 2034 preoeuoinm
934 1949 1027 2018 nobis
1043 1949 1208 2017 humiliter
1232 1951 1459 2038 supplicarunt,

339 2067 372 2126 rt
388 2057 624 2145 possessionem
656 2057 799 2142 ipsorum
831 2057 1065 2126 hereditoriam
1096 2057 1157 2142 Pyl
1177 2065 1337 2140 onustum,
1366 2077 1460 2142 quum

338 2166 451 2234 reliots
482 2163 648 2232 Wsnthnlr
680 2165 816 2233 (lumeni
849 2164 1075 2251 potencialiter
1107 2171 1299 2249 oeoupntnm
1330 2163 1461 2231 detinuit

339 2293 441 2358 mque
473 2270 580 2354 modo,
611 2272 732 2342 eisdem
764 2271 901 2340 reddere
930 2278 963 2339 et
987 2272 1157 2340 restituere
1189 2269 1231 2338 de
1261 2271 1460 2357 benignitate

340 2380 443 2466 Regio
459 2379 676 2465 (immoremur.
695 2379 761 2448 Sed
778 2381 855 2466 quie
872 2399 970 2466 snper
986 2379 1073 2446 lueto
1089 2379 1307 2464 possessionis
1323 2380 1462 2466 predicte
1527 2377 1528 2382 ’

340 2488 412 2575 Pyt,
443 2494 548 2555 strom
580 2488 679 2556 fuerit
695 2487 832 2555 liliorum
863 2486 999 2556 Oomitis
1019 2486 1092 2574 Apu
1109 2485 1326 2574 prediotorum
1342 2508 1400 2556 nen
1415 2507 1463 2574 ne,

340 2594 435 2662 nobis
450 2591 572 2662 veritos
588 2615 652 2662 non
668 2596 840 2662 uonstsbut
856 2617 864 2677 ;
879 2591 1030 2662 fidelibus
1045 2594 1164 2662 nostris
1179 2593 1332 2682 Oupitnlo
1362 2597 1464 2664 Eucle-

342 2703 391 2770 sie
421 2699 621 2788 Orodyensis
652 2702 774 2770 suetum
807 2701 1023 2788 possessionis
1044 2699 1172 2788 prefate
1187 2701 1309 2771 nostris
1324 2701 1466 2770 dedimus

343 2811 457 2880 litteris
473 2810 507 2880 iu
533 2809 706 2898 mundetis,
737 2821 774 2878 rt
803 2829 875 2877 eum
907 2810 1065 2896 Magistro
1097 2812 1167 2880 Rem
1198 2810 1328 2879 homine
1359 2817 1465 2879 nostro

344 2921 505 2989 hominem
520 2919 662 3006 ipsorum
674 2939 732 3006 pro
743 2918 926 2987 testimonio
942 2918 1158 3007 destinarent,
1175 2939 1284 2988 eorum
1301 2939 1366 3006 qno
1384 2918 1465 2986 idem
1526 2953 1527 2994 o

343 3029 437 3095 homo
453 3031 563 3094 noster
579 3027 739 3112 prelatum
757 3027 996 3112 possessionem
1013 3027 1074 3115 Pyl
1089 3025 1312 3096 rmmbularet
1344 3034 1378 3094 et
1407 3035 1468 3094 su-

342 3143 447 3203 tueret
476 3133 638 3220 Gregorio
669 3141 703 3202 et
727 3133 850 3203 Juoobo
881 3133 1035 3221 prediotis
1071 3133 1314 3222 possidendam,
1347 3133 1376 3200 si
1407 3155 1467 3200 non

344 3244 434 3313 lieret
457 3241 690 3310 oontrudietum
708 3263 716 3328 ;
736 3242 988 3312 eontrndietores
1019 3263 1107 3328 reru,
1123 3245 1150 3312 si
1183 3241 1239 3328 qui
1274 3243 1401 3326 tierent,
1431 3243 1469 3310 ud

346 3357 488 3418 nostrum
520 3348 729 3418 Prusensium
761 3357 920 3418 euoeuret.
952 3349 1048 3429 Quod
1088 3349 1218 3436 quidem
1234 3349 1329 3418 nobie
1345 3351 1470 3418 demum

345 3455 510 3542 rescripsit
525 3456 559 3522 in
575 3455 635 3523 heo
654 3455 756 3526 verbu
773 3481 780 3523 :
1525 3503 1526 3542 3

452 3563 733 3632 Exuellontissimo
751 3565 817 3632 stis.
835 3563 1019 3652 Capitulum
1037 3563 1237 3652 Omdyeusis
1252 3567 1400 3637 Euolesie
1415 3572 1473 3638 stt.
1525 3571 1526 3624 ἶ

349 3673 562 3762 (ltuetlrenilr
578 3693 617 3742 an
632 3673 721 3743 orodi
738 3673 965 3762 ktptulsnnek
976 3675 1145 3762 jeientdse,
1161 3676 1242 3744 mint
1272 3675 1373 3746 ottob
1403 3681 1475 3746 335.

347 3803 391 3852 sn.
411 3781 456 3871 u.)

453 3889 521 3958 Nos
552 3889 662 3974 iisque
692 3890 842 3959 uolentes
873 3891 1048 3977 vniouiquo
1079 3889 1113 3958 in
1128 3911 1188 3960 suo
1214 3892 1290 3979 June
1315 3893 1476 3982 derogari,

347 3997 506 4085 prelatum
538 3997 774 4082 possessionem
804 3997 865 4086 Pyl
881 3998 1005 4068 eisdem
1041 3999 1199 4088 Gregorio
1217 4007 1250 4067 et
1263 3999 1390 4071 Jseoto
1404 4003 1478 4089 filijs

348 4103 486 4171 Comitis
501 4103 585 4189 Apu,
601 4105 684 4172 scite
700 4111 733 4172 et
747 4106 905 4192 inquisitu
922 4105 1070 4194 veritate,
1090 4127 1164 4174 oum
1180 4107 1329 4176 omnibns
1360 4109 1479 4179 vtilits·
1524 4167 1525 4184 2

349 4212 435 4278 tibus
468 4215 501 4276 et
516 4207 726 4298 pertineneiJs
758 4211 825 4281 suis
858 4211 1029 4302 uniuersis,
1046 4220 1141 4300 prout
1157 4231 1216 4300 per
1231 4211 1480 4300 predecessores

349 4313 526 4386 eorundem
542 4315 693 4402 primitus
712 4317 824 4390 habitu
844 4319 950 4389 luerat
976 4328 1008 4389 et
1038 4340 1203 4410 possessu,
1232 4319 1437 4393 reddidimus
1453 4335 1481 4394 et

350 4425 550 4494 restituimus
575 4426 652 4509 jure
683 4433 837 4514 perpetuo
863 4428 1093 4515 possidendum
1110 4435 1144 4497 et
1158 4427 1370 4518 habendum
1394 4455 1436 4500 ne
1451 4436 1480 4501 in

350 4532 556 4620 possessione
586 4532 719 4618 propris
749 4543 781 4602 et
811 4535 1009 4606 hereditoria
1043 4545 1235 4610 extraneum
1267 4545 1301 4606 et
1333 4539 1480 4612 illinitum
1523 4603 1524 4636 p
