3124 5152
805 275 966 390 Q„

323 485 432 554 larunt
448 479 649 553 continentes
667 505 674 550 ε
693 483 778 569 quod
795 481 878 553 inter
895 483 1065 573 prediolas
1081 487 1114 554 et
1143 484 1271 556 nobiles
1301 481 1458 574 Jobsgio·

322 611 381 662 nes
397 593 502 662 castri
528 592 568 660 de
585 594 726 681 Reyche,
747 593 863 662 litteris
878 595 911 662 in
926 593 1048 664 eisdem
1065 597 1261 684 nominatos,
1278 601 1313 664 vt
1328 601 1458 666 actores
1560 603 1561 640 r

322 703 364 768 ab
379 722 454 790 vna,
472 707 505 770 et
519 699 604 768 inter
620 701 818 789 Stephanum
834 703 937 770 tilium
953 703 1112 790 Stephani
1128 704 1187 791 filij
1206 703 1330 792 Mychh
1355 705 1453 793 Beni,

324 816 418 895 parte
447 811 489 877 ab
509 808 575 876 alia
604 829 703 895 super
736 812 957 898 occupaoione
989 811 1162 880 eorundem
1194 812 1399 898 predialium,
1426 819 1459 880 et
1560 805 1561 842 ³

324 919 541 1004 quorumlibet
551 916 672 1004 Jurium
688 917 840 1007 ipsorum,
859 940 966 988 eoram
982 920 1057 1006 ipsa
1073 919 1205 988 domina
1219 926 1333 988 nostra
1361 921 1458 1004 Regi·

325 1047 368 1094 na
398 1026 439 1094 lis
455 1032 543 1093 mota
574 1025 761 1114 exstitisset,
793 1027 827 1094 in
843 1048 908 1113 qua
940 1027 1072 1114 quidem
1104 1029 1173 1114 lite,
1199 1028 1271 1114 ipso
1288 1028 1456 1114 Stephano
1505 1073 1508 1078 -

325 1134 391 1203 filio
422 1133 579 1219 Stephani
610 1134 789 1222 deficiente,
821 1135 936 1205 eadem
968 1133 1098 1204 domina
1130 1135 1261 1222 Regina
1299 1137 1457 1204 uniuersa

325 1242 438 1330 predia
449 1249 481 1310 et
496 1242 659 1328 quaslibet
675 1243 847 1329 porciones
862 1245 1136 1330 possessiouarias
1153 1241 1311 1311 dictorum
1327 1243 1458 1330 predia·

326 1351 416 1435 lium,
447 1349 536 1438 ipsos
567 1349 609 1417 ab
640 1353 773 1436 antiquo
805 1351 1038 1437 contingentes,
1068 1352 1129 1419 sub
1161 1349 1406 1421 condicionibus
1424 1360 1456 1420 et

326 1458 529 1526 libertatibus
545 1477 662 1544 eorum,
679 1459 728 1526 eis
744 1465 901 1526 eteorum
917 1458 1091 1528 heredibus
1111 1455 1266 1546 perpetuo
1284 1459 1455 1545 possiden·

326 1568 387 1635 das
415 1571 592 1636 restetuero
608 1565 838 1650 commisisset;
861 1567 984 1635 Paulus
1001 1568 1111 1653 itaquo
1137 1565 1243 1635 dictus
1273 1571 1389 1634 eontra
1414 1565 1455 1633 de
1560 1567 1561 1616 t

327 1673 472 1761 Nageeh,
503 1674 598 1744 bomo
629 1675 806 1761 Regiualis,
837 1676 882 1743 ad
911 1675 947 1742 id
963 1675 1148 1763 specialiter
1179 1675 1402 1761 tranmissus,
1423 1681 1455 1742 et

327 1783 482 1868 Magister
499 1782 676 1868 Gregorius
702 1783 884 1852 Canonicus
914 1783 1017 1869 ipsius
1049 1781 1191 1872 Capituli
1221 1771 1455 1870 testimonium,

327 1890 487 1958 adsocies
518 1891 742 1968 uniuersorum
774 1890 958 1978 prediorum
975 1899 1008 1960 et
1024 1893 1212 1979 poroiouum
1233 1889 1457 1978 possessioue-
1560 1937 1561 1960 2

328 2001 449 2068 riarum
480 1999 729 2086 prescriptorum
760 2000 954 2086 predialium
977 2009 1009 2068 et
1039 2000 1195 2068 nobilium
1226 1998 1457 2084 Jobegionum,

329 2105 652 2176 videlicetJohaunis
662 2107 721 2193 filij
734 2108 873 2176 Emerioi
885 2107 925 2174 de
941 2108 1053 2194 Zelua,
1071 2109 1206 2176 alterius
1221 2105 1385 2176 Johaunis
1394 2109 1456 2193 filij
1560 2123 1561 2180 ζ

329 2213 468 2284 Fabiani
480 2214 521 2282 de
530 2213 704 2301 Rempooh,
716 2213 849 2301 Georgij
861 2214 920 2305 tilij
931 2215 1070 2284 Fabiani
1080 2212 1121 2282 de
1131 2213 1308 2300 Saulfelde,
1318 2215 1458 2284 Wrbani

330 2323 389 2408 filij
403 2321 540 2389 Fabiani
551 2321 939 2411 derlrauoloh,Andree
948 2323 1005 2414 filij
1018 2325 1169 2392 Barnabe
1178 2320 1458 2410 deLuhacboucb,
1560 2331 1561 2410 l

330 2428 418 2496 Petri
429 2428 487 2516 filij
498 2429 591 2498 loen
601 2429 642 2496 de
652 2429 780 2498 Welike
798 2431 926 2516 Melihe,
947 2431 1101 2519 Petrifilij
1123 2429 1224 2517 Blasij
1244 2429 1394 2498 similiter
1418 2430 1460 2497 de

331 2537 461 2622 Wellhy
473 2537 603 2624 Metike,
623 2539 793 2608 Michaelis
812 2541 887 2626 filijs
904 2539 989 2606 Petri
1016 2539 1057 2606 de
1072 2539 1278 2636 Prihinonob,
1295 2537 1460 2606 Domiuioi

332 2645 387 2732 filij
401 2646 516 2715 Jaeohi
526 2645 565 2714 de
574 2648 895 2734 Rathlspetherielde,
915 2647 1060 2715 Ladislai
1070 2647 1129 2733 filij
1140 2647 1303 2715 Dominioi
1313 2645 1353 2716 de
1363 2647 1460 2714 Saul·

331 2755 427 2842 felde,
437 2755 583 2841 Gregorii
594 2757 652 2842 filij
664 2757 801 2824 Fabiani
812 2756 853 2824 de
863 2754 1236 2842 alianlranoloh‚Petri
1246 2763 1278 2822 et
1288 2753 1459 2822 Benedicti

331 2863 469 2932 filiorum
485 2864 634 2951 Dyonisij
651 2865 693 2931 de
708 2864 912 2950 Cherukoch,
944 2863 1105 2930 Dominiei
1136 2863 1192 2950 filij
1224 2861 1399 2948 Laureueij
1418 2861 1460 2928 de
1560 2915 1561 2920 1

333 2973 521 3059 Kereetbur,
539 2993 678 3041 necnon
695 2972 822 3040 Nicolai
839 2973 896 3059 filij
915 2973 1059 3041 Ladislai
1075 2971 1117 3038 de
1132 2970 1308 3059 liletynob,
1325 2969 1460 3036 altono-

333 3083 421 3150 mine
436 3081 623 3168 Lshaselde,
641 3080 762 3150 Mathei
779 3079 834 3165 filij
867 3080 997 3148 Martini
1016 3081 1057 3147 de
1087 3079 1203 3167 Lippa,
1234 3076 1383 3168 Dyouisij
1400 3075 1459 3162 diij
1560 3111 1561 3170 3

331 3189 435 3274 Blasij
468 3189 615 3258 similiter
646 3190 686 3256 de
717 3189 845 3256 Welike
874 3188 1005 3276 Melilre,
1038 3188 1180 3277 Mylrech
1213 3187 1269 3278 filij
1297 3184 1458 3271 Stephani
1560 3175 1561 3266 i

332 3317 432 3383 penes
448 3297 580 3364 fluuium
596 3297 759 3386 Menocha,
776 3297 865 3365 Petri
881 3296 941 3381 filij
960 3295 1110 3383 Vlcbyak
1127 3295 1168 3362 de
1199 3293 1313 3381 Capito
1343 3293 1462 3360 Velilse
1560 3307 1561 3358 i

332 3405 392 3490 filij
424 3404 562 3490 predicti
593 3403 725 3491 Georgij
756 3405 815 3489 filij
841 3405 933 3472 Iwau
950 3403 992 3470 de
1011 3401 1220 3488 Weohlsolch,
1235 3399 1383 3468 Ladialai
1399 3399 1458 3484 ntij

329 3513 499 3580 Michaelis
514 3513 556 3580 de
571 3513 807 3601 Fodorostyua,
838 3512 938 3598 Myke
953 3511 1011 3597 filij
1031 3510 1146 3578 Punelr
1178 3510 1219 3577 de
1252 3510 1456 3595 Myrostyna,

332 3618 455 3686 Mathia
482 3619 542 3708 filij
582 3621 731 3707 Gregorij
764 3622 806 3688 de
835 3619 1148 3707 Derneehyuohyna,
1198 3615 1367 3692 Benedicti
1399 3616 1459 3700 tilij
1560 3651 1561 3712 3

334 3729 490 3798 Johannis
507 3729 547 3796 de
562 3729 791 3814 Hranizlauoh,
817 3729 984 3798 Benedicti
1014 3729 1070 3813 iilij
1102 3727 1252 3811 Dragina
1267 3723 1308 3793 de
1337 3723 1463 3808 Drsge·
1560 3733 1561 3806 i

334 3838 473 3928 verolch,
504 3839 642 3908 Fabiani
673 3838 731 3925 filij
759 3837 892 3923 Georgij
926 3837 967 3904 de
982 3838 1131 3923 Moysna,
1162 3844 1195 3904 et
1210 3833 1380 3918 Laurencij
1402 3833 1462 3918 filij

333 3947 423 4017 Petri
440 3947 481 4016 de
495 3944 762 4034 Radoalaustyna
777 3946 1025 4031 nominatorum,
1041 3945 1076 4010 in
1096 3944 1217 4012 tenutis
1233 3949 1267 4009 et
1297 3942 1464 4028 pertinen-
1560 3977 1561 4036 5

336 4055 396 4142 eijs
410 4055 563 4144 prelibati
578 4052 684 4124 castri
699 4054 831 4141 Reyche
845 4053 1041 4134 habitorum,
1058 4052 1174 4119 ricinis
1186 4058 1218 4119 et
1228 4050 1462 4118 commetaneis
1560 4107 1561 4114 ,

335 4162 519 4234 eorumdem
536 4163 696 4232 uniuersis
712 4163 794 4230 inibi
810 4162 954 4247 legitime
977 4161 1163 4228 conuocatis
1182 4165 1215 4226 et
1247 4159 1465 4244 presentibus,

335 4272 529 4356 accedendo,
560 4277 737 4339 memorata
768 4269 893 4358 predia,
925 4289 984 4338 seu
1000 4267 1277 4354 possessionarias
1293 4267 1465 4353 porciones
1560 4351 1561 4356 Ἰ

337 4401 408 4446 cum
425 4380 601 4448 earundem
616 4380 811 4448 utilitatibus
827 4384 860 4445 et
875 4377 1083 4464 pertineneijs
1099 4376 1258 4446 uniuersis
1283 4381 1458 4444 annonas

336 4486 502 4572 prediales
525 4489 715 4572 abantiquo
734 4486 967 4572 contingentes,
994 4485 1116 4554 eisdem
1132 4491 1164 4554 et
1178 4485 1322 4572 ipsorum
1338 4483 1465 4551 heredi·

336 4599 397 4668 bus
413 4598 473 4662 sub
486 4595 727 4667 condicionibus
746 4602 778 4663 et
793 4595 999 4664 libertatibus
1030 4595 1212 4682 premissis,
1241 4592 1369 4682 prelato
1399 4593 1465 4658 Ma·
1560 4603 1561 4668 ξ
