3124 5152
838 271 903 336 314

302 468 418 534 mareis
436 468 534 554 plene
551 465 688 551 receptis
704 468 745 533 ab
763 464 894 552 eisdem,
910 473 1063 554 perpetue
1095 473 1128 533 et
1159 469 1433 554 inreuoeabiliter,

302 575 546 662 possidendam.
570 575 753 659 Assumpsit
769 573 904 661 insuper
917 574 1003 643 idem
1021 576 1135 642 Comes
1146 574 1334 663 Ladizlaus,
1347 577 1433 660 quod

302 686 483 770 Tepromez
499 689 531 750 et
546 683 629 750 filios
646 683 715 750 eius
741 683 903 767 prediatus
929 685 970 750 ab
1001 685 1150 752 omnibus
1181 687 1314 752 racione
1349 687 1436 751 diete

303 803 389 862 terre
405 793 581 860 molestare
613 802 669 858 seu
701 791 846 876 inpetere
877 793 1072 877 uolentibus,
1105 793 1259 877 expedire
1291 791 1436 880 proprijs

303 901 468 970 laboribus
484 907 517 968 et
532 900 702 986 expensis;
728 908 821 986 prout
852 919 887 966 se
919 901 963 967 ad
994 901 1028 966 id
1061 909 1243 986 spontanea
1274 901 1436 984 obligauit

303 1011 481 1078 voluntate.
505 1011 543 1075 ln
559 1008 649 1076 euius
664 1027 722 1093 rey
739 1011 925 1077 memoriam
937 1017 970 1076 et
984 1019 1174 1096 perpetuam
1190 1011 1374 1076 firmitatem
1391 1010 1435 1075 ad

303 1119 495 1205 peticionem
516 1118 660 1202 peruium
676 1125 844 1202 presentes
860 1119 1076 1186 ooneessimus
1086 1119 1210 1186 litteras
1221 1118 1324 1184 nostri
1334 1117 1434 1200 sigilli

303 1225 479 1294 munimine
495 1226 670 1295 roboratas.
682 1223 800 1291 Datum
812 1246 898 1293 anno
911 1227 1042 1293 Domini
1057 1224 1178 1294 M⁰GG⁰
1194 1225 1434 1310 oosuagesimo.

304 1333 462 1420 Dyonisio
479 1331 628 1419 Custode,
646 1332 770 1399 Lazaro
786 1331 934 1418 Centone,
951 1333 1080 1400 Jaointo
1097 1333 1262 1417 quondam
1288 1333 1435 1422 Derane,

304 1443 458 1524 Magistro
473 1439 632 1526 Jobanne,
650 1440 760 1508 Blasio
778 1439 964 1528 presbitero,
982 1447 1014 1508 et
1030 1439 1105 1527 alijs
1122 1441 1306 1509 fratibusin
1319 1443 1433 1511 Euale-

304 1553 355 1618 sia
371 1551 431 1618 Dei
448 1548 688 1616 famulantibus.

304 1749 444 1811 (Eredetie
462 1749 643 1814 bdrhdrtydm
662 1750 782 1814 melyrdl
804 1765 820 1800 s
851 1749 943 1813 posset
961 1749 1213 1815 autu-ibolyeszintt
1231 1750 1431 1815 selyemzsinb·

357 1855 408 1890 ron
427 1840 516 1905 fiigg;
536 1855 554 1890 a
572 1839 680 1891 rumolt
701 1839 823 1904 herezeg
841 1839 1011 1904 Eszterbdzy
1031 1839 1127 1890 osaldd
1146 1839 1363 1904 leve'ltdrriban.)

733 2128 999 2138 .-————-

832 2671 908 2739 tot.

306 2869 337 2938 A
350 2877 501 2960 pozrtpot
516 2875 740 2962 loriptulurmolr
755 2873 1024 2960 diaouyrciplevele,
1046 2875 1127 2960 bopy
1143 2897 1163 2938 a
1178 2873 1357 2959 I’ozedpo-r'
1377 2881 1436 2939 orit·

305 2981 373 3048 l'o’bb
382 2982 547 3069 jobba‘ppa
562 2983 761 3049 ltindnatdra
779 2979 992 3067 Oburobunplo
1016 2981 1140 3068 belyrep
1171 2982 1435 3068 bubirozaddlyo-

426 3095 504 3155 adra
521 3091 600 3156 attat
615 3089 813 3156 lbrabiuuelr
827 3089 954 3156 birtoka
969 3090 1181 3154 r·endeztetett.
1207 3089 1308 3152 1280.

412 3391 597 3478 Capitulum
613 3285 756 3459 gerlasio
772 3392 813 3458 de
828 3287 957 3474 Pul>3saga
974 3281 1124 3457 omnibu?
1138 3389 1257 3458 ObrIsti
1283 3391 1434 3460 fidelibus

304 3509 369 3569 tam
386 3501 587 3587 presentibus
603 3519 698 3585 quam
715 3499 829 3566 futuris
846 3499 983 3566 salutem
994 3499 1176 3566 inDomino
1192 3503 1434 3585 sempiternam.
1547 3491 1548 3557 l

304 3607 356 3673 Ad
376 3611 598 3676 uniuersorum
619 3607 770 3674 noticiam
804 3607 918 3673 barum
951 3607 1036 3695 serie
1068 3608 1216 3676 volumus
1247 3611 1434 3696 peruenire,

305 3716 390 3798 quod
422 3717 581 3784 Ybrebun
612 3715 698 3782 filius
730 3715 832 3798 Abae,
866 3715 939 3802 Apa
970 3715 1056 3782 filius
1089 3717 1249 3804 Esbousy,
1281 3719 1435 3788 blutimer

304 3823 388 3893 filius
404 3825 543 3909 Negani,
562 3823 711 3892 Gurdosa
726 3823 808 3889 lilius
825 3823 990 3893 Zlaumeni
1008 3823 1048 3890 de
1065 3825 1268 3911 (ihurkunyk
1285 3827 1434 3912 iobagio-

305 3952 364 3999 nes
395 3932 501 4000 Castri
518 3933 561 3999 ad
592 3939 733 3999 nostram
749 3933 965 4016 personaliter
983 3933 1177 4002 aoeedentes
1194 3935 1398 4019 presenuiam
1414 3957 1435 4002 a

304 4041 397 4107 nobis
415 4039 592 4124 diligenter
609 4041 822 4126 postularunt,
842 4040 927 4123 quod
953 4061 1051 4107 vnum
1067 4061 1107 4109 ex
1123 4043 1216 4108 nobis
1233 4043 1435 4109 transmitte-

305 4167 423 4231 remus,
439 4167 547 4214 ooram
564 4167 626 4230 quo
644 4153 729 4214 terra
754 4150 895 4233 ipsorum
913 4146 953 4213 ds
970 4147 1182 4233 Oburkunyk,
1198 4169 1295 4235 quam
1311 4149 1433 4216 dudum

304 4255 463 4337 perditam
480 4263 511 4322 et
526 4257 679 4324 amissam
711 4275 768 4340 per
798 4254 1042 4341 humanitatem,
1078 4255 1223 4322 laborem
1255 4262 1288 4321 et
1311 4275 1432 4341 expen-

303 4382 373 4426 sam
405 4361 572 4449 Ybrabyni
597 4370 833 4450 reeuperarunt,
858 4363 1045 4430 eonnoeatis
1062 4363 1208 4449 cognatis
1225 4371 1257 4430 et
1289 4365 1429 4450 vyoinis,

304 4467 399 4535 osrtis
430 4469 523 4538 metis
555 4471 777 4556 distingerent,
799 4479 830 4538 et
861 4471 1044 4556 poreionem
1078 4471 1224 4538 eiusdem
1256 4469 1427 4536 Ybrabuni
1546 4485 1547 4552 ,

304 4585 502 4660 separarent.
535 4579 601 4646 Nos
633 4580 731 4662 igitur
761 4580 864 4649 iustas
895 4579 1069 4666 peticiones
1091 4599 1201 4647 eorum
1219 4577 1424 4649 attendentes
1546 4571 1547 4605 ³
