3112 5154
863 283 1022 382 *rsp-

372 477 466 543 cadit
481 476 513 540 in
531 497 650 576 aquam
666 477 851 566 Oryoycha,
883 477 1219 560 etibiiuxtaaquam
1252 473 1432 561 Oryoycha
1464 481 1504 538 est

376 590 464 651 meta
481 590 605 670 terres;
621 591 654 652 et
668 603 727 670 per
740 584 862 651 dictam
876 603 997 668 mnam
1013 581 1189 670 Oryoyeha
1205 581 1296 650 vadit
1313 585 1428 646 eontra
1443 598 1502 648 eur·

375 710 449 756 snm
464 711 560 777 aque,
593 699 626 758 et
640 693 789 777 peruenit
804 691 848 758 ad
863 692 1004 776 priorem
1021 697 1151 774 metam,
1182 698 1215 756 et
1241 689 1287 755 ibi
1313 695 1401 754 mete
1427 693 1500 754 terre

377 795 535 882 sepedicti
550 797 672 866 Belueh
691 797 863 886 Oryoyoha
879 805 994 865 uocate
1011 785 1236 865 terminantur.
1253 795 1337 861 Item
1351 793 1500 878 piscinam

377 904 548 973 (ihernnch
564 912 715 973 vocatam
731 907 774 972 ad
789 906 971 994 predictam
987 913 1106 972 terrem
1138 902 1314 990 Oryoycha
1348 901 1500 987 pertinen·

377 1019 455 1098 tem,
470 1009 553 1080 sicut
569 1013 689 1100 dicunt,
722 1013 842 1082 eisdem
858 1013 930 1080 sine
945 1011 1125 1099 preindicio
1140 1011 1220 1078 iuris
1246 1010 1350 1077 alieni
1383 1009 1501 1092 reliqni-

380 1139 451 1187 mus
468 1120 654 1207 supradicto
669 1120 765 1188 modo
781 1119 1021 1206 possidendam.
1060 1122 1097 1186 ln
1114 1119 1208 1187 cuins
1240 1119 1287 1186 rei
1319 1118 1501 1184 memoriam

377 1226 628 1312 firmitatemque
644 1235 834 1316 perpetuum
850 1235 1017 1314 presentes
1026 1225 1166 1315 prefatis
1180 1225 1336 1309 OtrocMr,
1353 1223 1503 1309 Gregorio

381 1343 416 1404 et
441 1333 519 1420 dlijs
544 1335 641 1402 Serre
666 1335 888 1403 concessimus
921 1335 1047 1402 litteras
1081 1331 1245 1419 dupplicis
1278 1331 1380 1417 sigilli
1412 1331 1503 1399 nostri

378 1443 557 1510 munimine
580 1443 759 1511 roborntas.
783 1443 905 1509 Datum
938 1463 996 1528 per
1029 1461 1144 1508 manus
1176 1440 1326 1525 Magistri
1360 1439 1502 1523 Gregorij

379 1550 457 1618 anio
473 1550 577 1618 nostri
593 1549 698 1616 fidelis
714 1548 923 1636 Cancellarij‚
938 1569 1025 1616 anno
1041 1549 1083 1616 ab
1114 1548 1350 1616 Incarnaoione
1381 1547 1504 1613 Domini

381 1657 553 1726 millesimo
569 1656 790 1726 ducentesimo
806 1657 1048 1742 septuagesimo
1066 1655 1187 1740 quinto.

383 1856 527 1918 (Eredetie
545 1855 728 1921 borhtrtydn,
748 1868 765 1904 e
777 1853 1026 1919 vitriis-kek-sdrga
1038 1853 1274 1918 seiyemzsindron
1286 1851 1407 1917 suggest
1419 1851 1503 1915 pecstt

380 1948 538 2010 elveszett3
557 1945 671 1996 abudsi
690 1943 744 1994 kir.
762 1943 890 1994 kamaraci
901 1940 1078 1994 leveltarnak
1090 1941 1257 2008 ngrtbban
1274 1940 1341 1992 levo
1360 1940 1506 2002 reectum.)

383 2847 518 2914 Jooicirn
534 2849 663 2932 kirdlye'
678 2847 905 2912 tdraaolemcater
920 2869 943 2910 o
957 2846 1092 2931 adprobo·
1109 2851 1227 2934 oqyicctz
1243 2851 1397 2936 ndpea'nalc
1417 2852 1507 2918 addc·

764 2954 918 3018 totoedto'l
932 2953 1017 3018 acolt.
1038 2955 1136 3020 1275.
1550 2951 1551 2988 ³

491 3149 560 3216 Mos
575 3147 754 3216 Joechinns
782 3146 941 3231 Magister
969 3146 1226 3214 Tavarnicorum
1259 3147 1383 3218 domini
1417 3152 1513 3238 Regis

385 3257 501 3324 Comes
518 3254 559 3324 de
574 3255 706 3322 Barana
722 3261 754 3319 ct
770 3253 811 3319 de
827 3253 913 3340 Piys,
931 3260 1043 3320 tenore
1058 3253 1263 3339 presencium
1282 3257 1402 3340 qnibne
1418 3280 1514 3345 expe

383 3361 433 3430 dit
447 3363 668 3449 significamus
684 3360 854 3446 universis,
873 3359 958 3445 qnod
974 3359 1124 3428 Andreas
1142 3362 1301 3446 Magister
1315 3364 1514 3435 Tanarnico-

383 3491 456 3536 rnm
487 3469 686 3538 venerabilis
715 3467 818 3553 patris
835 3464 958 3534 domini
983 3467 1182 3554 Thymothei
1207 3469 1365 3558 Episcopi
1397 3473 1515 3559 Zagra·
1549 3461 1550 3546 ]

384 3576 518 3659 biensis,
548 3576 619 3644 rios
635 3582 667 3643 et
681 3575 814 3644 nomine
829 3571 951 3642 domini
967 3575 1029 3662 sui,
1061 3597 1103 3642 ao
1117 3576 1263 3662 Capituli
1279 3577 1428 3646 eiusdem
1444 3603 1517 3667 pro

384 3690 523 3769 curator,
554 3683 700 3751 exhibuit
717 3683 812 3750 nobis
828 3681 955 3750 litteras
972 3682 1094 3749 domini
1110 3685 1214 3752 nostri
1235 3683 1384 3754 Ladisiai
1411 3687 1517 3756 incliti

382 3793 482 3877 Regis
497 3791 642 3874 Vngan'e
657 3809 756 3875 snper
771 3790 860 3856 sacto
877 3789 1015 3856 collecte
1032 3797 1157 3876 septem
1174 3789 1381 3860 denariorum
1413 3795 1518 3862 bana·

383 3903 451 3969 inm
468 3919 507 3966 ex
523 3905 617 3986 parte
632 3899 734 3984 ipsius
761 3896 880 3967 domini
896 3897 1052 3984 Episcopi
1078 3907 1111 3963 et
1141 3900 1193 3966 sni
1224 3897 1368 3986 capituli
1399 3923 1515 3988 prore·

383 4007 556 4092 niencium‚
574 4007 660 4091 qnod
675 4006 809 4074 formam
826 4026 884 4072 seu
900 4013 1042 4074 tenorem
1053 4006 1296 4092 privilegiorum
1309 4009 1519 4080 dominorum

383 4117 508 4200 Regum
523 4116 602 4182 Bele
617 4115 772 4182 videlicet
787 4113 839 4179 avi
857 4114 916 4199 sni,
943 4113 1110 4198 Stephani,
1143 4115 1313 4199 patrissui
1331 4115 1517 4205 karissimi,
1548 4139 1549 4186 3

385 4222 530 4291 felicium
546 4223 819 4306 recordacionnm,
837 4229 868 4288 et
886 4221 1067 4289 litterarum
1084 4241 1218 4290 suarum
1233 4223 1478 4309 inspiceremus
1490 4234 1519 4292 et

385 4333 564 4417 inspectam
581 4329 816 4398 continenciam
833 4329 1007 4397 eorundem
1024 4349 1239 4416 servaremus,
1272 4341 1305 4399 et
1330 4333 1432 4402 illese
1466 4355 1522 4421 per
1548 4317 1549 4367 ¹

388 4446 554 4507 exactores
571 4437 674 4523 ipsius
691 4439 825 4505 collecte
841 4436 1022 4505 faceremus
1048 4439 1224 4508 observari.
1264 4437 1417 4518 ,Quorum
1451 4445 1521 4528 qni-

386 4545 460 4612 dem
476 4545 719 4631 privilegiorum
737 4554 769 4613 et
785 4544 964 4614 litterarum
982 4545 1141 4630 inspectis
1158 4549 1337 4637 tenoribus,
1356 4555 1521 4638 comperi·
