<?xml version="1.0" encoding="UTF-8"?>
<!DOCTYPE html PUBLIC "-//W3C//DTD XHTML 1.0 Transitional//EN"
    "http://www.w3.org/TR/xhtml1/DTD/xhtml1-transitional.dtd">
<html xmlns="http://www.w3.org/1999/xhtml" xml:lang="en" lang="en">
 <head>
  <title>
</title>
<meta http-equiv="Content-Type" content="text/html;charset=utf-8" />
  <meta name='ocr-system' content='tesseract 3.04.00' />
  <meta name='ocr-capabilities' content='ocr_page ocr_carea ocr_par ocr_line ocrx_word'/>
</head>
<body>
  <div class='ocr_page' id='page_1' title='image "./codexdiplomatic06wenzgoog_0115.png"; bbox 0 0 3148 5146; ppageno 0'>
   <div class='ocr_carea' id='block_1_1' title="bbox 871 253 914 315">
    <p class='ocr_par' dir='ltr' id='par_1_1' title="bbox 871 253 914 315">
     <span class='ocr_line' id='line_1_1' title="bbox 871 253 914 315; baseline -0.116 0"><span class='ocrx_word' id='word_1_1' title='bbox 871 253 914 315; x_wconf 78' lang='lat' dir='ltr'>sse</span> 
     </span>
    </p>
   </div>
   <div class='ocr_carea' id='block_1_2' title="bbox 814 339 973 350">
    <p class='ocr_par' dir='ltr' id='par_1_2' title="bbox 814 339 973 350">
     <span class='ocr_line' id='line_1_2' title="bbox 814 339 973 350; baseline 0 -2"><span class='ocrx_word' id='word_1_2' title='bbox 814 339 973 350; x_wconf 79' lang='grc'><em>-,..-.....</em></span> 
     </span>
    </p>
   </div>
   <div class='ocr_carea' id='block_1_3' title="bbox 248 443 1570 2978">
    <p class='ocr_par' dir='ltr' id='par_1_3' title="bbox 248 443 1570 2978">
     <span class='ocr_line' id='line_1_3' title="bbox 325 443 1460 538; baseline 0.009 -30"><span class='ocrx_word' id='word_1_3' title='bbox 325 443 612 530; x_wconf 83' lang='lat' dir='ltr'>oonoordantibus,</span> <span class='ocrx_word' id='word_1_4' title='bbox 630 443 763 509; x_wconf 87' lang='lat' dir='ltr'>maioris</span> <span class='ocrx_word' id='word_1_5' title='bbox 782 455 831 509; x_wconf 86' lang='lat' dir='ltr'>est</span> <span class='ocrx_word' id='word_1_6' title='bbox 855 445 974 524; x_wconf 86' lang='lat' dir='ltr'>vigoris</span> <span class='ocrx_word' id='word_1_7' title='bbox 991 454 1023 511; x_wconf 89' lang='lat' dir='ltr'>et</span> <span class='ocrx_word' id='word_1_8' title='bbox 1055 446 1202 515; x_wconf 80' lang='lat' dir='ltr'>l&#39;oroioris</span> <span class='ocrx_word' id='word_1_9' title='bbox 1232 449 1412 538; x_wconf 85' lang='lat' dir='ltr'>firmitatis,</span> <span class='ocrx_word' id='word_1_10' title='bbox 1430 461 1460 520; x_wconf 86' lang='lat' dir='ltr'>et</span> 
     </span>
     <span class='ocr_line' id='line_1_4' title="bbox 330 549 1462 640; baseline 0.011 -26"><span class='ocrx_word' id='word_1_11' title='bbox 330 549 405 632; x_wconf 91' lang='lat' dir='ltr'>plus</span> <span class='ocrx_word' id='word_1_12' title='bbox 437 549 519 634; x_wconf 88' lang='lat' dir='ltr'>ligat</span> <span class='ocrx_word' id='word_1_13' title='bbox 546 549 655 634; x_wconf 84' lang='lat' dir='ltr'>quoad</span> <span class='ocrx_word' id='word_1_14' title='bbox 681 549 876 617; x_wconf 89' lang='lat' dir='ltr'>antediotum</span> <span class='ocrx_word' id='word_1_15' title='bbox 904 551 1053 618; x_wconf 82' lang='lat' dir='ltr'>dudioem</span> <span class='ocrx_word' id='word_1_16' title='bbox 1069 552 1165 620; x_wconf 79' lang='lat' dir='ltr'>Gurie</span> <span class='ocrx_word' id='word_1_17' title='bbox 1180 555 1291 640; x_wconf 83' lang='lat' dir='ltr'>Regio,</span> <span class='ocrx_word' id='word_1_18' title='bbox 1308 565 1342 624; x_wconf 88' lang='lat' dir='ltr'>et</span> <span class='ocrx_word' id='word_1_19' title='bbox 1358 562 1462 627; x_wconf 86' lang='lat' dir='ltr'>eoiam</span> 
     </span>
     <span class='ocr_line' id='line_1_5' title="bbox 327 657 1461 753; baseline 0.008 -29"><span class='ocrx_word' id='word_1_20' title='bbox 327 657 440 742; x_wconf 87' lang='lat' dir='ltr'>quoad</span> <span class='ocrx_word' id='word_1_21' title='bbox 455 665 580 726; x_wconf 79' lang='lat' dir='ltr'>nosmet</span> <span class='ocrx_word' id='word_1_22' title='bbox 597 659 686 744; x_wconf 89' lang='lat' dir='ltr'>ipsos</span> <span class='ocrx_word' id='word_1_23' title='bbox 702 685 710 725; x_wconf 73' lang='grc' dir='ltr'><strong>ε</strong></span> <span class='ocrx_word' id='word_1_24' title='bbox 728 659 899 726; x_wconf 87' lang='lat' dir='ltr'>voluerunt</span> <span class='ocrx_word' id='word_1_25' title='bbox 915 658 993 726; x_wconf 92' lang='lat' dir='ltr'>dioti</span> <span class='ocrx_word' id='word_1_26' title='bbox 1010 661 1135 748; x_wconf 80' lang='lat' dir='ltr'>arbitry</span> <span class='ocrx_word' id='word_1_27' title='bbox 1166 665 1278 747; x_wconf 78' lang='lat' dir='ltr'>nostri,</span> <span class='ocrx_word' id='word_1_28' title='bbox 1296 672 1332 731; x_wconf 86' lang='lat' dir='ltr'>vt</span> <span class='ocrx_word' id='word_1_29' title='bbox 1363 687 1461 753; x_wconf 90' lang='lat' dir='ltr'>super</span> 
     </span>
     <span class='ocr_line' id='line_1_6' title="bbox 330 763 1461 855; baseline 0.01 -25"><span class='ocrx_word' id='word_1_30' title='bbox 330 763 477 852; x_wconf 78' lang='lat' dir='ltr'>predicta</span> <span class='ocrx_word' id='word_1_31' title='bbox 508 765 679 832; x_wconf 76' lang='lat' dir='ltr'>eoncordia</span> <span class='ocrx_word' id='word_1_32' title='bbox 710 771 743 833; x_wconf 92' lang='lat' dir='ltr'>et</span> <span class='ocrx_word' id='word_1_33' title='bbox 773 766 992 834; x_wconf 86' lang='lat' dir='ltr'>ereooionibns</span> <span class='ocrx_word' id='word_1_34' title='bbox 1024 775 1183 836; x_wconf 88' lang='lat' dir='ltr'>metarum</span> <span class='ocrx_word' id='word_1_35' title='bbox 1213 769 1301 855; x_wconf 88' lang='lat' dir='ltr'>ipsis</span> <span class='ocrx_word' id='word_1_36' title='bbox 1327 772 1461 841; x_wconf 90' lang='lat' dir='ltr'>domino</span> 
     </span>
     <span class='ocr_line' id='line_1_7' title="bbox 330 870 1463 961; baseline 0.009 -25"><span class='ocrx_word' id='word_1_37' title='bbox 330 870 462 957; x_wconf 90' lang='lat' dir='ltr'>Philipo</span> <span class='ocrx_word' id='word_1_38' title='bbox 477 871 732 960; x_wconf 82' lang='lat' dir='ltr'>Arohiepisoopo</span> <span class='ocrx_word' id='word_1_39' title='bbox 748 880 781 938; x_wconf 92' lang='lat' dir='ltr'>et</span> <span class='ocrx_word' id='word_1_40' title='bbox 796 893 857 940; x_wconf 85' lang='lat' dir='ltr'>suo</span> <span class='ocrx_word' id='word_1_41' title='bbox 875 873 1026 959; x_wconf 80' lang='lat' dir='ltr'>Capitulo</span> <span class='ocrx_word' id='word_1_42' title='bbox 1053 873 1272 961; x_wconf 71' lang='lat' dir='ltr'>strigoniensi</span> <span class='ocrx_word' id='word_1_43' title='bbox 1288 878 1322 942; x_wconf 90' lang='lat' dir='ltr'>ln</span> <span class='ocrx_word' id='word_1_44' title='bbox 1353 878 1463 946; x_wconf 87' lang='lat' dir='ltr'>huius·</span> 
     </span>
     <span class='ocr_line' id='line_1_8' title="bbox 248 977 1463 1068; baseline 0.006 -25"><span class='ocrx_word' id='word_1_45' title='bbox 248 1013 257 1028; x_wconf 58' lang='grc' dir='ltr'><strong><em>ι</em></strong></span> <span class='ocrx_word' id='word_1_46' title='bbox 333 977 419 1068; x_wconf 89' lang='lat' dir='ltr'>modi</span> <span class='ocrx_word' id='word_1_47' title='bbox 451 979 672 1046; x_wconf 88' lang='lat' dir='ltr'>testimonium</span> <span class='ocrx_word' id='word_1_48' title='bbox 703 987 832 1048; x_wconf 89' lang='lat' dir='ltr'>nostras</span> <span class='ocrx_word' id='word_1_49' title='bbox 862 981 987 1047; x_wconf 82' lang='lat' dir='ltr'>litteras</span> <span class='ocrx_word' id='word_1_50' title='bbox 1019 981 1243 1066; x_wconf 85' lang='lat' dir='ltr'>priuilegiales</span> <span class='ocrx_word' id='word_1_51' title='bbox 1260 1003 1334 1049; x_wconf 90' lang='lat' dir='ltr'>oum</span> <span class='ocrx_word' id='word_1_52' title='bbox 1351 995 1463 1052; x_wconf 89' lang='lat' dir='ltr'>nostro</span> 
     </span>
     <span class='ocr_line' id='line_1_9' title="bbox 332 1083 1464 1174; baseline 0.005 -22"><span class='ocrx_word' id='word_1_53' title='bbox 332 1083 487 1170; x_wconf 81' lang='lat' dir='ltr'>pendenti</span> <span class='ocrx_word' id='word_1_54' title='bbox 503 1085 614 1171; x_wconf 91' lang='lat' dir='ltr'>sigillo</span> <span class='ocrx_word' id='word_1_55' title='bbox 631 1086 803 1174; x_wconf 84' lang='lat' dir='ltr'>daremus3</span> <span class='ocrx_word' id='word_1_56' title='bbox 828 1091 860 1153; x_wconf 89' lang='lat' dir='ltr'>et</span> <span class='ocrx_word' id='word_1_57' title='bbox 877 1086 965 1171; x_wconf 92' lang='lat' dir='ltr'>qnod</span> <span class='ocrx_word' id='word_1_58' title='bbox 980 1086 1045 1172; x_wconf 83' lang='lat' dir='ltr'>ipsi</span> <span class='ocrx_word' id='word_1_59' title='bbox 1061 1085 1213 1156; x_wconf 81' lang='lat' dir='ltr'>dominns</span> <span class='ocrx_word' id='word_1_60' title='bbox 1239 1089 1464 1174; x_wconf 82' lang='lat' dir='ltr'>Archiepiaeo·</span> 
     </span>
     <span class='ocr_line' id='line_1_10' title="bbox 334 1192 1464 1278; baseline 0.005 -21"><span class='ocrx_word' id='word_1_61' title='bbox 334 1212 395 1277; x_wconf 87' lang='lat' dir='ltr'>pus</span> <span class='ocrx_word' id='word_1_62' title='bbox 411 1199 442 1258; x_wconf 94' lang='lat' dir='ltr'>et</span> <span class='ocrx_word' id='word_1_63' title='bbox 460 1192 644 1278; x_wconf 80' lang='lat' dir='ltr'>Capitulum</span> <span class='ocrx_word' id='word_1_64' title='bbox 661 1213 754 1260; x_wconf 83' lang='lat' dir='ltr'>suam</span> <span class='ocrx_word' id='word_1_65' title='bbox 771 1193 954 1260; x_wconf 79' lang='lat' dir='ltr'>uberiorem</span> <span class='ocrx_word' id='word_1_66' title='bbox 971 1193 1015 1259; x_wconf 87' lang='lat' dir='ltr'>ad</span> <span class='ocrx_word' id='word_1_67' title='bbox 1027 1194 1190 1260; x_wconf 84' lang='lat' dir='ltr'>cautelam</span> <span class='ocrx_word' id='word_1_68' title='bbox 1206 1214 1317 1261; x_wconf 91' lang='lat' dir='ltr'>eorum</span> <span class='ocrx_word' id='word_1_69' title='bbox 1333 1195 1464 1264; x_wconf 81' lang='lat' dir='ltr'>litteras</span> 
     </span>
     <span class='ocr_line' id='line_1_11' title="bbox 331 1297 1570 1384; baseline 0.002 -17"><span class='ocrx_word' id='word_1_70' title='bbox 331 1299 453 1382; x_wconf 82' lang='lat' dir='ltr'>sigillis</span> <span class='ocrx_word' id='word_1_71' title='bbox 470 1319 580 1366; x_wconf 91' lang='lat' dir='ltr'>eorum</span> <span class='ocrx_word' id='word_1_72' title='bbox 597 1299 818 1384; x_wconf 84' lang='lat' dir='ltr'>oonsignando</span> <span class='ocrx_word' id='word_1_73' title='bbox 836 1297 909 1366; x_wconf 87' lang='lat' dir='ltr'>dari</span> <span class='ocrx_word' id='word_1_74' title='bbox 931 1301 1077 1366; x_wconf 78' lang='lat' dir='ltr'>facerent</span> <span class='ocrx_word' id='word_1_75' title='bbox 1093 1305 1125 1366; x_wconf 91' lang='lat' dir='ltr'>et</span> <span class='ocrx_word' id='word_1_76' title='bbox 1142 1301 1296 1368; x_wconf 87' lang='lat' dir='ltr'>emanari.</span> <span class='ocrx_word' id='word_1_77' title='bbox 1321 1301 1466 1380; x_wconf 81' lang='lat' dir='ltr'>Quorum</span> <span class='ocrx_word' id='word_1_78' title='bbox 1569 1343 1570 1346; x_wconf 61' lang='lat'><em>=</em></span> 
     </span>
     <span class='ocr_line' id='line_1_12' title="bbox 335 1405 1467 1496; baseline 0.004 -24"><span class='ocrx_word' id='word_1_79' title='bbox 335 1405 430 1474; x_wconf 88' lang='lat' dir='ltr'>dietis</span> <span class='ocrx_word' id='word_1_80' title='bbox 461 1413 642 1474; x_wconf 76' lang='lat' dir='ltr'>annuemes</span> <span class='ocrx_word' id='word_1_81' title='bbox 673 1407 739 1490; x_wconf 91' lang='lat' dir='ltr'>ipsi</span> <span class='ocrx_word' id='word_1_82' title='bbox 754 1405 885 1474; x_wconf 93' lang='lat' dir='ltr'>domino</span> <span class='ocrx_word' id='word_1_83' title='bbox 916 1405 1173 1491; x_wconf 85' lang='lat' dir='ltr'>Arohiepisoopo</span> <span class='ocrx_word' id='word_1_84' title='bbox 1190 1413 1222 1473; x_wconf 89' lang='lat' dir='ltr'>et</span> <span class='ocrx_word' id='word_1_85' title='bbox 1237 1427 1297 1474; x_wconf 87' lang='lat' dir='ltr'>suo</span> <span class='ocrx_word' id='word_1_86' title='bbox 1313 1409 1467 1496; x_wconf 78' lang='lat' dir='ltr'>capitulo</span> 
     </span>
     <span class='ocr_line' id='line_1_13' title="bbox 333 1513 1570 1600; baseline 0.002 -20"><span class='ocrx_word' id='word_1_87' title='bbox 333 1518 377 1580; x_wconf 88' lang='lat' dir='ltr'>de</span> <span class='ocrx_word' id='word_1_88' title='bbox 393 1513 540 1600; x_wconf 82' lang='lat' dir='ltr'>prediola</span> <span class='ocrx_word' id='word_1_89' title='bbox 555 1520 669 1580; x_wconf 81' lang='lat' dir='ltr'>nostra</span> <span class='ocrx_word' id='word_1_90' title='bbox 685 1513 857 1580; x_wconf 86' lang='lat' dir='ltr'>oonoordia</span> <span class='ocrx_word' id='word_1_91' title='bbox 873 1520 1042 1598; x_wconf 86' lang='lat' dir='ltr'>presentes</span> <span class='ocrx_word' id='word_1_92' title='bbox 1058 1519 1186 1582; x_wconf 87' lang='lat' dir='ltr'>nostras</span> <span class='ocrx_word' id='word_1_93' title='bbox 1214 1513 1340 1582; x_wconf 84' lang='lat' dir='ltr'>litteras</span> <span class='ocrx_word' id='word_1_94' title='bbox 1371 1515 1468 1600; x_wconf 89' lang='lat' dir='ltr'>priui-</span> <span class='ocrx_word' id='word_1_95' title='bbox 1569 1537 1570 1598; x_wconf 56' lang='lat' dir='ltr'>r</span> 
     </span>
     <span class='ocr_line' id='line_1_14' title="bbox 337 1619 1468 1706; baseline 0.001 -20"><span class='ocrx_word' id='word_1_96' title='bbox 337 1619 474 1704; x_wconf 88' lang='lat' dir='ltr'>legiales</span> <span class='ocrx_word' id='word_1_97' title='bbox 505 1619 617 1704; x_wconf 85' lang='lat' dir='ltr'>sigillo</span> <span class='ocrx_word' id='word_1_98' title='bbox 631 1625 742 1687; x_wconf 90' lang='lat' dir='ltr'>nostro</span> <span class='ocrx_word' id='word_1_99' title='bbox 769 1619 991 1705; x_wconf 83' lang='lat' dir='ltr'>oonrignando</span> <span class='ocrx_word' id='word_1_100' title='bbox 1016 1620 1089 1687; x_wconf 90' lang='lat' dir='ltr'>dari</span> <span class='ocrx_word' id='word_1_101' title='bbox 1105 1619 1240 1688; x_wconf 87' lang='lat' dir='ltr'>feoimus</span> <span class='ocrx_word' id='word_1_102' title='bbox 1258 1626 1291 1688; x_wconf 95' lang='lat' dir='ltr'>et</span> <span class='ocrx_word' id='word_1_103' title='bbox 1305 1621 1468 1706; x_wconf 81' lang='lat' dir='ltr'>assignari</span> 
     </span>
     <span class='ocr_line' id='line_1_15' title="bbox 339 1725 1468 1816; baseline -0.004 -20"><span class='ocrx_word' id='word_1_104' title='bbox 339 1749 397 1816; x_wconf 92' lang='lat' dir='ltr'>per</span> <span class='ocrx_word' id='word_1_105' title='bbox 411 1748 527 1796; x_wconf 89' lang='lat' dir='ltr'>manus</span> <span class='ocrx_word' id='word_1_106' title='bbox 543 1726 763 1814; x_wconf 87' lang='lat' dir='ltr'>prediotornm</span> <span class='ocrx_word' id='word_1_107' title='bbox 780 1727 976 1794; x_wconf 82' lang='lat' dir='ltr'>arbitromm</span> <span class='ocrx_word' id='word_1_108' title='bbox 995 1733 1185 1796; x_wconf 87' lang='lat' dir='ltr'>nostrorum.</span> <span class='ocrx_word' id='word_1_109' title='bbox 1199 1725 1342 1794; x_wconf 83' lang='lat' dir='ltr'>Litteras</span> <span class='ocrx_word' id='word_1_110' title='bbox 1358 1735 1468 1795; x_wconf 89' lang='lat' dir='ltr'>autem</span> 
     </span>
     <span class='ocr_line' id='line_1_16' title="bbox 334 1830 1468 1922; baseline -0.001 -21"><span class='ocrx_word' id='word_1_111' title='bbox 334 1835 438 1922; x_wconf 85' lang='lat' dir='ltr'>ipsius</span> <span class='ocrx_word' id='word_1_112' title='bbox 454 1833 577 1904; x_wconf 92' lang='lat' dir='ltr'>domini</span> <span class='ocrx_word' id='word_1_113' title='bbox 592 1833 841 1921; x_wconf 87' lang='lat' dir='ltr'>Arohiepisoopi</span> <span class='ocrx_word' id='word_1_114' title='bbox 858 1840 890 1902; x_wconf 88' lang='lat' dir='ltr'>et</span> <span class='ocrx_word' id='word_1_115' title='bbox 907 1834 958 1902; x_wconf 91' lang='lat' dir='ltr'>sui</span> <span class='ocrx_word' id='word_1_116' title='bbox 983 1830 1125 1920; x_wconf 84' lang='lat' dir='ltr'>Oapitnli</span> <span class='ocrx_word' id='word_1_117' title='bbox 1149 1834 1184 1900; x_wconf 92' lang='lat' dir='ltr'>in</span> <span class='ocrx_word' id='word_1_118' title='bbox 1209 1833 1335 1902; x_wconf 88' lang='lat' dir='ltr'>eisdem</span> <span class='ocrx_word' id='word_1_119' title='bbox 1350 1835 1468 1902; x_wconf 90' lang='lat' dir='ltr'>tenori·</span> 
     </span>
     <span class='ocr_line' id='line_1_17' title="bbox 337 1939 1570 2033; baseline 0 -21"><span class='ocrx_word' id='word_1_120' title='bbox 337 1946 408 2033; x_wconf 88' lang='lat' dir='ltr'>bns,</span> <span class='ocrx_word' id='word_1_121' title='bbox 426 1943 587 2027; x_wconf 86' lang='lat' dir='ltr'>inquibus</span> <span class='ocrx_word' id='word_1_122' title='bbox 604 1961 663 2010; x_wconf 89' lang='lat' dir='ltr'>nos</span> <span class='ocrx_word' id='word_1_123' title='bbox 680 1939 840 2027; x_wconf 83' lang='lat' dir='ltr'>dedimus,</span> <span class='ocrx_word' id='word_1_124' title='bbox 856 1943 917 2009; x_wconf 92' lang='lat' dir='ltr'>sub</span> <span class='ocrx_word' id='word_1_125' title='bbox 934 1961 1042 2008; x_wconf 89' lang='lat' dir='ltr'>eorum</span> <span class='ocrx_word' id='word_1_126' title='bbox 1058 1939 1177 2027; x_wconf 83' lang='lat' dir='ltr'>sigillis</span> <span class='ocrx_word' id='word_1_127' title='bbox 1193 1940 1287 2008; x_wconf 92' lang='lat' dir='ltr'>nobis</span> <span class='ocrx_word' id='word_1_128' title='bbox 1306 1942 1469 2009; x_wconf 87' lang='lat' dir='ltr'>noluimus</span> <span class='ocrx_word' id='word_1_129' title='bbox 1569 1941 1570 2012; x_wconf 72' lang='lat'>3</span> 
     </span>
     <span class='ocr_line' id='line_1_18' title="bbox 338 2046 1469 2136; baseline -0.005 -18"><span class='ocrx_word' id='word_1_130' title='bbox 338 2049 540 2136; x_wconf 80' lang='lat' dir='ltr'>presentari3</span> <span class='ocrx_word' id='word_1_131' title='bbox 565 2069 646 2134; x_wconf 84' lang='lat' dir='ltr'>quas</span> <span class='ocrx_word' id='word_1_132' title='bbox 661 2047 747 2116; x_wconf 92' lang='lat' dir='ltr'>idem</span> <span class='ocrx_word' id='word_1_133' title='bbox 764 2047 914 2116; x_wconf 87' lang='lat' dir='ltr'>dominus</span> <span class='ocrx_word' id='word_1_134' title='bbox 929 2046 1203 2134; x_wconf 85' lang='lat' dir='ltr'>Arohiepisoopns</span> <span class='ocrx_word' id='word_1_135' title='bbox 1219 2055 1251 2116; x_wconf 87' lang='lat' dir='ltr'>et</span> <span class='ocrx_word' id='word_1_136' title='bbox 1267 2069 1362 2116; x_wconf 90' lang='lat' dir='ltr'>snum</span> <span class='ocrx_word' id='word_1_137' title='bbox 1374 2047 1469 2135; x_wconf 79' lang='lat' dir='ltr'>(lapi-</span> 
     </span>
     <span class='ocr_line' id='line_1_19' title="bbox 337 2153 1570 2241; baseline -0.003 -19"><span class='ocrx_word' id='word_1_138' title='bbox 337 2156 442 2224; x_wconf 90' lang='lat' dir='ltr'>tnlum</span> <span class='ocrx_word' id='word_1_139' title='bbox 456 2157 517 2224; x_wconf 88' lang='lat' dir='ltr'>sub</span> <span class='ocrx_word' id='word_1_140' title='bbox 533 2176 642 2224; x_wconf 89' lang='lat' dir='ltr'>eornm</span> <span class='ocrx_word' id='word_1_141' title='bbox 659 2155 779 2240; x_wconf 83' lang='lat' dir='ltr'>sigillis</span> <span class='ocrx_word' id='word_1_142' title='bbox 794 2157 829 2222; x_wconf 88' lang='lat' dir='ltr'>in</span> <span class='ocrx_word' id='word_1_143' title='bbox 845 2162 958 2223; x_wconf 86' lang='lat' dir='ltr'>tenore</span> <span class='ocrx_word' id='word_1_144' title='bbox 975 2154 1132 2240; x_wconf 89' lang='lat' dir='ltr'>premisso</span> <span class='ocrx_word' id='word_1_145' title='bbox 1148 2173 1207 2241; x_wconf 89' lang='lat' dir='ltr'>per</span> <span class='ocrx_word' id='word_1_146' title='bbox 1222 2175 1339 2223; x_wconf 87' lang='lat' dir='ltr'>manus</span> <span class='ocrx_word' id='word_1_147' title='bbox 1370 2153 1469 2220; x_wconf 89' lang='lat' dir='ltr'>dioto·</span> <span class='ocrx_word' id='word_1_148' title='bbox 1569 2155 1570 2200; x_wconf 64' lang='lat' dir='ltr'>l</span> 
     </span>
     <span class='ocr_line' id='line_1_20' title="bbox 341 2261 1473 2346; baseline -0.003 -16"><span class='ocrx_word' id='word_1_149' title='bbox 341 2283 412 2330; x_wconf 86' lang='lat' dir='ltr'>rum</span> <span class='ocrx_word' id='word_1_150' title='bbox 428 2262 621 2330; x_wconf 88' lang='lat' dir='ltr'>arbitrorum</span> <span class='ocrx_word' id='word_1_151' title='bbox 636 2261 732 2330; x_wconf 86' lang='lat' dir='ltr'>nobis</span> <span class='ocrx_word' id='word_1_152' title='bbox 759 2261 1020 2346; x_wconf 76' lang='lat' dir='ltr'>assignauernnt</span> <span class='ocrx_word' id='word_1_153' title='bbox 1036 2262 1199 2330; x_wconf 87' lang='lat' dir='ltr'>innostra</span> <span class='ocrx_word' id='word_1_154' title='bbox 1229 2281 1363 2329; x_wconf 87' lang='lat' dir='ltr'>oamera</span> <span class='ocrx_word' id='word_1_155' title='bbox 1395 2281 1473 2329; x_wconf 90' lang='lat' dir='ltr'>eon·</span> 
     </span>
     <span class='ocr_line' id='line_1_21' title="bbox 339 2367 1570 2454; baseline -0.002 -17"><span class='ocrx_word' id='word_1_156' title='bbox 339 2367 543 2454; x_wconf 87' lang='lat' dir='ltr'>seruandas;</span> <span class='ocrx_word' id='word_1_157' title='bbox 570 2369 630 2437; x_wconf 89' lang='lat' dir='ltr'>tali</span> <span class='ocrx_word' id='word_1_158' title='bbox 645 2369 835 2438; x_wconf 89' lang='lat' dir='ltr'>oondioione</span> <span class='ocrx_word' id='word_1_159' title='bbox 851 2369 1033 2454; x_wconf 76' lang='lat' dir='ltr'>interiecta,</span> <span class='ocrx_word' id='word_1_160' title='bbox 1058 2367 1148 2452; x_wconf 89' lang='lat' dir='ltr'>quod</span> <span class='ocrx_word' id='word_1_161' title='bbox 1172 2369 1308 2436; x_wconf 83' lang='lat' dir='ltr'>ailitem</span> <span class='ocrx_word' id='word_1_162' title='bbox 1324 2368 1475 2452; x_wconf 87' lang='lat' dir='ltr'>aliquam</span> <span class='ocrx_word' id='word_1_163' title='bbox 1569 2409 1570 2418; x_wconf 25' lang='grc' dir='ltr'><strong>κ</strong></span> 
     </span>
     <span class='ocr_line' id='line_1_22' title="bbox 341 2475 1474 2563; baseline -0.003 -19"><span class='ocrx_word' id='word_1_164' title='bbox 341 2498 406 2544; x_wconf 87' lang='lat' dir='ltr'>non</span> <span class='ocrx_word' id='word_1_165' title='bbox 417 2475 589 2545; x_wconf 87' lang='lat' dir='ltr'>suseitanti</span> <span class='ocrx_word' id='word_1_166' title='bbox 605 2475 723 2545; x_wconf 85' lang='lat' dir='ltr'>exindo</span> <span class='ocrx_word' id='word_1_167' title='bbox 738 2478 938 2563; x_wconf 88' lang='lat' dir='ltr'>snssoitaret,</span> <span class='ocrx_word' id='word_1_168' title='bbox 954 2477 989 2542; x_wconf 91' lang='lat' dir='ltr'>in</span> <span class='ocrx_word' id='word_1_169' title='bbox 1006 2483 1133 2544; x_wconf 89' lang='lat' dir='ltr'>eentum</span> <span class='ocrx_word' id='word_1_170' title='bbox 1149 2477 1267 2543; x_wconf 87' lang='lat' dir='ltr'>mareis</span> <span class='ocrx_word' id='word_1_171' title='bbox 1283 2481 1474 2542; x_wconf 87' lang='lat' dir='ltr'>remaneret</span> 
     </span>
     <span class='ocr_line' id='line_1_23' title="bbox 343 2581 1570 2669; baseline -0.001 -16"><span class='ocrx_word' id='word_1_172' title='bbox 343 2583 428 2668; x_wconf 79' lang='lat' dir='ltr'>parti</span> <span class='ocrx_word' id='word_1_173' title='bbox 459 2583 550 2650; x_wconf 92' lang='lat' dir='ltr'>litem</span> <span class='ocrx_word' id='word_1_174' title='bbox 581 2589 614 2650; x_wconf 89' lang='lat' dir='ltr'>et</span> <span class='ocrx_word' id='word_1_175' title='bbox 633 2585 667 2651; x_wconf 91' lang='lat' dir='ltr'>in</span> <span class='ocrx_word' id='word_1_176' title='bbox 683 2582 857 2652; x_wconf 87' lang='lat' dir='ltr'>oonoordia</span> <span class='ocrx_word' id='word_1_177' title='bbox 872 2584 1095 2669; x_wconf 88' lang='lat' dir='ltr'>perseueranti</span> <span class='ocrx_word' id='word_1_178' title='bbox 1112 2590 1187 2650; x_wconf 89' lang='lat' dir='ltr'>ante</span> <span class='ocrx_word' id='word_1_179' title='bbox 1203 2583 1270 2650; x_wconf 87' lang='lat' dir='ltr'>litis</span> <span class='ocrx_word' id='word_1_180' title='bbox 1285 2581 1478 2666; x_wconf 85' lang='lat' dir='ltr'>ingressum</span> <span class='ocrx_word' id='word_1_181' title='bbox 1569 2639 1570 2652; x_wconf 44' lang='lat'>2</span> 
     </span>
     <span class='ocr_line' id='line_1_24' title="bbox 344 2685 1570 2780; baseline -0.004 -23"><span class='ocrx_word' id='word_1_182' title='bbox 344 2711 418 2779; x_wconf 89' lang='lat' dir='ltr'>pers</span> <span class='ocrx_word' id='word_1_183' title='bbox 427 2690 606 2780; x_wconf 91' lang='lat' dir='ltr'>poluendis.</span> <span class='ocrx_word' id='word_1_184' title='bbox 620 2691 659 2758; x_wconf 92' lang='lat' dir='ltr'>In</span> <span class='ocrx_word' id='word_1_185' title='bbox 671 2691 764 2758; x_wconf 88' lang='lat' dir='ltr'>ouius</span> <span class='ocrx_word' id='word_1_186' title='bbox 775 2691 820 2757; x_wconf 88' lang='lat' dir='ltr'>rei</span> <span class='ocrx_word' id='word_1_187' title='bbox 832 2689 1016 2757; x_wconf 89' lang='lat' dir='ltr'>firmitatem</span> <span class='ocrx_word' id='word_1_188' title='bbox 1032 2688 1111 2756; x_wconf 91' lang='lat' dir='ltr'>dioti</span> <span class='ocrx_word' id='word_1_189' title='bbox 1121 2689 1244 2776; x_wconf 81' lang='lat' dir='ltr'>arbitry</span> <span class='ocrx_word' id='word_1_190' title='bbox 1258 2687 1322 2754; x_wconf 89' lang='lat' dir='ltr'>hoo</span> <span class='ocrx_word' id='word_1_191' title='bbox 1330 2685 1481 2772; x_wconf 84' lang='lat' dir='ltr'>ligamen</span> <span class='ocrx_word' id='word_1_192' title='bbox 1569 2765 1570 2770; x_wconf 5' lang='grc' dir='ltr'>ἵ</span> 
     </span>
     <span class='ocr_line' id='line_1_25' title="bbox 341 2794 1480 2889; baseline -0.005 -22"><span class='ocrx_word' id='word_1_193' title='bbox 341 2799 411 2868; x_wconf 84' lang='lat' dir='ltr'>fieri</span> <span class='ocrx_word' id='word_1_194' title='bbox 427 2799 468 2869; x_wconf 91' lang='lat' dir='ltr'>de</span> <span class='ocrx_word' id='word_1_195' title='bbox 484 2795 692 2889; x_wconf 77' lang='lat' dir='ltr'>(euenerunt).</span> <span class='ocrx_word' id='word_1_196' title='bbox 710 2798 832 2864; x_wconf 89' lang='lat' dir='ltr'>Datum</span> <span class='ocrx_word' id='word_1_197' title='bbox 848 2795 931 2864; x_wconf 84' lang='lat' dir='ltr'>feria</span> <span class='ocrx_word' id='word_1_198' title='bbox 946 2795 1046 2864; x_wconf 89' lang='lat' dir='ltr'>tereia</span> <span class='ocrx_word' id='word_1_199' title='bbox 1061 2801 1137 2882; x_wconf 88' lang='lat' dir='ltr'>post</span> <span class='ocrx_word' id='word_1_200' title='bbox 1153 2794 1335 2880; x_wconf 87' lang='lat' dir='ltr'>quindenas</span> <span class='ocrx_word' id='word_1_201' title='bbox 1359 2795 1480 2862; x_wconf 89' lang='lat' dir='ltr'>Pente·</span> 
     </span>
     <span class='ocr_line' id='line_1_26' title="bbox 339 2901 1117 2978; baseline -0.013 0"><span class='ocrx_word' id='word_1_202' title='bbox 339 2928 398 2978; x_wconf 88' lang='lat' dir='ltr'>eos</span> <span class='ocrx_word' id='word_1_203' title='bbox 408 2914 457 2978; x_wconf 87' lang='lat' dir='ltr'>tes</span> <span class='ocrx_word' id='word_1_204' title='bbox 472 2928 559 2978; x_wconf 88' lang='lat' dir='ltr'>anno</span> <span class='ocrx_word' id='word_1_205' title='bbox 574 2906 705 2977; x_wconf 91' lang='lat' dir='ltr'>Domini</span> <span class='ocrx_word' id='word_1_206' title='bbox 721 2901 952 2972; x_wconf 79' lang='lat' dir='ltr'>M⁰OO⁰LXX⁰</span> <span class='ocrx_word' id='word_1_207' title='bbox 967 2902 1117 2972; x_wconf 88' lang='lat' dir='ltr'>seeundo.</span> 
     </span>
    </p>
   </div>
   <div class='ocr_carea' id='block_1_4' title="bbox 391 3097 1429 3171">
    <p class='ocr_par' dir='ltr' id='par_1_4' title="bbox 391 3097 1429 3171">
     <span class='ocr_line' id='line_1_27' title="bbox 391 3097 1429 3171; baseline -0.011 -11"><span class='ocrx_word' id='word_1_208' title='bbox 391 3107 444 3171; x_wconf 76' lang='lat' dir='ltr'>(Aa</span> <span class='ocrx_word' id='word_1_209' title='bbox 464 3107 569 3160; x_wconf 84' lang='lat' dir='ltr'>eradeti</span> <span class='ocrx_word' id='word_1_210' title='bbox 586 3106 658 3158; x_wconf 81' lang='lat' dir='ltr'>utta</span> <span class='ocrx_word' id='word_1_211' title='bbox 675 3106 774 3157; x_wconf 83' lang='lat' dir='ltr'>Knanz</span> <span class='ocrx_word' id='word_1_212' title='bbox 794 3101 918 3164; x_wconf 81' lang='lat' dir='ltr'>Ntndor‚</span> <span class='ocrx_word' id='word_1_213' title='bbox 937 3101 1058 3166; x_wconf 83' lang='lat' dir='ltr'>Msgyar</span> <span class='ocrx_word' id='word_1_214' title='bbox 1077 3097 1143 3152; x_wconf 78' lang='lat' dir='ltr'>Sion</span> <span class='ocrx_word' id='word_1_215' title='bbox 1159 3099 1213 3151; x_wconf 84' lang='lat'>111.</span> <span class='ocrx_word' id='word_1_216' title='bbox 1233 3099 1292 3150; x_wconf 79' lang='lat' dir='ltr'>ket.</span> <span class='ocrx_word' id='word_1_217' title='bbox 1314 3103 1378 3150; x_wconf 78' lang='lat'>218.</span> <span class='ocrx_word' id='word_1_218' title='bbox 1398 3102 1429 3163; x_wconf 91' lang='grc'>1.)</span> 
     </span>
    </p>
   </div>
   <div class='ocr_carea' id='block_1_5' title="bbox 777 3387 1044 3400">
    <p class='ocr_par' dir='ltr' id='par_1_5' title="bbox 777 3387 1044 3400">
     <span class='ocr_line' id='line_1_28' title="bbox 777 3387 1044 3400; baseline -0.015 0"><span class='ocrx_word' id='word_1_219' title='bbox 777 3387 1044 3400; x_wconf 48' lang='grc' dir='ltr'>-υω</span> 
     </span>
    </p>
   </div>
   <div class='ocr_carea' id='block_1_6' title="bbox 885 3813 938 3880">
    <p class='ocr_par' dir='ltr' id='par_1_6' title="bbox 885 3813 938 3880">
     <span class='ocr_line' id='line_1_29' title="bbox 885 3813 938 3880; baseline 0.038 -2"><span class='ocrx_word' id='word_1_220' title='bbox 885 3813 938 3880; x_wconf 73' lang='grc'>68.</span> 
     </span>
    </p>
   </div>
   <div class='ocr_carea' id='block_1_7' title="bbox 344 4007 1510 4096">
    <p class='ocr_par' dir='ltr' id='par_1_7' title="bbox 344 4007 1510 4096">
     <span class='ocr_line' id='line_1_30' title="bbox 344 4007 1510 4096; baseline -0.003 -13"><span class='ocrx_word' id='word_1_221' title='bbox 344 4017 494 4083; x_wconf 74' lang='lat' dir='ltr'>Sedenieo</span> <span class='ocrx_word' id='word_1_222' title='bbox 511 4017 543 4080; x_wconf 68' lang='lat' dir='ltr'>da</span> <span class='ocrx_word' id='word_1_223' title='bbox 564 4011 654 4078; x_wconf 78' lang='lat' dir='ltr'>Trea</span> <span class='ocrx_word' id='word_1_224' title='bbox 678 4013 879 4078; x_wconf 79' lang='lat' dir='ltr'>odroeolruolo</span> <span class='ocrx_word' id='word_1_225' title='bbox 912 4011 1113 4096; x_wconf 72' lang='lat' dir='ltr'>oqyozkeddoe</span> <span class='ocrx_word' id='word_1_226' title='bbox 1147 4010 1273 4075; x_wconf 73' lang='lat' dir='ltr'>Cottiae</span> <span class='ocrx_word' id='word_1_227' title='bbox 1306 4011 1338 4073; x_wconf 73' lang='lat' dir='ltr'>ds</span> <span class='ocrx_word' id='word_1_228' title='bbox 1371 4007 1510 4080; x_wconf 76' lang='lat' dir='ltr'>Gliaaa</span> 
     </span>
    </p>
   </div>
   <div class='ocr_carea' id='block_1_8' title="bbox 348 4117 1517 4292">
    <p class='ocr_par' dir='ltr' id='par_1_8' title="bbox 348 4117 1517 4292">
     <span class='ocr_line' id='line_1_31' title="bbox 348 4117 1517 4208; baseline -0.013 -18"><span class='ocrx_word' id='word_1_229' title='bbox 348 4125 484 4190; x_wconf 77' lang='lat' dir='ltr'>odroaolt</span> <span class='ocrx_word' id='word_1_230' title='bbox 499 4119 690 4207; x_wconf 69' lang='lat' dir='ltr'>kdzsdpet&#39;vol</span> <span class='ocrx_word' id='word_1_231' title='bbox 706 4142 725 4182; x_wconf 89' lang='lat' dir='ltr'>o</span> <span class='ocrx_word' id='word_1_232' title='bbox 733 4119 1009 4206; x_wconf 69' lang='lat' dir='ltr'>Jopaaolpa‘ltato&#39;s</span> <span class='ocrx_word' id='word_1_233' title='bbox 1025 4117 1319 4204; x_wconf 77' lang='lat' dir='ltr'>oiezoooaadpdnak</span> <span class='ocrx_word' id='word_1_234' title='bbox 1352 4121 1517 4208; x_wconf 64' lang='lat' dir='ltr'>tdryyd.</span> 
     </span>
     <span class='ocr_line' id='line_1_32' title="bbox 819 4225 1014 4292; baseline -0.031 1"><span class='ocrx_word' id='word_1_235' title='bbox 819 4227 891 4292; x_wconf 83' lang='lat' dir='ltr'>boo.</span> <span class='ocrx_word' id='word_1_236' title='bbox 916 4225 1014 4292; x_wconf 79' lang='lat'><strong><em>1272.</em></strong></span> 
     </span>
    </p>
   </div>
   <div class='ocr_carea' id='block_1_9' title="bbox 347 4406 1535 4616">
    <p class='ocr_par' dir='ltr' id='par_1_9' title="bbox 347 4406 1535 4616">
     <span class='ocr_line' id='line_1_33' title="bbox 457 4406 1527 4516; baseline -0.011 -24"><span class='ocrx_word' id='word_1_237' title='bbox 457 4423 647 4493; x_wconf 80' lang='lat' dir='ltr'>MOOLXII.</span> <span class='ocrx_word' id='word_1_238' title='bbox 679 4423 732 4492; x_wconf 90' lang='lat' dir='ltr'>die</span> <span class='ocrx_word' id='word_1_239' title='bbox 763 4422 836 4489; x_wconf 87' lang='lat' dir='ltr'><strong>VII.</strong></span> <span class='ocrx_word' id='word_1_240' title='bbox 852 4406 1012 4504; x_wconf 77' lang='lat' dir='ltr'>landariJ.</span> <span class='ocrx_word' id='word_1_241' title='bbox 1032 4420 1148 4487; x_wconf 83' lang='lat' dir='ltr'>Comes</span> <span class='ocrx_word' id='word_1_242' title='bbox 1165 4416 1328 4504; x_wconf 89' lang='lat' dir='ltr'>Stepioius</span> <span class='ocrx_word' id='word_1_243' title='bbox 1346 4415 1390 4486; x_wconf 88' lang='lat' dir='ltr'>de</span> <span class='ocrx_word' id='word_1_244' title='bbox 1409 4420 1527 4516; x_wconf 70' lang='lat' dir='ltr'>Cep.</span> 
     </span>
     <span class='ocr_line' id='line_1_34' title="bbox 347 4523 1535 4616; baseline -0.003 -19"><span class='ocrx_word' id='word_1_245' title='bbox 347 4531 419 4599; x_wconf 89' lang='lat' dir='ltr'>tina</span> <span class='ocrx_word' id='word_1_246' title='bbox 435 4537 468 4600; x_wconf 89' lang='lat' dir='ltr'>et</span> <span class='ocrx_word' id='word_1_247' title='bbox 484 4533 534 4598; x_wconf 91' lang='lat' dir='ltr'>sui</span> <span class='ocrx_word' id='word_1_248' title='bbox 551 4529 787 4616; x_wconf 81' lang='lat' dir='ltr'>oonsanguinei</span> <span class='ocrx_word' id='word_1_249' title='bbox 802 4527 966 4612; x_wconf 88' lang='lat' dir='ltr'>Vuloepta</span> <span class='ocrx_word' id='word_1_250' title='bbox 982 4527 1067 4594; x_wconf 87' lang='lat' dir='ltr'>filius</span> <span class='ocrx_word' id='word_1_251' title='bbox 1082 4523 1277 4610; x_wconf 85' lang='lat' dir='ltr'>Prouislaui,</span> <span class='ocrx_word' id='word_1_252' title='bbox 1303 4529 1336 4592; x_wconf 90' lang='lat' dir='ltr'>et</span> <span class='ocrx_word' id='word_1_253' title='bbox 1351 4525 1535 4607; x_wconf 69' lang='lat' dir='ltr'>Predis.</span> 
     </span>
    </p>
   </div>
   <div class='ocr_carea' id='block_1_10' title="bbox 0 0 1607 5146">
    <p class='ocr_par' dir='ltr' id='par_1_10' title="bbox 0 0 1607 5146">
     <span class='ocr_line' id='line_1_35' title="bbox 0 0 1607 5146; baseline 0 0"><span class='ocrx_word' id='word_1_254' title='bbox 0 0 1607 5146; x_wconf 95' lang='lat' dir='ltr'> </span> 
     </span>
    </p>
   </div>
  </div>
 </body>
</html>
