3148 5164
844 947 920 1016 463.

320 1149 475 1216 Atridas·
498 1146 726 1236 kdptalannak
747 1147 902 1232 jelcntc'sc
935 1146 997 1210 ΙΙΙ.
1023 1145 1135 1210 Endra
1157 1146 1335 1230 kirdlyiroz,
1367 1147 1458 1230 hopy

408 1256 539 1322 Sciador
563 1277 661 1320 comes
677 1253 791 1318 Marcel
809 1252 990 1337 incipeepben
1005 1252 1235 1318 atatrrdltatott.
1257 1255 1358 1318 1295.

428 1449 611 1536 Capitulum
629 1445 790 1514 Bodcnsis
808 1445 952 1513 Ecclesia
968 1443 1116 1512 omnibns
1142 1445 1263 1513 Christi
1294 1447 1451 1513 fidelibus

310 1557 525 1646 presentibus
541 1556 661 1642 pariter
678 1562 709 1620 et
726 1553 841 1621 tuturis
869 1551 1073 1636 presencium
1100 1551 1251 1620 noticiam
1286 1554 1450 1624 habituris

313 1669 454 1736 salutem
487 1665 519 1730 in
552 1663 695 1732 omnium
726 1662 901 1730 saluatore.
935 1659 985 1727 Ad
1026 1659 1250 1727 uniuersorum
1294 1662 1451 1729 noticiam

311 1775 426 1840 irarum
447 1772 530 1838 serie
548 1772 696 1838 volumus
713 1768 893 1854 peruenire,
918 1766 1005 1851 quod
1030 1765 1147 1833 Comes
1178 1765 1327 1835 Andreas
1359 1768 1448 1836 filius

315 1879 463 1964 Adryani
493 1877 534 1944 de
571 1876 726 1962 Sedthwy
758 1875 798 1942 ds
830 1893 949 1958 genera
983 1873 1098 1941 Chaak
1115 1893 1179 1941 vna
1195 1893 1268 1940 cum
1284 1873 1364 1960 filijs
1380 1877 1452 1943 suis

316 1989 412 2054 Petro
429 1993 460 2054 et
476 1985 625 2053 Johannc
651 1981 825 2051 nominatis
857 1982 900 2050 ad
934 1989 1079 2048 nostram
1111 2000 1266 2066 persona·
1282 1981 1356 2048 liter
1388 2003 1449 2050 aco

308 2094 396 2160 «dens
428 2091 629 2178 presenciam
675 2087 823 2158 exhibuit
868 2089 961 2156 nobis
1007 2086 1133 2154 litteras
1173 2087 1452 2156 Excellentissimi

313 2198 476 2284 Principis
509 2198 636 2266 Andree
654 2196 713 2262 Dei
735 2198 847 2280 gracia
878 2195 1017 2262 illustris
1045 2195 1143 2278 Regis
1174 2195 1341 2278 Hongaric
1357 2196 1446 2281 (tgy)

309 2309 401 2374 irnnc
419 2313 561 2373 tenorem
579 2305 800 2370 continentes:

423 2409 570 2476 Andrcas
585 2411 648 2478 Dei
663 2412 776 2494 gracia
791 2411 860 2476 Rex
878 2409 1043 2493 Hungarie
1059 2411 1119 2477 stb.
1142 2409 1362 2494 (ktvetkezik
1388 2415 1450 2480 ΠΙ.

316 2517 424 2586 Endrc
441 2515 620 2606 kirtlynak
636 2517 807 2602 reudelete,
827 2517 906 2584 mint
922 2517 1052 2586 fcntcbb
1069 2519 1148 2587 458.
1164 2537 1208 2585 sz.
1227 2523 1275 2604 a.)

427 2625 507 2692 Cum
523 2626 621 2711 igitur
635 2645 694 2692 nos
721 2626 812 2691 iuxta-
843 2631 1029 2710 preceptum
1061 2625 1182 2692 domini
1213 2625 1318 2693 nostri
1350 2627 1447 2711 Regis

316 2753 381 2802 rna
412 2752 484 2799 cum
517 2732 662 2818 predicto
692 2731 874 2798 Laurencio
892 2731 958 2798 filio
975 2731 1084 2798 Bcnch
1101 2732 1230 2798 homine
1247 2753 1309 2800 suo
1325 2732 1442 2800 diacre

316 2848 383 2908 tum
400 2839 504 2907 virum
532 2839 720 2924 Magistrum
753 2838 912 2905 'rhomam
944 2839 1196 2930 concanonicum
1226 2845 1375 2908 nostrum
1406 2841 1450 2906 ad
1559 2847 1560 2850 ’

317 2949 469 3035 predicta
500 2949 570 3014 ciue
603 2945 757 3012 mandata
788 2945 929 3013 fideliter
960 2947 1153 3029 exequenda
1184 2947 1444 3031 protestimonio

316 3053 617 3139 transmisissemus,
635 3059 666 3120 et
683 3049 767 3118 idem
784 3050 905 3118 domini
936 3053 1035 3136 Regis
1068 3054 1163 3119 lrcmo
1182 3074 1221 3119 ac
1252 3054 1361 3138 ipsum
1393 3075 1434 3120 nc
1558 3105 1559 3118 ,

318 3170 419 3231 strum
453 3158 672 3228 testimonium
704 3177 841 3226 rnacrun
876 3158 1020 3246 predicto
1052 3157 1176 3228 Oomite
1214 3159 1348 3228 Andrea
1380 3161 1443 3229 filio
1558 3171 1559 3185 *

318 3269 465 3362 Ariryani
487 3273 519 3332 ct
535 3265 603 3333 suis
619 3265 695 3355 filijs
711 3265 754 3330 ad
774 3285 831 3331 nos
866 3267 988 3332 reuersi
1020 3265 1225 3351 extitisscut3
1249 3269 1343 3336 nobis
1376 3288 1445 3334 con·

319 3395 401 3444 sona
431 3393 511 3442 voce
527 3374 704 3442 retulerunt
721 3397 729 3437 :
745 3373 834 3455 quod
851 3373 913 3458 ipsi
938 3375 973 3439 in
989 3373 1111 3460 prefixo
1128 3375 1263 3441 termino
1278 3375 1446 3445 uniuersos
1557 3401 1558 3432 ι

318 3483 441 3552 vicinos
460 3487 491 3547 ct
508 3485 745 3547 commetancos
761 3499 801 3546 ac
817 3499 927 3546 omnes
960 3482 1260 3567 compronincialcs,
1293 3503 1353 3550 noc
1385 3505 1444 3548 non

314 3588 453 3676 populos
485 3585 590 3653 Casiri
621 3587 721 3654 Bekis
753 3585 956 3671 supradictos
988 3587 1021 3652 in
1038 3607 1137 3654 vnum
1169 3589 1386 3676 consonando,
1403 3590 1443 3655 ad

315 3695 432 3763 faciem
450 3702 632 3761 memorate
647 3693 865 3780 possessionis
898 3695 1002 3761 Mrrul
1032 3694 1260 3779 accessissent,
1278 3703 1311 3763 ct
1341 3695 1441 3781 ipsam
1556 3745 1557 3752 κ

315 3821 374 3889 per
404 3805 532 3867 veteres
565 3807 667 3868 metas
699 3807 730 3867 et
762 3802 915 3885 antiquas
954 3802 1159 3886 presentibus
1202 3805 1439 3888 commetancis,

313 3909 465 3976 Ohowltn
484 3907 636 3978 videlicet
652 3916 683 3974 et
699 3909 844 3974 Emerico
861 3908 918 3993 filij
936 3905 1021 3996 (igy)
1049 3907 1145 3994 Vota,
1179 3927 1219 3994 ac
1249 3909 1351 3978 Pethe
1380 3910 1439 3976 tilio

186 4019 189 4026 '
314 4015 488 4100 Theodori,
521 4012 749 4098 jobagiouibns
781 4013 885 4082 castri
914 4014 1022 4102 Bekis,
1049 4014 1223 4082 Benedicto
1239 4015 1306 4083 tilio
1322 4018 1437 4100 Araus,
1555 4083 1556 4098 ,

314 4121 471 4190 Michaelc
487 4119 529 4187 de
545 4121 682 4208 thrna,
714 4121 880 4208 Stephano
911 4122 980 4188 filio
1011 4121 1108 4208 Beoh,
1142 4121 1292 4190 Erenske
1324 4123 1436 4190 Thome

315 4227 451 4294 Maioris
485 4227 599 4313 Castri,
630 4229 778 4296 Johanne
803 4228 952 4294 similiter
967 4228 1089 4295 Maiore
1106 4229 1224 4314 Casiri,
1240 4230 1384 4298 Emerico
1401 4227 1437 4293 de

316 4335 470 4420 Chathar,
487 4341 520 4400 ct
536 4335 700 4402 Mauricio
724 4335 790 4402 filio
819 4335 909 4400 Mikc
940 4335 1020 4402 inibi
1052 4336 1270 4404 existentibus
1301 4337 1439 4404 reambu·

315 4442 449 4508 lassent.
482 4439 581 4508 Ocius
599 4447 755 4508 metarum
772 4463 885 4510 cursus
902 4443 953 4508 hic
969 4443 1084 4532 incipit
1102 4464 1141 4513 ex
1156 4455 1253 4530 parte
1269 4450 1349 4511 terre
1365 4443 1436 4510 Gur

305 4554 428 4614 ¹uocate
459 4549 565 4632 ipsam
598 4549 830 4636 possessionem
847 4549 953 4618 Mrrul
969 4557 1101 4636 separat
1118 4549 1283 4636 quoddam
1301 4559 1435 4638 pratum
1553 4599 1554 4654 3
