3148 5164
697 1186 774 1253 est.

166 1439 301 1506 Abcicsi
331 1441 558 1526 suspectuosae
589 1441 869 1527 bizooyssipleoele,
902 1441 986 1529 kopp
1007 1443 1122 1508 Tamus
1140 1452 1249 1508 mester
1266 1445 1308 1510 c'e·

157 1547 211 1628 fia
247 1549 312 1612 Po'l
342 1547 428 1611 Zoch
457 1555 536 1612 nevit
569 1548 834 1612 orokttrtoleukuc
866 1549 994 1614 eladta‘lc
1026 1549 1130 1614 Jaaos
1172 1561 1295 1630 mester,

537 1654 813 1739 Eynnselfidcok.
838 1654 933 1720 1297.

275 1901 462 1986 Capitulum
478 1901 622 1969 Ecclesic
639 1903 842 1987 Bachycnsis
859 1901 1007 1968 omnibus
1039 1902 1161 1970 Christi
1194 1903 1298 1970 fideli-

166 2009 226 2075 bus
258 2014 425 2091 presentes
456 2007 584 2074 litteras
616 2008 811 2093 inspecturis
827 2009 966 2076 salutem
983 2010 1017 2074 in
1033 2010 1174 2076 omniurn
1193 2012 1298 2077 salua·

164 2123 246 2181 tore.
278 2114 329 2180 Ad
346 2113 566 2180 uniuersorum
583 2115 735 2182 noticiam
752 2115 868 2184 harum
900 2117 984 2183 serie
1018 2116 1164 2185 volumus
1185 2136 1298 2202 perue-

167 2220 249 2306 nire,
280 2221 561 2306 quodccnstituty
587 2242 697 2290 coram
724 2223 818 2290 nobis
850 2225 1007 2310 Magister
1037 2226 1179 2292 Thomas
1210 2225 1299 2292 filius

165 2328 264 2412 Petri,
278 2333 311 2393 et
326 2325 448 2393 Paulus
465 2326 549 2396 lilius
566 2328 708 2396 eiusdem
726 2351 768 2397 ex
786 2350 850 2396 una
869 2339 977 2415 parte;
1003 2331 1160 2414 Magister
1177 2329 1297 2395 Jchan·

166 2453 224 2502 nes
240 2433 324 2499 filius
346 2431 480 2499 Comitis
497 2433 643 2520 Eynardi
659 2435 702 2501 ab
718 2438 842 2520 altera;
868 2437 968 2522 ijdem
984 2438 1125 2504 Thomas
1153 2445 1185 2502 et
1214 2436 1297 2502 Pau·

168 2541 219 2608 lus
235 2539 398 2625 prenotati
415 2541 574 2621 quasdam
592 2543 819 2625 possessiones
851 2564 929 2612 suas
961 2543 1178 2610 hereditarias
1210 2542 1297 2608 chh

167 2653 305 2714 vocatas
321 2647 354 2711 in
371 2645 532 2714 Oomitato
549 2648 590 2715 de
607 2649 743 2718 Volkow
758 2651 946 2732 existentes,
962 2671 984 2715 a
999 2655 1092 2735 parte
1104 2649 1297 2718 occidentali

166 2773 206 2822 ac
221 2774 243 2820 a
259 2759 352 2838 parte
367 2754 621 2837 septemtrionali
637 2757 787 2839 Magistri
806 2758 929 2844 Vgryni
945 2758 1004 2842 filij
1023 2759 1117 2841 Pous,
1150 2777 1171 2822 a
1203 2762 1297 2838 parte

168 2859 372 2928 meridionali
389 2860 523 2928 Comitis
538 2860 697 2947 Stephani
714 2863 755 2930 de
771 2861 871 2948 Gara,
892 2870 924 2929 et
939 2861 1038 2943 Blesij
1057 2862 1115 2947 filij
1134 2863 1293 2945 Mauricij,

165 2973 297 3052 aparte
313 2965 462 3032 orientali
478 2966 616 3034 Abbatis
633 2969 778 3036 Ecclesie
792 2970 914 3037 Sancte
945 2969 1058 3037 Crucis
1091 2968 1131 3035 de
1161 2967 1307 3036 Franks

166 3073 254 3144 Uilla
278 3072 550 3158 possessionibus,
581 3082 675 3158 prout
700 3077 800 3160 ijdem
831 3077 1021 3161 retulerunt,
1054 3075 1224 3159 contiguas
1256 3095 1308 3144 cc·

164 3181 301 3264 vicinas,
327 3199 400 3247 cunr
418 3179 518 3248 fundo
533 3181 671 3250 duarum
688 3172 840 3252 villarum
859 3183 971 3267 Graga
987 3191 1020 3251 et
1035 3181 1182 3252 Waradh
1197 3203 1291 3251 voca·

166 3295 284 3372 tarum,
316 3289 414 3354 simul
432 3309 505 3358 cum
521 3289 671 3358 omnibus
687 3291 883 3360 utilitatibus
915 3299 948 3358 et
975 3291 1183 3378 pertinencijs
1215 3292 1308 3377 suis‚.

164 3397 226 3464 sub
243 3394 367 3464 eisdem
383 3397 477 3464 metis
495 3403 527 3463 et
542 3397 701 3484 terminis,
727 3401 844 3483 quibus
860 3399 923 3486 ipsi
939 3407 971 3467 et
986 3400 1211 3486 progenitores
1243 3408 1295 3474 sui

165 3503 297 3570 easdem
313 3503 536 3588 possederunt,
569 3507 714 3591 predicto
730 3509 888 3592 Magistro
904 3507 1048 3575 lohanni
1066 3513 1204 3590 cognom
1235 3526 1299 3572 suo

165 3611 206 3678 ob
222 3607 434 3677 dileooicnem
449 3613 667 3695 proximitatis
683 3633 723 3680 ac
739 3615 954 3698 cognacionis
971 3614 1131 3683 dederunt
1147 3634 1186 3680 ac
1196 3611 1307 3680 douo·

164 3724 240 3784 runt
255 3736 364 3784 coram
380 3717 474 3786 nobis
491 3719 561 3786 iure
578 3729 736 3804 perpetuo
752 3721 888 3788 infilius
905 3721 1044 3789 tiliorum
1063 3719 1302 3806 possidendas..

164 3824 289 3892 anullo
305 3841 448 3906 unquam
464 3833 672 3908 cognatorum
691 3829 745 3894 uel
770 3827 1028 3914 propinquorum
1059 3847 1190 3896 sucrum
1223 3845 1293 3911 pro

164 3950 259 3999 cessn
274 3937 453 4016 temporum
471 3931 692 4016 requirendas.
733 3934 776 4001 Vt
806 3935 906 4018 igitur
938 3933 1122 4002 huiusmodi
1154 3933 1294 4002 donacio

159 4037 263 4106 'robur
279 4043 435 4121 perpetue
451 4037 612 4106 firmitatis
627 4038 731 4126 possit
746 4043 903 4128 obtinere,
936 4039 979 4109 ad
995 4039 1190 4127 peticionem
1221 4060 1303 4124 parm

165 4147 249 4214 oium
265 4153 435 4229 presentes
450 4143 577 4214 litteras
593 4155 723 4216 nostras
739 4148 960 4218 concessimus
978 4150 1082 4218 nostri
1096 4149 1199 4234 sigilli
1229 4147 1305 4234 pri·-

165 4250 332 4338 uilegialis
349 4250 525 4320 munimine
541 4253 723 4342 roboratas,
739 4261 773 4322 et
789 4253 966 4342 alphabeto
976 4255 1156 4326 intercisas.
1173 4256 1294 4324 Dolum

164 4379 250 4428 anno
266 4355 398 4425 Domini
413 4357 533 4426 M⁰00⁰
547 4361 758 4446 nonagesimo
773 4364 923 4449 septimo.
943 4362 1103 4448 Dyonisio
1113 4363 1294 4452 Proposito,

165 4464 347 4534 laurencio
371 4465 515 4552 Decano,
545 4466 670 4535 Jacobs
701 4469 851 4553 cantore,
881 4469 1076 4538 Sebastiano
1106 4471 1299 4556 Baehiensi,

163 4571 268 4642 Paulo
282 4571 483 4658 Syrimieusi
514 4573 666 4642 iohanne
696 4575 896 4662 Sykediensi
931 4575 1211 4665 Archydiaccnis3
1234 4579 1303 4646 nt.
