3168 5150
352 1141 385 1216 V.
403 1148 513 1214 Istocine
527 1141 637 1234 klruily
652 1147 839 1234 mepcrosttt
855 1145 874 1210 l
881 1145 914 1214 V.
932 1145 1016 1212 Be'la
1031 1139 1211 1230 kirnlpuulc
1237 1141 1371 1232 Voyszlo'
1392 1145 1478 1234 lady·
1581 1175 1582 1180 ¹

346 1259 398 1345 sep
413 1258 626 1343 meeszeatset
643 1257 798 1342 torpyoeo
814 1255 987 1341 okmduycit
1001 1278 1023 1318 a
1038 1251 1231 1341 ayulezipeli
1247 1257 1477 1342 apciozezcirda

763 1368 924 1429 eadmero.
952 1361 1050 1429 1270.

452 1558 551 1649 (Nlos
567 1559 722 1628 Nicotaus
739 1559 779 1627 de
796 1557 884 1626 Gara
898 1557 1006 1643 Regni
1035 1555 1205 1644 Hungarie
1237 1558 1408 1628 Palatinus
1440 1567 1474 1626 et
1581 1625 1582 1628 ,

347 1667 452 1738 Judex
469 1667 681 1736 comanorum
699 1667 759 1734 stb.
775 1666 860 1752 quod
877 1665 909 1732 in
926 1665 1192 1751 Congregeoione
1218 1667 1375 1734 Generali
1409 1669 1475 1734 lla·

343 1776 453 1862 gnifioi
470 1775 593 1844 domini
609 1773 737 1842 Nicolai
753 1775 839 1841 Kont
854 1774 941 1860 olym
958 1774 1107 1840 similitor
1131 1772 1211 1840 dicti
1243 1774 1349 1858 Regni
1384 1775 1473 1841 Hun·
1581 1775 1582 1778 ’

344 1883 437 1968 garie
453 1881 594 1952 Palatini
612 1882 824 1950 Vniuersitati
842 1883 1005 1951 Nobilium
1032 1881 1212 1949 Comitatus
1245 1882 1286 1952 de
1318 1883 1475 1971 Barenya

345 1991 596 2078 seriaseounula,
624 1989 824 2058 videlieetin
856 1990 940 2058 festo
973 1991 1068 2058 Beati
1100 1988 1222 2057 llathei
1253 1991 1406 2076 Apostoli
1439 1997 1474 2057 et
1581 2075 1582 2078 Ἴ

343 2098 563 2184 Euangeliste
579 2118 664 2164 anno
695 2098 828 2164 Domini
859 2097 1005 2164 M⁰GCG⁰
1036 2096 1280 2182 septuagesimo
1313 2098 1474 2184 preterita
1581 2121 1582 2126 ¹

342 2225 444 2294 prope
460 2207 571 2273 villam
588 2203 732 2290 Nogsalu
748 2225 805 2292 per
821 2206 926 2291 ipsum
943 2205 1117 2290 celebrata,
1134 2204 1278 2272 lacobus
1303 2205 1389 2273 filius
1414 2207 1475 2274 Ni·
1581 2289 1582 2292 Ἴ

343 2315 429 2382 colai
445 2313 487 2380 de
503 2315 648 2399 Nompty
672 2312 734 2380 stb.
764 2313 930 2400 proposuit
962 2313 1024 2380 isto
1056 2312 1172 2398 modo;
1197 2311 1284 2398 quod
1315 2313 1476 2400 religiose
1581 2357 1582 2364 ι

342 2421 472 2489 domine
489 2420 752 2488 sanctimoniales
769 2421 906 2487 claustri
925 2421 1026 2489 Beate
1043 2421 1192 2508 Virginis
1208 2418 1251 2488 de
1271 2419 1384 2490 Insula
1410 2423 1475 2490 Lc-
1581 2447 1582 2450 ¹

340 2551 452 2616 porum
470 2527 631 2615 quandem
648 2529 884 2615 possessionem
902 2550 992 2599 snam
1008 2529 1133 2616 Vayzlo
1165 2537 1316 2598 vocatam
1347 2529 1382 2596 in
1413 2533 1475 2600 Di·
1581 2591 1582 2598 ,

342 2639 457 2708 striotu
473 2639 659 2708 Ormaulruz
676 2639 709 2705 in
726 2637 811 2706 dicto
828 2639 989 2707 Comitatu
1006 2637 1199 2706 existentem
1217 2637 1322 2726 ipsum
1339 2637 1476 2725 dejure
1581 2647 1582 2656 ’

341 2747 578 2833 contingentem
596 2747 787 2834 oooupatiue
803 2747 985 2816 detinerent
999 2749 1061 2816 stb.
1077 2747 1150 2830 Quo
1161 2755 1316 2834 percepto
1327 2747 1472 2832 Stepha-

288 2929 290 2934 ,
342 2873 402 2922 nus
418 2853 503 2922 filius
519 2854 668 2922 Ladislai
684 2853 939 2922 amministretur
956 2859 1170 2940 prouentuum
1186 2853 1340 2921 villarum
1366 2852 1475 2923 dicta-

338 2983 409 3031 rum
425 2963 629 3030 dominarum
646 2981 754 3030 eoram
771 2961 842 3048 ipso
858 2959 988 3030 domino
1004 2961 1141 3030 Nicoluo
1156 2961 1308 3030 Palatino
1339 2981 1475 3050 compa·

338 3069 439 3138 renuo
456 3071 489 3136 in
507 3069 657 3156 personis
676 3069 849 3137 earundem
866 3069 1089 3157 respondisset
1120 3090 1160 3137 ex
1193 3068 1345 3156 aduerso,
1377 3071 1473 3156 quod

337 3177 514 3264 prescripto
531 3176 658 3245 domine
674 3177 707 3244 in
724 3177 811 3247 laeto
828 3185 983 3247 annotate
999 3178 1213 3266 possessionis
1239 3177 1364 3265 Vayzlo
1399 3179 1476 3247 efli-

337 3285 427 3353 cacia
442 3283 598 3354 heberent
614 3286 831 3355 instrumenta
847 3288 911 3355 stb.
927 3285 1059 3374 (Ennek
1075 3287 1200 3376 folyttn
1215 3285 1327 3355 Kontlr
1343 3285 1474 3356 Miklos

337 3392 442 3461 nidor
458 3397 524 3479 ugy
541 3393 675 3481 itelven)
692 3401 727 3461 nt
743 3393 923 3482 prescripto
939 3392 1068 3461 domine
1084 3392 1175 3462 dicta
1185 3395 1342 3462 littoralia
1354 3413 1475 3464 earnm

338 3501 537 3570 munimento
553 3501 585 3567 in
602 3501 728 3571 uetanis
744 3501 819 3570 sesti
849 3503 962 3571 Sancti
992 3500 1124 3572 Martini
1156 3502 1357 3574 confessoris
1388 3509 1476 3573 tunc

337 3609 501 3680 effecturis
516 3610 550 3678 in
567 3609 664 3678 Curia
680 3609 785 3698 Regia
799 3610 849 3680 sui
865 3612 899 3678 in
916 3612 1088 3698 presencia
1104 3610 1259 3680 exhibere
1275 3617 1476 3681 tenerentur

336 3713 469 3807 stb.'(az
486 3719 620 3807 ugynek
637 3719 801 3789 tlibbsztiri
817 3721 1058 3806 elnapoltatrisa
1076 3723 1165 3807 utin,
1199 3721 1301 3806 uegre
1333 3717 1386 3808 aa)
1419 3719 1474 3788 ad

335 3841 505 3917 presentes
523 3835 657 3896 octenas
674 3827 746 3896 festi
763 3829 857 3924 Beati
874 3829 1006 3916 Georgij
1025 3828 1167 3898 martiris
1184 3826 1376 3897 deuenissot
1400 3827 1473 3896 stb.

334 3936 479 4026 prefatus
496 3936 639 4004 lacobus
656 3935 740 4004 filius
757 3936 883 4005 Nicolai
901 3945 1052 4024 presente
1069 3937 1171 4005 fratre
1196 3936 1367 4005 Dominico
1392 3957 1473 4004 am·
1581 3941 1582 3946 ’

333 4044 550 4114 ministratore
567 4051 780 4130 prouentuum
796 4046 1038 4130 possessionum
1063 4045 1208 4132 ipsarum
1236 4045 1475 4130 religiosarum

333 4150 535 4222 dominarum
553 4156 615 4220 stb.
645 4150 806 4239 quasdam
833 4153 980 4239 qrrinque
1010 4153 1138 4222 litteras
1170 4151 1302 4222 omnino
1333 4151 1477 4241 priuile-

331 4261 437 4347 giales
477 4268 622 4330 nostrum
656 4259 867 4347 judiciarium
908 4261 1061 4348 produxit
1093 4261 1126 4328 in
1159 4268 1368 4348 conspectum
1399 4261 1474 4330 stb.

331 4369 403 4448 Quo
420 4374 571 4457 percepto
588 4369 735 4456 prelatus
751 4369 853 4438 frater
868 4367 1057 4438 Dominicns
1074 4369 1137 4436 rtb.
1156 4369 1314 4455 quasdam
1333 4387 1393 4437 sex
1409 4370 1476 4438 lit·

332 4486 419 4545 teras
437 4485 547 4545 nostro
559 4475 723 4566 judicario
740 4477 883 4544 examini
901 4477 1028 4545 curauit
1046 4475 1210 4546 exhibere.
1233 4474 1378 4555 Quarum
1399 4479 1477 4564 pri·
1517 4485 1522 4490 “
1581 4543 1582 4572 2

331 4605 384 4658 ms
399 4585 523 4656 scilieet
539 4585 644 4678 ipsius
660 4585 781 4656 domini
797 4585 874 4658 Bole
889 4585 988 4676 Regis
1005 4586 1067 4658 stb.
1085 4583 1176 4680 (lteri
1196 4585 1334 4684 12o7-ki
1351 4585 1480 4662 olemu-
1581 4611 1582 4650 ι
