3148 5146
825 303 985 404 „roo-

339 511 442 573 tutum
459 501 585 570 radices
603 519 642 570 eo
657 498 832 570 fecundius
847 497 989 588 parturit
1004 497 1247 586 incrementum,
1265 515 1329 582 quo
1338 497 1472 566 vberius

338 631 467 680 suorum
484 609 631 678 fidelium
647 612 834 677 remunerat
851 605 1055 676 tumulatum.
1079 605 1165 674 Hinc
1190 613 1250 693 cst,
1284 605 1374 689 quod
1404 605 1477 674 vni·

338 739 506 789 uersurum
532 716 653 786 noticie
685 716 836 784 volumus
866 713 937 783 lieri
967 713 1184 801 manifestum,
1217 715 1307 800 quod
1348 715 1473 784 nobilis

338 828 388 896 vir
403 827 562 912 Magister
577 823 719 892 'ihomas
734 822 821 890 filius
841 821 991 909 Magistri
1018 821 1188 891 Gabrielis
1219 819 1327 890 fidelis
1361 827 1475 890 noster

341 932 385 1003 ad
401 933 520 1000 Nostre
545 931 736 1000 Serenitatis
767 925 913 998 auedeus
943 928 1156 1015 presenciam,
1189 927 1306 1015 petiuit
1336 949 1360 997 a
1375 929 1470 997 nobis

338 1040 504 1110 humiliter
520 1037 745 1126 supplicando,
777 1035 864 1122 quod
895 1055 954 1105 uos
970 1043 1092 1105 terram
1120 1035 1240 1123 Holmy
1271 1041 1425 1104 vocatam
1439 1036 1473 1102 in

340 1146 503 1216 Comitatu
534 1146 577 1214 de
593 1145 739 1234 Vgncha,
773 1143 817 1210 ad
830 1150 975 1212 nostram
1005 1143 1217 1213 collacionem
1244 1143 1475 1232 pertinentem,

339 1261 424 1326 terre
453 1275 512 1323 sue
542 1253 705 1341 Kukynus
737 1257 922 1338 nuncupate
945 1251 1087 1320 vicinam
1104 1257 1138 1319 et
1154 1251 1355 1337 contiguam,
1372 1269 1472 1334 quam

339 1363 445 1432 eidem
475 1362 541 1429 iarn
572 1361 695 1428 dudum
725 1361 902 1428 contulisse
932 1359 1105 1448 noscimur,
1139 1358 1242 1428 nostri
1257 1359 1472 1444 dignaremur

340 1469 505 1558 priuilegij
523 1467 704 1558 patrocinio
720 1469 873 1537 roborare
898 1465 1021 1553 pariter
1036 1473 1070 1536 et
1085 1464 1240 1536 conferre.
1272 1465 1340 1533 Nos
1372 1465 1473 1552 siqui·

343 1576 427 1663 dem,
458 1578 514 1662 qui
546 1597 588 1644 ex
602 1573 700 1660 officij
732 1575 835 1644 nostri
865 1573 974 1642 debito
990 1572 1244 1657 vniuscuinsqne
1259 1571 1475 1644 fidelitatibus

344 1689 491 1751 tenemur
507 1685 628 1752 uotiuis
646 1703 814 1752 occurrere
845 1681 1008 1770 remediis,
1039 1682 1144 1768 ipsius
1174 1678 1324 1766 Magistri
1349 1681 1476 1750 Thome

343 1791 513 1859 meritoria
543 1792 701 1876 obsequia
732 1789 982 1877 innumerasque
1012 1789 1196 1876 fidelitates,
1213 1807 1277 1874 que
1292 1794 1325 1855 et
1340 1809 1424 1874 quas
1439 1790 1474 1857 in

344 1895 485 1967 diuersis
500 1899 605 1984 Regni
620 1900 722 1968 nostri
739 1898 1005 1986 expedicionibus
1022 1917 1043 1964 a
1058 1897 1223 1983 primeuis.
1239 1916 1298 1966 sue
1329 1897 1476 1983 puericie

343 2004 542 2089 temporibus
575 2005 788 2076 laudabiliter
819 2004 977 2093 inpendit,
1007 2007 1042 2074 in
1057 2003 1245 2072 memoriam
1268 2011 1474 2090 reuocantes,

344 2111 580 2197 presertimque
611 2113 755 2181 eiusdem
781 2113 948 2202 miliciam,
979 2132 1076 2198 quam
1106 2119 1216 2181 nostro
1247 2119 1396 2199 tempore
1411 2114 1474 2180 sub

344 2223 452 2285 castro
483 2219 583 2290 Lowu
615 2228 726 2290 contra
756 2221 909 2291 hostilem
942 2220 1040 2306 Regis
1070 2219 1202 2289 Boemie
1232 2225 1372 2288 turmam
1389 2219 1477 2290 facie

346 2325 523 2396 adfaciem
539 2327 725 2396 dimicando
741 2327 981 2417 triumphaliter
991 2327 1147 2417 exercuit,
1164 2329 1250 2395 iusto
1261 2327 1369 2396 cordis
1377 2328 1476 2396 libra-

345 2433 433 2500 mine
448 2442 665 2522 recensentes,
680 2443 716 2503 ut
732 2435 871 2506 eundern
887 2435 929 2506 de
943 2443 1074 2506 sheuuo
1089 2434 1263 2504 reddamus
1279 2435 1387 2520 magis
1397 2442 1478 2505 stre·
1568 2485 1569 2494 κ

346 2557 446 2605 nuum
462 2546 559 2627 atquc
574 2549 768 2631 promptum,
786 2541 923 2627 quod'et
938 2542 996 2628 alij
1014 2542 1075 2610 hoc
1090 2545 1239 2628 pretextu
1254 2540 1298 2608 ad
1307 2539 1479 2612 fidelitatis

347 2664 448 2733 opera
481 2647 658 2720 reddantur
688 2649 925 2736 prompciores;
963 2647 1145 2735 predictam
1176 2653 1295 2718 terram
1326 2657 1477 2719 nostram

346 2753 467 2842 Holmy
483 2763 644 2838 uocatam,
658 2777 732 2826 cum
748 2757 897 2826 omnibus
912 2756 1107 2826 utilitatibus
1123 2762 1155 2824 et
1170 2757 1383 2844 pertinencijs
1399 2759 1481 2845 suis,
1567 2769 1568 2825 t

346 2859 431 2930 sicut
446 2863 604 2931 hactenus
620 2863 706 2933 iusto
721 2863 815 2930 titulo
830 2863 995 2932 mediante
1009 2881 1165 2949 possessa
1175 2863 1294 2950 extitit,
1311 2862 1476 2955 dedimus,

346 2969 551 3057 donauimus,
584 2971 776 3040 contulimus
803 2979 835 3040 et
851 2972 1070 3041 concessimus
1085 2971 1151 3058 ipsi
1165 2970 1322 3057 Magistro
1338 2973 1478 3062 Thome,

347 3096 388 3144 ac
403 3095 462 3162 per
478 3097 552 3144 eum
567 3077 635 3147 suis
650 3079 823 3148 heredibus
838 3079 1057 3164 heredumque
1072 3097 1202 3147 suorum
1229 3081 1482 3152 successoribus

345 3184 417 3251 iure
432 3191 589 3270 perpetuo
604 3185 737 3271 pacifice
752 3184 996 3273 possidendam.
1020 3187 1062 3253 Et
1077 3184 1121 3252 ad
1138 3185 1293 3254 maiorem
1309 3190 1478 3258 cautelam

346 3292 380 3358 in
397 3291 600 3377 corporalem
616 3293 858 3380 possessionem
874 3293 959 3364 dicte
973 3298 1057 3362 terre
1071 3312 1131 3380 per
1145 3293 1272 3379 Nycola
1295 3333 1341 3346 -
1357 3335 1404 3348 -
1436 3297 1482 3366 de

345 3397 482 3482 Vgucha
497 3398 624 3468 fidelem
640 3407 788 3468 nostrum
804 3401 943 3469 fecimus
960 3401 1120 3469 introduci
1145 3401 1388 3471 contradictore
1418 3417 1478 3473 rre-

347 3506 435 3572 mine
451 3513 640 3594 apparente.
664 3509 706 3575 vt
721 3508 820 3592 igitur
835 3508 1022 3577 huiusmodi
1039 3515 1148 3577 nostre
1164 3509 1356 3580 collacionis
1373 3513 1479 3582 series

347 3616 444 3683 robur
460 3621 615 3704 perpetue
630 3618 776 3702 optineat
790 3617 963 3706 firmitatis,
989 3637 1050 3686 nec
1067 3637 1221 3705 processu
1237 3623 1421 3705 temporum
1439 3623 1477 3688 in

345 3721 470 3790 irritum
480 3723 590 3792 saleru
599 3725 756 3805 reuocari,
778 3733 945 3812 presentes
955 3725 1175 3794 concessimus
1183 3724 1311 3793 litteras
1330 3727 1481 3813 duplicis

349 3829 450 3914 sigilli
459 3831 562 3899 nostri
571 3831 749 3899 munimine
759 3834 937 3901 roboratas.
955 3835 1075 3900 Datum
1085 3853 1144 3934 per
1153 3852 1269 3900 manus
1277 3833 1483 3903 venerabilis
1563 3895 1564 3900 ,

344 3937 406 4004 viri
416 3935 565 4022 Magistri
575 3937 743 4006 Benedicti
754 3940 874 4008 Sancte
883 3939 1118 4026 Strigoniensis
1127 3939 1275 4008 Ecclesia
1285 3939 1393 4007 illecti
1402 3941 1485 4010 Per·

344 4045 498 4131 potuique
508 4041 641 4112 comitis
657 4044 721 4112 loci
739 4046 893 4132 eiusdem,
910 4045 1073 4133 Prepositi
1088 4045 1261 4134 Budensis,
1281 4047 1357 4115 aule
1367 4055 1486 4115 nostre

346 4149 636 4238 vicecancellarij,
662 4151 775 4222 dilecti
801 4161 833 4221 et
848 4153 955 4222 fidelis
972 4155 1074 4222 nostri
1105 4173 1191 4222 anno
1206 4153 1339 4221 Domini
1354 4153 1488 4223 hl⁰GG⁰
1562 4167 1563 4183 ¹

343 4255 592 4343 LXX⁰quarto,
601 4260 707 4346 Regni
719 4267 826 4328 autem
837 4263 939 4329 nostri
957 4281 1043 4330 auno
1059 4251 1208 4330 seeundo.
1226 4259 1488 4330 venerabilibus

349 4365 496 4449 patribus
512 4364 678 4454 Stephano
696 4365 866 4438 Colocensi
881 4376 913 4436 et
928 4366 1079 4438 Jobaune
1095 4368 1289 4454 Spalatcusi
1308 4367 1489 4456 Archiepi·
1561 4403 1562 4455 p

344 4471 470 4557 scopis;
493 4473 666 4559 humperto
682 4473 844 4559 Agriensi,
868 4473 994 4543 Briccio
1010 4474 1244 4562 Chenadiensi,
1275 4475 1364 4544 Jaub
1381 4472 1489 4556 Quin·

346 4577 608 4665 queecclesiensi,
632 4579 784 4667 Philippo
814 4581 968 4651 Vaciensi
998 4581 1075 4652 aule
1105 4582 1281 4652 karissime
1312 4585 1488 4654 mosontio
