3068 5150
853 359 1011 457 jus

346 549 501 618 *lancium
534 550 569 616 in
585 552 699 619 eodem
718 552 759 619 ob
776 553 944 638 penuriam
971 549 1180 638 inpulsiuam,
1193 550 1359 634 quandam
1376 559 1475 620 terram

357 658 409 724 sui
427 658 618 746 Monasterij
636 658 669 725 in
686 659 848 726 territorio
866 657 944 725 ville
976 659 1079 742 Pezey
1111 660 1171 726 sub
1204 660 1300 727 metis
1333 659 1475 727 inclusam

357 763 586 849 infrascriptis,
619 785 659 831 ex
676 765 857 831 donatione
889 771 922 831 et
938 765 1116 832 collacione
1133 763 1305 832 salutifera
1321 765 1473 852 predeces-

358 892 468 940 sorum
484 871 634 938 Floriani
650 872 707 956 filij
727 872 824 956 Galli,
841 879 875 937 et
891 871 1026 939 Comitis
1044 869 1176 938 Andree
1193 872 1233 938 de
1265 873 1382 939 cadem
1411 874 1475 939 villu

356 978 472 1065 Pezey,
499 979 541 1046 ad
565 979 670 1062 ipsum
687 979 918 1046 Monosterium
935 977 1132 1060 desolutum,
1148 978 1190 1044 de
1206 979 1380 1062 quacient
1395 979 1470 1061 dixit

357 1086 456 1154 nichil
472 1087 638 1172 hactenus,
655 1095 712 1154 aut
729 1086 889 1154 modicum
911 1085 1159 1154 emolumenturn
1192 1087 1420 1154 Monasterium
1433 1095 1473 1154 est

358 1199 575 1278 consecutum,
602 1191 714 1259 habito
731 1212 802 1260 cum
820 1193 888 1259 suis
904 1192 1069 1278 tratribus,
1091 1199 1159 1259 toto
1175 1191 1300 1259 scilicet
1318 1192 1471 1260 Conueutu

358 1302 409 1366 sui
421 1299 620 1384 lllonasterij‚
637 1300 796 1382 simulque
807 1318 878 1364 cunr
893 1299 1052 1376 Patronis,
1070 1297 1361 1366 Comiteuidelicet
1379 1297 1476 1364 Ghubu

358 1414 390 1472 et
406 1405 499 1472 Bantl
531 1408 607 1491 filijs
638 1406 742 1492 Band,
760 1413 792 1472 et
821 1403 977 1471 Ladiclao
991 1405 1060 1500 ,filio
1087 1403 1183 1488 Petri,
1198 1405 1476 1489 iobagiouibusquc

357 1513 518 1580 uniuersis
535 1513 647 1598 semel,
658 1511 801 1580 secundo
812 1518 844 1580 et
853 1513 952 1579 tercio
963 1517 1104 1578 tractatu
1125 1509 1287 1597 diligenti,
1304 1513 1476 1580 uolentibus

357 1619 516 1706 omnibus,
550 1625 582 1686 et
597 1617 677 1686 utile
693 1638 733 1684 ac
749 1618 950 1686 fructuosum
968 1619 1039 1684 fore
1055 1619 1249 1686 llonaaterio
1266 1619 1474 1686 asserentibus

358 1726 625 1810 concorditerque
641 1725 869 1805 annuentibus,
893 1725 1050 1792 dictorum
1077 1726 1179 1792 eciam
1212 1725 1410 1792 donantium
1437 1725 1476 1808 ip

268 1814 272 1823 ¹
358 1853 428 1900 sam
445 1842 562 1900 terram
580 1833 830 1916 successoribus,
846 1831 932 1898 dicto
948 1831 1100 1898 videlicet
1116 1831 1269 1898 Floriano
1285 1839 1319 1900 et
1334 1832 1476 1898 fratribus

358 1944 437 2024 suis,
454 1939 611 2024 Magistro
628 1938 723 2006 Petro
740 1941 829 2005 socio
857 1947 888 2004 et
904 1939 1121 2006 concanonico
1136 1947 1253 2022 nostro,
1285 1945 1318 2005 et
1332 1939 1475 2005 fratribm

362 2047 520 2132 eiusdem,
551 2045 655 2114 Paulo
688 2047 843 2114 videlicet
873 2055 906 2112 ct
937 2047 1115 2133 Stephano,
1157 2047 1331 2132 nepotibus
1361 2047 1478 2112 Andree

360 2153 495 2222 Comitis
512 2153 685 2238 prenotati,
707 2151 989 2220 consencientibus
1014 2171 1053 2218 ac
1079 2152 1252 2238 solentibs,
1286 2155 1479 2236 quemadme

360 2261 435 2326 dum
451 2259 550 2343 ijdem
567 2261 600 2326 iu
616 2261 717 2326 nostri
734 2262 902 2326 constituti
918 2260 1090 2344 presencia
1110 2279 1145 2326 se
1161 2259 1333 2345 prebuisse
1356 2280 1478 2329 conssu-

359 2389 427 2434 sum
443 2367 576 2434 firmiter
593 2374 814 2453 astruxerunt,
832 2365 936 2450 petita
956 2367 1059 2434 eciam
1080 2378 1112 2434 et
1127 2370 1261 2434 obtenta
1276 2390 1298 2435 a
1314 2367 1480 2434 venerabili

359 2476 393 2540 in
409 2473 536 2540 Christo
561 2482 655 2560 patre
671 2475 801 2542 domino
821 2476 919 2542 Petro
935 2475 1098 2559 Episcopo
1117 2482 1226 2543 nostro
1243 2476 1392 2560 licencia,
1407 2477 1480 2544 sicut

358 2581 393 2645 in
411 2579 556 2647 eiusdem
586 2579 707 2670 litteris·
736 2579 829 2648 uobis
861 2579 1016 2647 exhibitis
1047 2581 1188 2648 uidimus
1219 2583 1387 2670 contineri,
1416 2603 1480 2650 cum

347 2687 507 2755 omnibus
538 2685 685 2773 predicte
715 2696 801 2756 terre
833 2687 1039 2770 utilitatibus,
1066 2688 1279 2773 pertinenciis
1295 2709 1354 2758 seu
1369 2709 1480 2777 appen-

358 2794 463 2881 dicijs,
480 2816 551 2862 cum
568 2795 686 2880 quibus
702 2797 806 2880 ipsam
839 2803 959 2863 terram
990 2816 1084 2863 suum
1115 2795 1347 2864 Monaeterinm
1379 2801 1481 2865 incon-

356 2924 452 2972 cusse
481 2903 593 2970 multis
623 2903 822 2990 temporibus
853 2903 1023 2970 retroactis
1043 2905 1188 2970 noscitur
1202 2904 1400 2992 possedisse,
1415 2906 1478 2992 ipse

358 3013 481 3098 Abbaa,
497 3017 648 3093 totusque
669 3010 811 3080 eiusdem
832 3011 1016 3078 Conuentus
1047 3011 1202 3093 Magistro
1233 3010 1370 3080 Nicolao
1402 3013 1481 3080 socio

357 3123 468 3185 nostro
499 3123 531 3184 et
545 3119 780 3203 concanonico,
796 3124 831 3186 et
846 3117 1000 3185 Michaeli
1018 3117 1112 3184 tratri
1128 3117 1284 3203 eiusdem,
1301 3119 1482 3187 eorundem·

358 3244 420 3306 que
452 3223 694 3310 posteritatibus
727 3233 758 3290 et
788 3225 1019 3309 posteritatem
1059 3227 1302 3294 successoribus
1341 3245 1402 3311 pro
1431 3243 1483 3293 seu

358 3332 477 3402 marcis
508 3329 564 3398 fini
597 3333 725 3416 argenti
756 3333 825 3399 iure
855 3340 1011 3419 perpetuo
1042 3333 1277 3419 uendidissent,
1303 3333 1482 3416 dictamque

358 3441 496 3525 pecunie
512 3441 726 3524 quantitatem
744 3439 827 3506 idem
849 3439 962 3507 Abbas
980 3461 1001 3507 a
1016 3441 1172 3526 Magistro
1199 3441 1336 3509 Nicolao
1367 3447 1400 3507 et
1427 3439 1482 3506 lli·

349 3545 472 3614 ¹choele
505 3547 603 3614 fratre
634 3568 694 3617 suo
710 3551 889 3635 prenotatis
915 3548 1082 3618 confessus
1108 3549 1215 3618 extitit
1239 3569 1276 3617 se
1300 3549 1484 3632 dictumque

356 3653 545 3739 Monosterij
588 3656 790 3723 Ocnuentum
822 3657 969 3741 plenarie
1003 3660 1177 3743 recepisse,
1194 3665 1228 3725 et
1257 3659 1292 3726 in
1332 3658 1484 3725 alimenta

361 3761 600 3846 monachorum,
617 3762 798 3830 subsidium
814 3781 1005 3851 pauperum,
1022 3783 1062 3832 ac
1080 3765 1203 3832 ruentis
1214 3765 1402 3851 monasterii
1418 3765 1485 3832 fab

233 3947 234 3954 ἵ
356 3869 424 3935 rice
448 3870 721 3939 restauraciouem
738 3871 872 3956 prouida
887 3875 1097 3958 conuertisse,
1113 3891 1150 3939 se
1165 3879 1308 3957 suosque
1323 3889 1482 3940 successo-

356 3995 409 4044 res
425 3985 459 4042 et
474 3983 576 4044 totum
607 3977 658 4044 sui
688 3979 874 4065 Monasterij
907 3979 1110 4046 conuentum
1141 3977 1320 4064 obligando
1346 3981 1485 4062 tirmiter,

349 4081 547 4166 'Magistrum
564 4084 736 4151 Nicolaum
753 4093 785 4152 et
800 4085 992 4154 Michaclem
1010 4085 1142 4154 trabem
1168 4084 1314 4154 eiusdem
1345 4107 1485 4155 omnem-

356 4207 420 4272 que
436 4191 578 4274 ipsorum
589 4191 800 4277 propaginem
821 4192 890 4260 iure
906 4193 1105 4260 hereditario
1122 4193 1245 4262 eisdem
1263 4195 1486 4262 suecedeutem

356 4298 390 4363 in
420 4297 586 4384 sepedicto
615 4304 699 4368 terre
730 4301 937 4386 possessione
969 4302 1106 4386 pacifica
1135 4321 1345 4388 conseruare,
1381 4309 1413 4370 ct
1444 4299 1485 4366 ab

347 4405 505 4472 omnibus
536 4425 633 4492 super
663 4407 722 4474 illa
753 4427 907 4493 processu
938 4416 1118 4494 temporum
1149 4409 1484 4478 mouereoonantibus

358 4511 571 4595 questionem,
585 4511 742 4600 expedire
757 4514 898 4602 proprijs
916 4515 1086 4583 laboribus
1103 4521 1135 4584 et
1166 4514 1333 4601 expensis,
1365 4516 1484 4584 cuneda

349 4621 583 4688 *renunciantes
613 4620 808 4710 accionibus,
841 4621 1006 4708 nichilque
1036 4623 1115 4692 iuris
1146 4625 1210 4692 sibi
1239 4631 1272 4692 et
1300 4644 1361 4694 suo
1375 4623 1485 4692 Mona·
