3096 5160
648 935 724 1005 lae.

119 1139 177 1204 ΙΙΙ.
192 1131 307 1203 Macra
318 1139 431 1224 kirdly
441 1137 624 1224 coeperdst'ti
634 1136 656 1200 Ι
661 1136 695 1202 V.
708 1137 823 1204 Luscio
831 1137 1008 1223 loirdlynalr
1018 1135 1247 1220 maledulmdt,

120 1245 261 1332 melylyel
278 1245 400 1330 Jucos,
433 1245 549 1309 mccc
558 1245 680 1327 ficiculo
695 1247 799 1331 ne'peit
814 1269 834 1309 a
850 1243 995 1310 zulosmo
1026 1247 1058 1308 <la
1087 1245 1246 1330 eparcus

486 1351 768 1438 aldlfdlruealette.
793 1353 886 1420 1291.

221 1549 376 1616 Andreas
387 1548 450 1616 Dei
462 1547 574 1633 gracia
589 1548 765 1635 Hungarie,
777 1547 957 1632 Dalmacie,
974 1545 1118 1634 Oreacie,
1134 1543 1245 1635 Rome,

120 1657 238 1742 Seruis,
255 1655 407 1742 Gallicis,
434 1657 637 1741 Lodomerie,
657 1655 823 1742 (iomanis,
843 1656 1065 1740 Bulgarieque
1095 1659 1164 1723 Rex
1181 1677 1247 1723 om-

121 1767 213 1832 nibus
230 1763 353 1831 Christi
367 1761 517 1830 fidelibus
533 1784 667 1850 presens
699 1761 853 1848 scriptum
884 1764 1078 1848 inspecturis
1109 1763 1247 1830 salutem

122 1871 282 1956 incoqui
308 1871 453 1956 Regibus
484 1871 542 1938 dat
573 1873 721 1939 salutern.
759 1869 810 1936 Ad
841 1871 1065 1939 uniuersorum
1097 1870 1247 1938 noticiam

122 1979 233 2046 harum
249 1980 337 2045 serie
353 1980 502 2048 uolumus
518 1979 700 2067 peruenire,
718 1977 804 2064 quod
819 1979 975 2063 Magister
985 1978 1246 2046 Johaunesfilius

123 2087 252 2154 Comitis
269 2085 393 2152 Euardi
410 2087 526 2156 Comes
542 2087 747 2174 Baehyensis
764 2087 904 2155 dilectus
935 2094 967 2154 et
996 2086 1104 2154 fidelis
1136 2093 1247 2154 noster

124 2195 162 2260 ad
176 2201 326 2262 nostram
343 2195 501 2264 accedens
520 2195 723 2282 presenciam
740 2195 886 2263 exhibuit
918 2195 1011 2262 uobis
1040 2195 1248 2280 priuilegium

126 2301 241 2371 domini
259 2303 411 2370 Ladiclai
427 2303 590 2388 quondam
606 2303 741 2372 illustris
756 2302 855 2387 Regis
885 2301 1054 2388 Hungarie
1079 2302 1244 2370 karissimi

127 2409 233 2478 fratris
248 2412 353 2478 nostri
368 2413 528 2496 patruelis
544 2411 733 2480 felicissirne
749 2409 990 2478 recordacionis
1006 2431 1104 2498 super
1120 2410 1249 2477 relaxa-

126 2518 210 2586 cione
227 2527 262 2586 et
277 2519 489 2604 exempeione
505 2522 695 2605 populorum
712 2539 844 2588 suorum
860 2539 882 2585 a
898 2520 1035 2588 collecta
1060 2517 1248 2588 victualium

127 2631 154 2691 et
168 2627 386 2694 marturinam
402 2629 487 2694 inter
502 2629 602 2696 Zawa
634 2635 667 2696 et
695 2627 783 2696 Basa
815 2627 1027 2696 existeneium
1059 2627 1249 2712 confectum,

27 2817 28 2822 Ἰ
127 2738 234 2816 petens
250 2756 272 2801 a
287 2733 381 2802 nobis
397 2755 469 2802 oum
500 2733 673 2823 instancia,
704 2743 740 2804 vt
770 2736 876 2820 ipsum
909 2735 1119 2822 priuilegium
1150 2733 1249 2815 Regis

27 2831 28 2922 J
127 2840 271 2908 Ladiclai
287 2847 394 2910 ratum
409 2842 531 2911 habere
547 2849 579 2909 et
594 2849 703 2912 nostro
721 2842 931 2928 dignaremur
947 2841 1117 2928 priuilegio
1134 2838 1247 2907 confir-

27 3019 28 3032 *
128 2969 221 3017 mare.
246 2949 346 3017 Cuius
363 2949 494 3034 quidem
510 2951 675 3037 priuilegij
693 2959 785 3018 tenor
799 2951 876 3018 talis
893 2956 960 3018 est:

229 3056 406 3124 Ladizlaus
421 3057 483 3124 Dei
500 3058 612 3142 gracia
628 3058 794 3142 Huugarie
819 3060 882 3126 stb.
897 3059 968 3126 Rex
984 3059 1048 3126 stb·
1079 3055 1250 3143 (kevetlre-

27 3159 28 3194 ³
127 3162 175 3229 zik
206 3163 262 3230 IV.
294 3163 413 3232 Ltszld
444 3165 623 3254 kiralynak
658 3166 794 3237 late-ki
819 3166 1059 3253 privilegiuma,
1085 3163 1167 3231 mint
1181 3161 1249 3230 sen-

27 3329 28 3332 ,
127 3270 198 3336 teob
215 3274 290 3342 141.
306 3293 350 3340 su.
370 3273 414 3361 a.)

27 3405 28 3472 j
229 3379 328 3448 Vnde
344 3401 403 3448 nos
420 3381 664 3450 considerantes
678 3380 852 3448 fidelitates
870 3387 902 3447 et
917 3377 1125 3448 seruioiorum
1136 3378 1252 3446 merita

27 3473 29 3562 s
127 3485 224 3571 ipsius
239 3488 391 3572 Magistri
408 3487 579 3576 iohannis,
596 3510 660 3572 que
676 3489 769 3556 nobis
785 3489 819 3555 in
844 3485 983 3554 diuersis
1014 3487 1119 3572 Regni
1148 3487 1251 3556 nostri

131 3593 404 3683 expedicionibus‚
434 3597 576 3663 maxime
591 3619 663 3664 oum
680 3617 739 3664 uos
756 3601 870 3662 eontra
885 3597 1009 3662 Ducem
1026 3595 1155 3662 Austrie
1186 3595 1251 3662 ele·

129 3707 201 3768 nalo
216 3704 358 3771 exercitu
375 3704 520 3787 generali
538 3725 596 3789 pro
614 3703 806 3789 repellenda
821 3702 940 3772 iniuria
955 3703 1049 3770 nobis
1074 3708 1106 3768 et
1133 3701 1248 3786 Regno

129 3813 234 3876 nostro
248 3810 338 3876 facta
352 3811 633 3896 processissemus,
660 3819 692 3878 et
709 3817 818 3879 castra
843 3811 986 3879 eiusdem
1018 3807 1119 3875 Ducis
1151 3829 1247 3892 quam

27 4009 28 4014 ἵ
131 3916 264 4001 plurima
281 3919 462 4004 expugnari
479 3927 510 3986 et
525 3917 611 3986 dirui
627 3919 826 4005 fecissemus,
841 3919 928 3986 idem
945 3917 1102 4002 Magister
1128 3914 1265 4004 Johan·¹

129 4039 184 4090 nes
198 4021 231 4090 in
246 4027 547 4112 expugnaeionibus
563 4027 718 4095 dictorum
736 4031 925 4114 castrorum,
941 4033 973 4092 et
988 4024 1175 4112 specialiter
1190 4025 1251 4092 sub

27 4173 28 4222 p
133 4138 235 4199 castro
249 4133 376 4200 Vienna
391 4156 463 4203 eum
480 4135 556 4220 alijs
571 4134 723 4203 fidelibus
748 4135 867 4202 nostris
900 4133 943 4201 ad
974 4131 1159 4202 certandum
1191 4133 1252 4200 sub

27 4223 28 4300 ἶ
132 4237 246 4306 dictum
263 4248 405 4309 castrum
422 4241 604 4329 destinatis,
620 4242 731 4308 fideles
748 4249 780 4309 et
796 4240 978 4308 laudabiles
995 4239 1140 4308 exhibuit
1152 4238 1251 4305 famo·

27 4423 29 4436 Α
133 4345 233 4432 latus5
253 4348 309 4416 ubi
326 4369 390 4415 non
406 4347 475 4415 siue
492 4349 648 4416 effusione
663 4349 834 4433 sanguinis
851 4349 902 4416 sui
934 4347 1039 4415 euasit
1064 4345 1252 4429 aliqualiter

27 4467 29 4494 l
135 4471 240 4518 casum
255 4459 375 4523 mortis.
399 4455 680 4541 Attendentesque
711 4454 889 4542 predictum
921 4453 1127 4542 priuilegium
1158 4452 1251 4520 nobis

27 4599 28 4650 1
136 4558 304 4630 exhibitum
329 4562 428 4648 Regis
444 4563 593 4632 Ladizloi
610 4585 672 4632 non
689 4565 915 4652 cancellatum,
933 4583 995 4628 non
1014 4561 1165 4630 abrasum
1168 4612 1179 4651 ,
1193 4581 1253 4632 nee
