3096 5160
611 1142 685 1213 380.

81 1348 135 1414 IV.
153 1349 276 1416 Ldsztc
300 1347 478 1434 ldrdlyuolc
493 1345 584 1411 Bilta
600 1347 753 1432 hclpsdpet
768 1347 925 1440 tcirqyozd
949 1348 1134 1434 adomdoyu
1153 1349 1210 1416 Ost

122 1457 357 1544 acerreaetsdqdelt
375 1453 521 1542 Germ,
536 1455 624 1520 Imre
640 1455 812 1520 meatcroelc
822 1455 875 1538 fio
891 1461 1050 1524 ozciuadra.
1067 1459 1166 1524 1287.

181 1650 404 1739 (L)andizlaus
434 1652 497 1718 Dei
529 1651 641 1735 gracia
657 1651 839 1738 Hungarie,
860 1653 1040 1740 Dalmacie,
1059 1650 1204 1730 Groacic,

79 1763 186 1848 Reme,
204 1759 327 1846 Seruis,
345 1758 495 1844 Gallicis,
510 1758 713 1846 Lodomerie,
733 1759 884 1846 Bulgarie
904 1759 1123 1847 Cumanieque
1139 1765 1207 1828 Rex

80 1869 224 1936 omnibus
239 1867 361 1935 Christi
379 1867 604 1934 fidelibustam
616 1867 821 1952 presentibus
834 1888 931 1951 quam
942 1868 1058 1935 trituris
1076 1890 1208 1956 presens

79 1978 231 2063 seriptum
248 1976 449 2043 intuentibus
466 1975 606 2042 salutem
623 1979 656 2042 in
673 1977 816 2042 omnium
833 1975 1010 2044 saluatorc.
1036 1975 1087 2041 Ad
1117 1977 1207 2045 deco·

80 2105 139 2150 rem
158 2083 321 2170 pertinere
339 2084 537 2168 dignoscitur
553 2085 681 2150 excelse
697 2083 887 2169 Maiestatis,
914 2090 948 2150 ut
963 2085 1123 2168 speciales
1140 2105 1207 2170 spe-

81 2192 153 2258 ciali
171 2191 285 2274 gracia
300 2198 516 2276 prosequatur
532 2197 564 2257 et
582 2191 705 2275 lauore,
722 2211 854 2274 quorum
873 2211 912 2257 ex
943 2198 1035 2276 parte
1066 2192 1209 2278 probitas

79 2309 108 2364 ct
122 2299 252 2366 uirtutis
269 2301 459 2366 constancia
490 2299 606 2364 claruit
637 2300 668 2362 iu
702 2299 867 2382 prosperis
899 2305 930 2363 et
961 2299 1109 2368 aduersis
1134 2302 1209 2368 luce

79 2407 197 2474 clarius
213 2414 246 2473 et
261 2408 393 2474 refulsit.
411 2406 551 2473 Proinde
578 2407 620 2472 ad
654 2407 877 2474 uniuersorum
908 2407 1061 2472 noticiam
1093 2407 1207 2474 harum

79 2516 161 2582 serie
185 2516 334 2582 uolumus
355 2513 534 2610 peruenire,
552 2513 638 2595 quod
660 2511 838 2596 Gregorius
855 2513 939 2580 filius
956 2513 1104 2598 Magistri
1122 2515 1208 2580 Erui-

79 2624 133 2689 rici
149 2623 191 2690 dc
207 2643 326 2708 genere
343 2621 402 2688 Osl
419 2623 555 2688 dilectus
573 2629 605 2688 ct
620 2621 727 2688 fidelis
738 2622 894 2707 paruulus
914 2627 1024 2688 noster
1046 2623 1207 2690 accedens

82 2732 120 2797 ad
136 2739 277 2799 nostram
310 2730 512 2817 presenciam
539 2729 703 2812 quandam
725 2739 841 2796 terram
858 2729 954 2816 Byka
970 2737 1117 2798 uocatam
1135 2732 1207 2797 sine

79 2835 243 2906 heredibus
261 2838 500 2922 decedencium,
516 2860 537 2905 a
553 2845 645 2922 parte
664 2839 872 2904 Tartarcrum
899 2859 1035 2904 uacuam
1052 2847 1084 2905 ct
1115 2839 1207 2905 habi.

80 2945 231 3013 tatoribus
262 2945 463 3029 destitutam,
496 2949 527 3011 et
558 2942 727 3012 infaciem
758 2943 903 3011 eiusdem
935 2951 1018 3010 terre
1035 2945 1206 3013 ecclesiam

79 3053 110 3119 in
125 3055 243 3122 honore
258 3053 353 3120 Beati
368 3052 497 3119 Nicolai
514 3051 709 3120 confessoris
735 3059 950 3120 constructam
982 3053 1015 3120 in
1048 3051 1207 3120 Comitatu

81 3162 241 3230 lauriensi
273 3160 475 3242 existentem,
501 3161 667 3228 humiliter
699 3169 730 3228 et
761 3161 918 3228 instanter
950 3161 1208 3248 petiuitanobis

81 3270 236 3337 sibidari.
254 3271 322 3336 Nos
353 3269 525 3357 siquidem,
557 3269 611 3352 qui
645 3289 685 3335 ex
717 3270 877 3355 sussccpti
908 3271 1076 3353 regiminis
1106 3269 1209 3336 nostri

80 3377 180 3448 cilicio
211 3385 397 3446 cunctorum
428 3377 571 3444 fidelium
603 3385 784 3444 nostrornm
816 3378 991 3468 meritorijs
1011 3379 1207 3466 seruicijset

80 3486 224 3568 gratuitis
241 3486 408 3570 obsequijs
429 3487 468 3554 de
493 3486 595 3570 Regie
627 3485 837 3571 benignitatis
868 3485 1118 3570 magnificencia
1150 3508 1204 3554 oc·

81 3613 202 3662 currere
217 3601 249 3664 et
263 3593 461 3682 respondere
476 3601 622 3662 tenemur
640 3595 692 3678 pio
708 3595 850 3662 remedio
870 3614 1009 3677 congruo
1027 3603 1057 3662 et
1069 3594 1207 3676 effectu3

81 3701 150 3770 illos
165 3703 366 3789 potissimum
383 3701 537 3769 debemus
564 3704 838 3770 remuneracionis
864 3701 1010 3770 antidoto
1044 3701 1209 3788 extollere,

83 3830 158 3892 quos
189 3819 220 3877 et
250 3811 423 3900 sanguinis
453 3809 591 3894 insignit
606 3809 769 3895 nobilitas,
788 3819 819 3877 et
836 3809 1025 3876 intemerate
1040 3807 1207 3874 fidelitatis

81 3919 280 3986 commendat
296 3918 467 3985 sinceritas
483 3937 541 3984 seu
557 3918 700 3984 effectus.
718 3919 765 3982 Ex
787 3917 890 4002 ipsius
916 3916 1027 4000 itaque
1059 3916 1209 4002 seruicijs

83 4023 236 4114 Gregorij,
265 4024 374 4092 dilecti
391 4031 423 4091 et
438 4026 545 4094 fidelis
561 4027 674 4112 nostri,
689 4026 817 4111 aliquos
835 4046 874 4093 err
892 4025 960 4093 suis
976 4025 1113 4110 actibus,
1133 4030 1164 4091 et
1180 4027 1208 4092 si

86 4152 146 4198 non
160 4154 280 4222 omnes,
299 4133 448 4201 fidelibus
464 4133 686 4220 famulatibus,
706 4134 844 4218 quedam
857 4154 964 4219 pauca
974 4151 1031 4219 per
1043 4138 1209 4218 presentes

87 4239 228 4310 duximus
259 4240 467 4310 declaranda
497 4241 691 4330 Specialiter
706 4249 813 4309 autem
832 4249 918 4328 tunc,
935 4261 1006 4307 cum
1023 4242 1083 4309 sub
1102 4248 1208 4309 castro

86 4345 245 4435 Perystien
262 4349 448 4438 luissemus,
466 4351 641 4418 cumomni
668 4351 810 4418 exercitu
844 4351 947 4434 Regni
978 4351 1082 4417 nostri
1112 4369 1210 4436 super

83 4451 221 4526 infideles
253 4465 381 4527 nostros
412 4457 496 4526 filios
527 4458 660 4526 Henrici
692 4457 787 4544 Bani,
808 4455 962 4526 videlicet
978 4455 1161 4524 Johannem
1178 4463 1210 4526 et

84 4561 257 4654 Nicolaum,
274 4563 450 4651 Gregorius
468 4587 539 4633 cum
556 4564 713 4652 proximis
730 4565 809 4649 suis,
833 4562 998 4634 Herberdo
1030 4563 1096 4634 lilio
1128 4565 1211 4632 Her·

84 4668 179 4760 bordi,
214 4683 245 4744 et
261 4674 395 4745 Andrea
411 4675 477 4744 filio
508 4677 606 4765 Petri,
637 4697 695 4762 pro
725 4674 819 4743 nobis
850 4681 882 4742 et
898 4675 1008 4759 Regno
1029 4679 1138 4744 nostro
1152 4694 1212 4763 per
