3068 5150
802 256 959 351 „eel-

311 451 394 518 licns
424 449 619 519 auctoritate
650 447 803 516 Notarius
820 448 861 516 iis
877 449 1026 516 omnibus
1043 450 1172 518 interlui
1189 459 1329 536 rogatus,
1348 447 1423 516 etde
1522 489 1524 494 .

315 555 467 626 mandato
483 556 631 641 ejusdem
648 554 771 621 domini
789 557 905 641 scripsi
923 561 955 622 et
971 559 1111 625 rolrravi.

417 663 514 730 Anno
531 662 663 730 Domini
680 661 852 730 millesimo
868 663 1085 732 ducentesimo
1096 669 1317 750 octuagesimo
1327 669 1424 748 quarto

310 771 385 844 XII.
399 771 574 840 indictione
589 771 644 838 die
659 771 772 838 Martis
789 771 890 866 XVII:
906 772 1047 840 intrante
1075 772 1223 841 Octrobri
1250 777 1283 842 in
1309 791 1421 860 presen-

309 884 361 948 cia
392 880 546 948 nobilium
586 881 726 946 virorum
768 879 889 946 domini
929 880 1098 948 Michaelis
1140 882 1324 950 Mauroceui
1353 899 1422 946 nunc

310 977 602 1074 ComitisRegnsii,
619 985 742 1054 domini
770 986 886 1054 Marini
916 995 948 1054 et
979 989 1107 1056 Nicolai
1138 1010 1270 1058 snorum
1301 989 1422 1055 Militum

310 1097 431 1164 domini
458 1095 594 1162 Antonii
624 1093 666 1161 de
682 1093 832 1182 Gaioppa
847 1095 973 1182 Clerici,
1006 1095 1127 1164 Vitalis
1147 1097 1289 1180 Bodaeii
1314 1092 1420 1164 domini

309 1203 484 1272 Clementis
500 1203 543 1270 de
560 1203 720 1287 Gangulo,
735 1201 857 1269 domini
872 1203 1001 1271 Ursacii
1015 1205 1056 1272 de
1074 1204 1179 1272 eleon
1200 1205 1420 1274 Canonieomm

309 1310 564 1397 Rugusinornm3
579 1309 702 1376 domini
713 1309 818 1378 Pasce
828 1310 984 1392 Valcaaii,
995 1311 1114 1378 domini
1133 1312 1421 1404 JuniideeCrosco,

311 1419 434 1487 domini
459 1417 597 1486 Luccari
628 1418 669 1485 de
701 1418 841 1504 Fuscho,
866 1418 987 1486 domiui
1027 1421 1190 1488 Grnbesse
1218 1421 1259 1488 de
1288 1421 1422 1501 Ranamr¹

308 1528 435 1596 Ursacii
466 1526 507 1593 de
538 1526 674 1610 Gerena,
699 1527 814 1594 Pelmc
834 1527 879 1593 de
892 1527 1052 1616 Binzolla‚
1072 1529 1241 1596 Laurencii
1257 1528 1298 1595 de
1313 1529 1421 1608 Menoe,

307 1633 424 1702 Marini
440 1633 481 1700 de
495 1633 656 1717 Pesagne‚
673 1633 775 1700 Zerzii
791 1633 904 1701 Savini
936 1635 1049 1722 Bondi‚
1082 1635 1232 1704 Paschali
1263 1631 1423 1707 Marinelli,

307 1742 421 1811 Nicole
452 1740 494 1810 de
510 1739 662 1822 Gortello,
695 1747 727 1807 et
743 1741 877 1808 aliorum
909 1743 1080 1810 multorum
1101 1744 1288 1812 clericorum
1317 1750 1348 1812 et
1372 1738 1421 1806 lai·

309 1869 417 1918 corum
434 1849 467 1916 in
483 1849 556 1918 sala
572 1847 863 1934 Archiepiscopali.
899 1850 978 1917 Gum
996 1851 1193 1920 venerabilis
1208 1859 1304 1937 pater
1334 1847 1420 1916 domi-

308 1977 369 2026 nus
401 1957 500 2024 irater
531 1957 770 2041 Beneventum,
796 1955 1008 2026 miseracione
1025 1959 1149 2026 Divina
1163 1956 1421 2042 archiepiscopus

305 2067 501 2152 Ragnsinus,
518 2065 611 2132 citari
629 2063 761 2130 lecisset
777 2084 835 2149 pro
855 2065 969 2152 primo,
987 2065 1126 2134 secundo
1143 2073 1176 2132 et
1192 2067 1293 2133 tercio
1309 2083 1421 2152 perem-

306 2171 409 2261 ptorio
441 2193 499 2258 per
531 2171 752 2258 presbyterum
782 2171 919 2238 Pascam
944 2171 1121 2240 Sacristam
1139 2171 1272 2260 majoris
1287 2167 1422 2240 Ecclesia

306 2281 482 2365 Ragonium,
505 2278 745 2348 Subdiaconum
769 2278 952 2346 iohannem
969 2279 1009 2348 de
1040 2281 1249 2366 Prodenello,
1283 2288 1318 2348 ut
1346 2299 1422 2346 com·

303 2395 433 2477 pareret
463 2405 571 2454 coram
603 2405 642 2452 eo
673 2385 717 2452 ad
732 2384 927 2452 audiendam
955 2388 1165 2472 sentenciam,
1186 2407 1286 2471 quam
1301 2389 1422 2456 volebat

305 2497 389 2564 ferre
404 2499 516 2562 contre
536 2495 659 2580 ipsum;
682 2491 811 2562 tandem
842 2497 1022 2580 comparuit
1053 2495 1086 2562 in
1118 2499 1289 2582 presencia
1319 2514 1420 2580 supra·

305 2603 462 2670 dictorum
493 2601 654 2686 omninm;
679 2607 711 2668 et
742 2609 917 2686 antequam
949 2603 1114 2688 predictus
1136 2601 1286 2692 (lominus
1302 2603 1422 2674 Archie·

305 2715 458 2799 piscopos
474 2709 662 2797 procederet
678 2710 721 2778 ad
739 2709 949 2798 sentenciam,
970 2712 1133 2798 predictus
1148 2711 1316 2780 Johaunee
1345 2709 1422 2796 cepit

303 2825 413 2906 petere
444 2815 572 2884 veniam
605 2823 638 2884 et
660 2817 914 2886 misericordiam
946 2818 1066 2906 dicens,
1092 2821 1179 2904 quod
1195 2821 1285 2888 nulla
1300 2819 1421 2887 racione
1522 2833 1523 2852 ¹

305 2925 450 3012 predicto
467 2922 596 2992 domino
613 2924 694 2992 dare
709 2933 837 3011 poterat
853 2929 992 3012 pignora
1008 2928 1245 3013 qninquaginta
1270 2929 1421 3016 iperpcro·
1522 2935 1523 2954 ¹

302 3054 382 3118 rum,
415 3034 448 3098 in
479 3031 595 3116 quibus
635 3033 868 3101 condemnatus
910 3033 970 3101 suit
1012 3055 1069 3122 per
1101 3035 1236 3104 cundem
1269 3035 1421 3103 dominum

301 3139 596 3226 Archiepiscopum,
613 3159 671 3208 nec
689 3127 785 3206 etiam
802 3141 1008 3226 fidejussores
1028 3143 1069 3209 dc
1086 3145 1163 3212 aliis
1184 3142 1420 3230 qninquaginta,

302 3249 336 3314 in
367 3248 483 3331 quibus
512 3265 572 3333 per
603 3246 740 3314 eundem
771 3247 874 3320 fuerat
899 3251 1138 3319 condemnatus.
1156 3251 1250 3319 'l'unc
1265 3250 1418 3340 predictus

302 3354 450 3422 dominus
466 3353 738 3441 Archicpiscopus
758 3355 933 3425 inclinatus
950 3360 1099 3445 precibus
1132 3359 1255 3427 domini
1287 3355 1417 3434 Comitis,

301 3467 333 3530 et
363 3463 500 3530 aliorum
532 3462 696 3549 laicorum,
728 3471 760 3529 ct
792 3463 986 3552 clericorum,
1023 3469 1078 3550 qui
1114 3474 1283 3552 presentes
1321 3471 1415 3547 erant,

302 3569 417 3636 obtulit
447 3568 554 3636 eidem
586 3566 731 3636 Johnnni
762 3570 828 3636 talc
855 3571 1086 3660 juramentum,
1116 3573 1270 3640 videlicet
1301 3568 1418 3657 quodsi

301 3675 449 3744 dominus
464 3677 632 3746 Jolrannes
650 3679 750 3746 vellet
760 3678 875 3762 jurare
891 3681 934 3746 ad
952 3681 1076 3748 Sancta
1102 3681 1163 3747 Dei
1195 3683 1375 3767 Evangelia
1389 3679 1418 3744 in

302 3786 472 3870 presencie
487 3786 639 3870 omnium,
657 3785 711 3868 qui
728 3787 875 3871 aderant,
894 3787 978 3871 quod
1005 3790 1095 3857 nulla
1127 3791 1259 3858 racione
1288 3790 1420 3858 habebat

298 3892 436 3978 pignora
467 3891 619 3978 prodicta,
637 3913 697 3960 nco
714 3893 834 3961 habere
853 3903 1000 3980 poterat;
1025 3897 1112 3982 quod
1128 3897 1199 3985 ipse
1216 3901 1419 3968 commutaret

301 4000 362 4068 sibi
388 3999 567 4086 predictam
599 4000 903 4069 condemnaeionem
937 4005 1176 4092 quinquaginta
1207 4007 1419 4094 iperperorum
1521 4049 1522 4076 ι

300 4111 333 4175 in
344 4109 442 4175 aliam
459 4108 676 4192 penitenciam
693 4109 898 4196 condignum.
915 4111 1020 4190 Quam
1037 4113 1238 4183 oblacionem
1248 4111 1420 4202 J‘urnmenti

298 4217 479 4301 acceptavit
518 4217 552 4283 in
583 4219 738 4303 pesencia
780 4221 922 4286 omnium
968 4221 1227 4308 supradictorum
1259 4223 1420 4292 lohannes

299 4323 514 4408 supradictus,
545 4330 578 4392 et
609 4326 718 4392 statim
735 4328 833 4395 tactis
857 4329 1083 4398 Sacrosanctia
1101 4331 1291 4417 Evangeliis
1303 4327 1417 4416 jurarit

299 4430 342 4502 ad
358 4431 478 4498 Sancta
494 4429 555 4498 Dei
570 4431 765 4518 Evangelia,
798 4435 886 4518 quod
901 4455 961 4503 nec
977 4434 1118 4504 habebat
1133 4439 1272 4525 pignora
1307 4456 1418 4506 memo·

298 4547 380 4628 rata,
395 4559 455 4606 nec
470 4539 584 4624 alique
599 4544 728 4610 racione
745 4542 867 4614 habere
883 4551 1020 4629 poterat.
1039 4545 1130 4613 Tunc
1145 4547 1295 4618 dominus
1312 4545 1416 4616 Archi·
