3168 5150
312 1125 349 1196 V.
376 1129 486 1195 Istudo
511 1127 689 1214 kirdlyaak
727 1125 848 1213 Vienyd
879 1128 1033 1214 helysc'pet
1063 1127 1220 1212 ldrppuzd
1250 1121 1440 1210 adumdaya

511 1237 657 1324 Rojoold
664 1235 945 1324 fdlooclczmeotcrc
961 1237 1119 1300 szdmdro.
1143 1231 1238 1299 1270.

415 1435 447 1501 1.
469 1435 538 1502 Nos
556 1431 672 1502 Comes
687 1433 809 1500 Paulus
824 1430 932 1500 ludex
950 1431 1044 1499 Curie
1060 1429 1183 1496 domini
1200 1427 1301 1514 Regis
1319 1428 1439 1497 damus

308 1539 564 1626 promem01·ia;
588 1539 674 1625 quod
691 1561 762 1607 cum
779 1539 969 1623 Magnificus
1002 1539 1051 1604 vir
1083 1535 1281 1623 Wyllermus
1312 1537 1439 1622 Druget

305 1649 475 1716 Palatinus
492 1668 623 1716 causam
641 1667 700 1733 per
717 1649 844 1716 Petrum
862 1647 964 1714 lilium
990 1645 1149 1732 Ladialay
1180 1649 1212 1712 et
1241 1642 1437 1711 Ladialaum

307 1757 406 1823 lilium
422 1755 580 1824 Johannis
597 1757 728 1840 Roagon
746 1761 873 1823 actores
889 1755 1019 1821 racione
1052 1751 1221 1820 cuiusdam
1253 1751 1436 1836 possessio·

305 1865 358 1931 nis
373 1864 497 1950 Wysno
513 1869 628 1932 vocate
646 1865 679 1930 in
697 1863 858 1930 Comitatu
886 1864 927 1929 de
952 1863 1086 1946 Zcmlyn
1119 1860 1293 1927 existentis
1324 1867 1437 1927 eontra

306 1972 494 2039 Ladizlaurn
511 1973 615 2038 lilium
632 1971 791 2040 Johannis
809 1972 850 2040 de
866 1970 978 2038 Sowar
997 1969 1029 2036 in
1046 1968 1096 2037 sni
1113 1967 1285 2055 presencia
1309 1968 1437 2036 diucius

306 2079 498 2146 ventilatam
516 2079 556 2144 ob
573 2079 674 2162 Regis
690 2077 871 2145 Maiestatis
888 2083 1076 2163 preceptum
1095 2073 1136 2142 ad
1155 2073 1340 2158 quindenas
1358 2073 1436 2141 festi

305 2187 398 2253 Beati
415 2185 595 2270 lllychaelis
612 2184 812 2270 Archangeli
828 2185 871 2251 ad
888 2205 1024 2250 examen
1047 2182 1169 2267 ludleij
1198 2181 1345 2250 eiusdem
1377 2181 1435 2248 do·

306 2293 384 2358 mini
400 2291 500 2376 Regis
517 2294 769 2374 transmisissem
793 2292 925 2360 tandem
941 2291 1022 2377 ipsis
1038 2289 1209 2375 quindenis
1242 2289 1435 2358 occurrenti-

308 2402 366 2468 hus
384 2401 527 2487 predicto
543 2402 699 2470 Ladizlao
715 2402 782 2470 filio
798 2400 958 2470 Johannis
975 2421 1035 2467 sua
1052 2399 1267 2486 personaliter
1299 2406 1332 2466 et
1363 2418 1434 2485 pre·

306 2509 366 2576 sati
382 2509 470 2575 Petri
487 2508 543 2594 lilij
562 2509 721 2595 Ladizlay
737 2510 770 2576 in
788 2527 928 2595 persona
945 2529 1017 2574 cunr
1048 2506 1284 2592 procuratoriJs
1315 2507 1435 2574 litteris

306 2617 424 2684 nostris
440 2637 548 2683 coram
566 2619 660 2684 nobis
677 2624 816 2706 astante,
834 2625 866 2684 et
882 2617 968 2684 inter
984 2616 1068 2684 alius
1084 2615 1254 2700 largifluas
1281 2615 1433 2683 donacio·

305 2743 364 2790 nes
380 2724 585 2792 Serenissimi
602 2725 763 2812 Principis
789 2726 911 2792 domini
943 2724 1100 2811 Stephani
1132 2723 1295 2809 quondam
1326 2723 1433 2792 incliti

304 2829 406 2916 Regis
422 2831 590 2918 Heugarie
607 2832 770 2916 quandam
789 2835 1027 2919 possessionem
1060 2829 1183 2917 Wysno
1218 2837 1367 2898 vocatam
1399 2832 1432 2898 iu

304 2939 466 3008 Comitatu
483 2941 524 3007 de
541 2943 675 3028 Zemlyn
692 2941 894 3025 existentem,
923 2937 1091 3028 Reyuoldo
1122 2939 1279 3024 Magistro
1309 2940 1433 3026 Agass-

300 3067 377 3113 num
393 3048 497 3133 ipsius
514 3049 638 3115 domini
655 3051 701 3117 St.
717 3049 815 3134 Regis
832 3069 978 3135 proauuo
995 3047 1138 3133 ipsorum
1155 3045 1188 3113 in
1204 3067 1430 3133 recompensa·

302 3154 427 3222 cionem
444 3153 704 3224 fidelissimorum
724 3157 952 3242 obsequiorum
971 3175 1100 3222 suorum
1125 3174 1184 3240 per
1199 3152 1305 3240 ipsum
1330 3155 1431 3221 domi·

302 3282 378 3328 uum
403 3261 450 3328 St.
467 3263 588 3346 Regem
606 3271 761 3351 perpetuo
779 3267 890 3331 datam
908 3272 939 3329 et
957 3263 1110 3330 collatam
1127 3261 1197 3328 fore
1222 3261 1431 3332 exhibicione

301 3369 484 3437 litterarum
502 3371 754 3454 priuilegialium
772 3371 916 3438 eiusdem
933 3369 1054 3436 domini
1066 3369 1222 3456 Stephani
1233 3369 1330 3454 Regis
1342 3392 1430 3441 auno

301 3477 342 3542 ab
361 3477 594 3546 lucarnaciouc
610 3479 741 3546 Domini
759 3481 808 3546 Μο
826 3477 1047 3544 ducentesimo
1079 3477 1321 3563 septuagesimo
1352 3500 1430 3547 cou-

299 3585 458 3650 leclarum
476 3589 725 3670 comprobante;
751 3587 942 3652 Dominicus
959 3585 1058 3653 frater
1074 3585 1210 3653 Mochou
1228 3609 1288 3673 pro
1313 3588 1429 3657 eodem

295 3690 452 3759 Ladizlao
468 3693 537 3761 filio
553 3695 714 3762 Johaunis
733 3696 773 3761 de
797 3697 910 3762 Souar
942 3714 1013 3759 cum
1047 3695 1279 3780 procuratoriJ's
1309 3696 1429 3764 litteris

298 3799 421 3866 domiui
436 3801 534 3884 Regis
550 3801 593 3869 ad
609 3809 752 3868 nostram
769 3802 953 3870 accedendo
971 3803 1173 3889 presenciam
1190 3805 1255 3871 stb.
1273 3803 1309 3891 (a
1331 3825 1430 3890 maga

297 3909 437 3976 reszerol
455 3909 483 3975 is
508 3909 586 3975 tubo
618 3908 775 3998 ohmatnyt
805 3909 991 3998 selhozran,
1025 3932 1046 3978 a
1080 3930 1137 3997 per
1168 3911 1429 4000 elhalaszlalils.)

299 4019 421 4084 Datum
453 4016 487 4082 in
518 4017 710 4098 wissegrad
741 4026 855 4087 octauo
887 4019 940 4086 die
971 4018 1101 4086 termini
1132 4022 1309 4112 prenotati,
1339 4043 1429 4092 auno

299 4124 430 4193 Domini
445 4123 709 4199 M00000XXX⁰
725 4149 819 4196 nouo.

302 4325 442 4390 (Eredetie
460 4326 644 4396 berhtrtyan,
676 4327 856 4394 azdrpccset
874 4329 1014 4393 elveszett,
1047 4343 1063 4382 a
1094 4327 1180 4382 budal
1211 4329 1265 4384 hir.
1296 4333 1430 4392 kamarai

763 4420 957 4486 leveltsrban.)
