3148 5164
752 281 913 380 -ea-o-

256 476 397 548 'laudem
413 483 446 545 et
463 475 600 562 gloriam
616 479 761 544 nostram
776 481 810 542 et
825 475 929 544 tocius
945 473 1100 542 Nauionis
1116 475 1285 561 Huugarie
1309 496 1398 543 aom-

265 585 436 674 prehensis
453 583 615 652 strennuis
630 581 810 670 mnlitibus,
826 581 962 650 adduxit
976 581 1020 650 ad
1035 583 1211 649 exereitum
1222 587 1255 650 et
1265 601 1400 669 pressu·

267 693 352 762 eiam
368 693 486 780 prelati
501 689 624 760 domiui
639 690 691 760 Al.
707 690 805 776 Regis
829 689 1049 758 Romanorum
1079 688 1221 778 captiuis
1250 687 1394 756 uinculis

267 801 471 888 maneipalos
485 797 529 865 ad
545 795 773 866 exilaraudum
789 803 823 864 et
837 795 1057 864 letiboaudum
1072 793 1237 863 dominum
1268 793 1322 862 Al.
1338 796 1399 862 Re

269 926 344 992 gem
359 913 392 974 et
407 905 511 992 ipsius
525 903 704 974 exereitum
719 923 761 972 ex
775 901 916 970 diuersis
931 899 1044 970 muudi
1060 901 1207 989 partibus
1218 919 1399 988 cougrega-

268 1018 347 1082 tum.
370 1012 412 1080 st
427 1011 503 1082 lieet
518 1012 559 1080 ob
576 1009 771 1098 huiusmodi,
796 1010 883 1078 siout
898 1010 1058 1096 prelatum
1074 1015 1133 1094 est,
1158 1009 1302 1078 seruicia
1315 1012 1396 1077 mul·

269 1119 434 1206 tiplioibus
450 1117 585 1187 laudum
600 1117 763 1204 preoouijs
780 1115 913 1186 deberet
926 1121 994 1184 tam
1008 1116 1278 1204 ipseRadiuaus,
1297 1137 1396 1200 qnam

259 1225 311 1296 -ob
327 1227 433 1314 ipsum
449 1227 554 1294 toolns
570 1223 795 1310 generaciouis
809 1242 867 1292 sue
882 1223 1076 1310 genealogia
1091 1223 1238 1293 deeorari
1254 1250 1263 1290 ι
1289 1231 1400 1292 tumen

269 1333 311 1398 de
327 1331 470 1400 Consilio
495 1329 669 1416 Beronum,
701 1329 978 1416 consiliariorum,
1009 1331 1181 1398 Procerum
1212 1339 1399 1398 nostrornm

269 1445 382 1507 nostro
397 1438 495 1506 lateri
511 1435 751 1525 adhereneium,
768 1437 811 1504 ad
826 1437 1002 1506 instantem
1018 1436 1247 1509 nichilominus
1263 1437 1398 1524 petioio·

269 1565 344 1612 nem
361 1557 395 1614 et
412 1545 547 1630 petitam
563 1537 758 1612 instaueiam
773 1543 922 1628 Magistri
948 1542 1103 1626 Demetrii
1136 1543 1273 1612 Comitis
1302 1545 1401 1612 Poso

269 1651 395 1720 niensis
411 1651 498 1718 etde
514 1650 628 1718 Zolum
643 1650 709 1718 iam
725 1649 854 1736 prelati,
885 1648 1007 1716 eisdem
1025 1649 1190 1733 [ladislao
1216 1649 1342 1720 Inahur
1366 1659 1400 1718 et

270 1759 383 1846 Boyob
398 1755 474 1841 filijs
490 1755 646 1843 Rodizlai,
674 1755 789 1824 Oosme
804 1757 871 1824 lilio
887 1755 1036 1842 Nyoolai,
1067 1757 1163 1824 Petro
1178 1756 1245 1824 filio
1260 1756 1399 1842 Voohlo,

270 1867 406 1936 Niooluo
430 1865 499 1934 filio
523 1863 646 1950 Foneb,
677 1865 858 1934 Laureneio
889 1864 956 1933 filio
987 1863 1156 1951 Stephani,
1187 1863 1299 1934 Ohobo
1330 1865 1397 1932 lilio

271 1973 432 2060 Radialai,
464 1975 597 2042 Paauan
612 1971 680 2038 filio
695 1971 802 2060 Vyda,
832 1971 971 2039 Iwanka
994 1971 1060 2040 filio
1082 1971 1227 2058 hlautba,
1258 1971 1400 2040 Martiuo

266 2081 339 2149 filio
355 2079 489 2168 Myleth,
512 2077 673 2146 nobilibus
688 2077 915 2164 iohagiouibus
930 2079 1037 2146 Casiri
1053 2079 1095 2146 de
1109 2080 1203 2145 Baua
1217 2099 1320 2166 prope
1343 2079 1401 2145 llu-

271 2189 361 2256 uium
377 2186 463 2272 Wag
488 2183 711 2270 existentibus,
736 2183 821 2252 huno
851 2185 995 2269 gradum
1025 2182 1176 2252 duximus
1204 2186 1399 2270 faciendam,

265 2292 361 2378 quod
376 2293 419 2360 de
435 2300 542 2360 oetero
557 2293 700 2378 exempti
715 2311 737 2358 a
751 2293 964 2377 iohagionutu
979 2293 1086 2361 Castri
1100 2291 1227 2378 prelati,
1244 2312 1317 2360 oum
1333 2293 1400 2360 uni·

270 2400 378 2470 uersis
392 2398 666 2484 possessionibus,
691 2397 785 2466 terris
801 2405 833 2464 et
847 2397 937 2466 uillis
969 2397 1037 2465 suis
1065 2399 1279 2484 prerogatiua
1309 2399 1399 2468 uobi-

272 2507 353 2576 lium
369 2510 402 2572 et
418 2503 597 2573 nobilitatis
612 2503 709 2574 titulo
724 2507 767 2572 ah
782 2506 920 2588 antiquo
939 2504 1163 2572 deuoratorum
1180 2505 1345 2588 gaudeant
1368 2514 1400 2572 et

273 2617 426 2693 letentur,
456 2615 490 2678 et
504 2612 539 2680 iu
555 2617 627 2680 oetu
642 2611 802 2682 nobilium
817 2613 921 2696 Regni
937 2613 1039 2682 nostri
1055 2633 1127 2680 aum
1152 2611 1301 2680 omnihus
1328 2635 1399 2700 pos·

270 2720 480 2792 sessionibus
494 2719 563 2788 suis
579 2721 716 2788 seruatis
732 2719 766 2786 iu
782 2721 931 2790 omnibus
947 2719 1190 2788 eondioiouibus
1206 2727 1400 2806 etpreroga-

275 2829 355 2898 tiuis
370 2825 527 2896 nobilium
543 2826 724 2894 habeantur
739 2827 802 2910 ipsi
819 2834 851 2896 et
866 2826 1008 2912 ipsorum
1023 2823 1158 2894 heredes
1182 2826 1402 2912 heredumque

272 2955 407 3006 snorum
424 2951 626 3004 suoaeasores
642 2933 776 3019 paoilloe
793 2941 826 3002 et
842 2933 964 3020 pariter
994 2934 1192 3002 iuoouousae
1229 2934 1273 3001 Vt
1303 2934 1403 3018 igitur

275 3045 371 3113 huius
384 3041 605 3126 exempoiouis
620 3047 731 3109 nostre
746 3041 846 3110 series
863 3041 958 3108 robur
973 3038 1117 3108 obtineat
1131 3045 1288 3124 perpetue
1304 3041 1403 3110 tirmi-

237 3229 239 3236 y
272 3150 363 3237 tatis,
379 3153 545 3236 presentes
560 3147 778 3216 eonoessimns
791 3147 963 3235 duppliois·
970 3147 1073 3232 sigilli
1088 3148 1191 3215 nostri
1217 3148 1399 3216 munimine

272 3257 455 3326 roboratas.
472 3255 591 3322 Datum
608 3273 666 3338 per
680 3275 797 3324 manus
811 3255 1009 3325 venerabilis
1023 3254 1126 3342 patris
1137 3253 1247 3322 fratris
1255 3251 1403 3324 Anthoui

275 3364 338 3431 Dei
354 3361 468 3448 granio
483 3359 635 3446 Episoopi
651 3357 890 3430 Chauadiensis
907 3362 949 3430 de
964 3361 1089 3432 Ordine
1119 3363 1270 3430 Fratrum
1300 3363 1403 3430 lliuo·

270 3465 356 3557 rum',
372 3467 459 3537 Aule
472 3474 582 3536 nostre
598 3467 871 3554 Vioetlanoellarii
888 3469 998 3539 dileeti
1014 3477 1047 3538 et
1061 3469 1167 3538 fidelis
1183 3469 1287 3538 nostri
1314 3489 1402 3538 auno

274 3575 407 3644 Domini
421 3571 543 3642 ΨΟΘο
558 3575 769 3660 nonagesimo
785 3583 911 3660 octauo,
941 3577 1047 3662 Regni
1062 3583 1171 3645 eutem
1187 3577 1292 3644 nostri
1308 3595 1396 3644 anuo

270 3703 370 3752 nouo.

269 3880 418 3940 (Eredetie
437 3875 620 3945 borhsrtyln,
639 3895 656 3932 a
674 3882 762 3949 tuggo
781 3881 874 3947 peostt
894 3883 1046 3948 slvesustt;
1067 3897 1084 3934 a
1100 3882 1186 3934 budai
1204 3882 1258 3934 kin.
1278 3879 1402 3934 kumarsi

741 3969 938 4034 leudltdrbsn.)

705 4255 975 4272 Ἀ
