3096 5160
629 1009 705 1078 387.

93 1207 122 1273 Α
163 1210 268 1276 lelcszi
308 1210 506 1276 koaoeutoek
538 1210 648 1276 Besaro
681 1210 806 1296 helyscp
836 1209 1100 1295 tororjurusdrot
1130 1209 1227 1274 scotto

465 1316 737 1402 br'zcrryrdplecele.
768 1310 882 1380 1287(

202 1511 358 1578 Omnibus
389 1511 507 1577 Christi
533 1511 679 1580 fidelibus
698 1511 901 1598 presentibus
920 1511 1040 1596 pariter
1056 1518 1088 1578 ct
1103 1515 1220 1580 futuris

94 1621 295 1707 presenciam
311 1620 466 1687 noticiam
482 1621 674 1706 inspecturis
707 1621 889 1688 conuentus
923 1619 1069 1688 Ecclesia
1101 1618 1220 1686 Sancte

96 1728 208 1796 Crucis
240 1728 280 1794 de
310 1727 408 1794 Leleu
440 1729 579 1795 salutem
606 1728 639 1795 in
656 1729 793 1796 Domino
813 1729 1051 1813 sempiternam.
1068 1729 1226 1796 Noueriut

99 1835 255 1924 uniuersi,
271 1835 358 1919 quod
374 1855 434 1902 nos
450 1836 667 1922 receperimus
684 1838 807 1904 litteras
833 1835 1107 1904 Excellentissimi
1138 1837 1229 1903 Priu-

97 1943 178 2029 cipis
210 1944 332 2010 domiui
364 1943 511 2012 Ludiutai
542 1945 604 2012 Dei
636 1947 749 2029 gracia
781 1945 880 2030 Regis
900 1944 1075 2032 Hungarie,
1092 1946 1126 2012 in
1143 1947 1227 2012 truuo

98 2061 261 2120 tenorem:

206 2159 379 2228 Ladiataus
411 2163 479 2229 Dei'
503 2161 615 2244 gracia
646 2163 715 2228 Rex
748 2159 914 2245 [iungaris
940 2163 1000 2230 stb.
1018 2155 1229 2248 (aovatkezik

99 2267 153 2337 lv.
169 2269 287 2333 Ltszlt
304 2267 483 2357 kiratyuak
499 2269 699 2354 hattrjarasi
714 2287 886 2356 paraucsa,
902 2268 983 2336 mint
998 2268 1129 2338 toutebb
1154 2273 1230 2342 381.

98 2395 143 2441 su.
161 2374 209 2460 a.)
399 2443 403 2458 ,

207 2484 277 2552 Nos
311 2483 409 2569 igitur
439 2483 603 2553 mandatis
632 2483 735 2568 ipsius
766 2482 886 2550 domini
927 2485 1027 2566 Regis
1068 2485 1232 2572 cupientes

100 2593 294 2680 atisiacsre,
326 2595 409 2660 sicut
425 2600 582 2681 tenemur,
615 2613 686 2658 cum
714 2593 859 2677 predicto
875 2591 996 2660 Jacobs
1014 2591 1054 2658 de
1069 2593 1232 2662 Korohwa

97 2699 233 2769 homino
250 2701 372 2768 domiui
397 2703 497 2786 Regis
528 2703 660 2769 fratrem
693 2699 885 2784 Agustinum
919 2699 1156 2768 transmisimus
1186 2703 1230 2769 ad

97 2810 287 2898 supradicta
303 2809 464 2876 iacienda.
482 2809 544 2888 Qui
560 2808 763 2895 postmodum
779 2807 823 2872 ad
839 2828 897 2874 uos
913 2809 1035 2874 reuersi
1052 2809 1111 2874 tali
1135 2809 1231 2876 modo

97 2921 282 2986 retulerunt
296 2917 399 3004 uobis,
413 2917 498 3002 quod
514 2918 577 3002 ipsi
599 2919 631 2983 iu
664 2915 744 2983 testo
778 2915 937 2982 Undecim
968 2915 1093 2982 Milium
1126 2915 1233 3001 Uirgi·

94 3049 174 3093 num
207 3027 424 3096 accessissent
456 3025 500 3092 ad
532 3026 648 3092 taciem
680 3025 860 3110 prescripta
885 3023 1099 3110 possessionis
1116 3025 1231 3093 &new

95 3141 223 3220 vocate,
240 3141 273 3199 ct
288 3134 391 3219 ipsam
422 3136 656 3220 possessiouem
689 3133 837 3200 omnibus
868 3132 936 3198 suis
969 3131 1085 3198 uicinis
1118 3153 1232 3201 conuo-

91 3242 184 3308 catis
199 3241 327 3328 stipsis
344 3243 551 3328 presentibus
570 3243 659 3310 nullo
677 3241 913 3309 contradictore
930 3246 1107 3326 apparente
1132 3263 1233 3310 ream-

91 3349 284 3428 bulassent;
308 3349 356 3416 ita
371 3350 458 3432 quod
474 3351 579 3436 prima
595 3357 683 3418 meta
700 3349 813 3434 incipit
830 3349 863 3414 iu
889 3347 1031 3431 quodam
1064 3349 1145 3435 loco,
1176 3351 1232 3417 ubi

89 3458 230 3540 quidam
262 3459 381 3526 fluuius
413 3457 565 3526 Chabrad
597 3464 731 3526 uocatus
764 3457 853 3523 cadit
885 3457 919 3522 in
949 3455 1083 3523 fluuium
1103 3455 1233 3525 Zechna

90 3573 262 3652 uocatum,
278 3566 335 3634 ubi
352 3573 426 3633 sunt
443 3568 504 3634 due
521 3575 605 3634 mate
621 3575 742 3648 terree;
766 3565 820 3632 ubi
837 3567 870 3631 in
887 3563 1000 3632 eodem
1019 3565 1119 3631 fluuio
1152 3567 1233 3634 (iha-

90 3673 183 3740 brad
198 3673 290 3742 uadit
305 3678 456 3758 superius
476 3696 590 3742 uersus
611 3674 776 3759 orientem,
795 3679 827 3737 et
844 3693 901 3758 per
926 3673 1064 3738 eundem
1095 3674 1137 3740 ad
1169 3695 1235 3742 ms·

88 3803 200 3867 gnum
217 3783 365 3870 spacium
382 3784 581 3850 transeundo
599 3785 706 3850 ueniet
724 3783 767 3848 ad
784 3779 865 3848 duos
882 3779 1075 3850 monticulos
1105 3784 1234 3868 suppte-

88 3900 158 3976 tos,
193 3911 273 3973 quos
304 3911 363 3976 pro
381 3897 468 3957 meta
494 3891 724 3958 commiserunt
740 3891 831 3956 iuxta
847 3889 987 3955 eundem
1003 3889 1136 3956 fluuium
1154 3889 1235 3956 Cha·

90 4000 179 4085 bra3
202 3997 323 4066 abinde
339 3999 444 4066 tendit
471 4020 586 4066 uersus
619 3997 795 4082 meridiem,
828 4019 886 4084 par
918 4017 1055 4088 paruum
1088 3999 1235 4083 spacium

87 4105 211 4173 ueniet
226 4105 268 4171 ad
290 4127 388 4172 unum
410 4107 543 4174 fluuium
575 4106 829 4194 Kyzwechynite
862 4113 1033 4190 uocatum;
1057 4105 1133 4173 inde
1164 4128 1236 4194 pro·

87 4212 190 4281 cedit
205 4231 316 4282 uersus
343 4215 496 4282 orientem
529 4237 589 4302 pcr
617 4236 769 4301 magnum
802 4215 967 4300 sprroium3
993 4215 1060 4283 enit
1093 4213 1133 4282 de
1164 4215 1235 4300 ipso

88 4319 204 4387 fluuio
233 4321 464 4408 Kyuwathuitc
495 4325 529 4390 in
562 4319 599 4391 eo
632 4325 712 4409 loco,
744 4324 798 4390 ubi
825 4323 1235 4407 fluuiuslttoncmuspatuk

88 4433 239 4498 vocatus
257 4432 343 4512 exit;
369 4431 576 4516 postmodum
594 4439 703 4498 seruat
719 4432 761 4498 ad
782 4430 956 4516 meridiam,
973 4438 1004 4497 ct
1021 4433 1168 4516 peruenit
1193 4430 1236 4496 ad

86 4557 225 4622 aquam
255 4539 408 4607 cheucw
439 4533 684 4621 uocatamjubi
718 4539 805 4606 ultro
836 4539 940 4622 ipsam
973 4545 1047 4605 sunt
1073 4537 1238 4604 duenrete

86 4657 226 4738 torrem
250 4647 373 4715 deiude
390 4648 538 4734 procedit
555 4648 661 4714 adhuc
679 4647 721 4712 ad
755 4645 893 4714 eandem
925 4647 1058 4733 plagam
1091 4646 1238 4714 meridio-

223 4781 508 4827 aerumnosarum.
528 4797 567 4810 -
587 4785 659 4824 orru.
676 4784 744 4826 sxrr.
1087 4757 1131 4822 30
