3112 5154
816 313 994 413 „aa

326 507 410 596 ipsis
427 505 700 592 Traguriensibus
730 512 879 593 tempore
897 529 998 596 snpra
1017 507 1103 578 dicte
1119 508 1241 593 prioris
1256 527 1386 594 guerre,
1402 509 1471 578 sint
1545 595 1546 600 Ἰ

334 615 584 684 eommunicet
614 613 778 682 hominnm
810 616 976 704 Tragurij,
1008 616 1122 702 eisque
1152 622 1369 702 permaneant
1398 617 1473 684 inre
1545 703 1546 712 ἵ

331 729 487 810 perpetuo
511 721 647 808 pacifice
662 723 880 808 possidende;
904 726 1053 809 exeeptis
1073 724 1311 810 prenominatis
1336 743 1467 809 posses·
1545 793 1546 804 ,

334 831 481 898 sionibus
496 829 813 918 Archiepiscupatus,
830 829 982 917 capituli,
1000 831 1267 900 Mouasteriorum
1285 832 1474 900 sechole-
1545 893 1546 896 ,

333 939 459 1006 siarum
489 936 634 1023 Spalati3
659 939 767 1006 etsnb
798 941 961 1008 columma
990 939 1296 1024 villeDedigiorum
1324 937 1471 1023 Ostrogh

332 1052 530 1132 nuncupate,
547 1065 586 1112 ac
600 1045 808 1133 infrascripta
823 1047 932 1115 insula
954 1046 1067 1114 Sancti
1082 1045 1251 1130 Stephani.
1268 1049 1311 1114 Mt
1341 1065 1475 1132 posses·

334 1154 443 1222 siones
459 1153 624 1220 hominum
640 1153 803 1241 TraguriJ,
818 1174 881 1238 quo
898 1155 1024 1222 suntin
1041 1153 1129 1220 dicta
1145 1159 1232 1222 meta
1247 1173 1307 1222 seu
1320 1154 1475 1221 columna
1545 1175 1546 1180 ¹

335 1281 448 1329 versus
465 1261 639 1328 Ciuitatem
657 1259 784 1347 Spalati
803 1259 865 1348 (et)
883 1267 1029 1348 temporo
1044 1260 1224 1346 superioris
1250 1281 1367 1346 guerre
1398 1281 1473 1328 con·

336 1387 428 1436 cesso
457 1368 595 1456 fuerunt,
626 1368 693 1435 sint
708 1368 873 1436 hominum
905 1370 1033 1456 Spalati
1062 1389 1121 1455 pro
1137 1368 1326 1437 concambio
1342 1389 1474 1453 posses·

336 1475 463 1544 sionum
480 1495 621 1564 suarum,
639 1497 720 1562 quas
745 1475 822 1542 olim
849 1475 1033 1546 habueruut
1048 1477 1083 1542 in
1115 1477 1276 1544 territorio
1307 1477 1474 1561 Tragurij.

336 1584 379 1651 Ili
394 1585 471 1670 quia
502 1584 690 1652 examinata
706 1591 738 1652 et
754 1585 911 1670 inquisita
936 1605 994 1672 per
1009 1605 1070 1654 nos
1088 1585 1227 1654 veritate
1246 1587 1473 1671 comperimus,

339 1693 427 1775 quod
451 1693 671 1780 possessiones
697 1693 862 1763 homiuum
896 1694 1033 1779 Spoleti,
1065 1713 1128 1778 que
1161 1699 1256 1760 erant
1270 1715 1292 1760 a
1322 1695 1476 1762 columna
1545 1757 1546 1766 ,

339 1801 447 1886 posita
477 1801 512 1868 in
544 1809 632 1868 terra
661 1821 774 1868 versus
805 1801 1000 1886 Tragurium
1033 1801 1115 1868 etin
1143 1801 1277 1868 ciuitate
1307 1803 1475 1888 Tragurij,
1545 1785 1546 1792 ἵ

287 1915 291 1919 “
341 1915 435 1976 erant
457 1908 491 1974 in
510 1909 626 1976 maiori
642 1908 826 1993 quantitate
843 1929 940 1992 quam
960 1917 1052 1976 erant
1068 1910 1293 1993 possessiones
1309 1910 1478 1994 Tragnrij,
1545 1973 1546 1984 ,

332 2036 405 2100 qne
434 2021 526 2082 erant
542 2037 562 2083 a
578 2017 767 2102 supradicta
798 2018 950 2084 columna
981 2015 1066 2084 infra
1097 2037 1213 2084 uersus
1245 2017 1415 2102 Spalatum
1442 2019 1476 2082 in

341 2125 503 2190 territorio
520 2131 552 2190 et
568 2123 708 2192 Ciuitate
728 2123 867 2210 Spalati,
888 2124 1092 2212 proferimus,
1116 2123 1312 2191 arbitramur
1328 2132 1362 2190 et
1392 2123 1477 2191 diffi-
1545 2123 1546 2128 ’

342 2231 432 2296 uituc
471 2231 723 2310 sentenciamua
759 2231 845 2316 quod
880 2233 1056 2300 commune
1086 2237 1118 2298 et
1142 2232 1288 2300 hominen
1320 2231 1475 2318 Tragurij
1545 2229 1546 2316 j

343 2337 430 2424 deut,
446 2339 636 2424 persoluant
652 2345 684 2403 et
699 2339 869 2422 assignent
883 2339 915 2405 in
936 2338 1069 2407 ciuitate
1093 2341 1235 2426 spaloti,
1260 2337 1333 2406 sine
1364 2339 1475 2406 eidem
1545 2365 1546 2374 ¹

344 2445 477 2514 Ciuitati
507 2445 635 2533 Spalati
665 2446 838 2532 recipienti
869 2447 941 2516 vice
974 2455 1007 2515 et
1030 2449 1159 2514 nomine
1187 2448 1327 2516 omnium
1342 2447 1472 2517 illorum
1545 2469 1546 2496 ³

344 2554 536 2642 specialium
552 2553 802 2641 Spalatensium,
819 2557 874 2639 qni
894 2555 1117 2641 possessiones
1142 2556 1326 2624 habuerant
1356 2562 1424 2622 tam
1442 2559 1478 2622 iu
1545 2639 1546 2652 ἵ

343 2663 506 2730 territorio
536 2683 634 2748 qnam
649 2663 684 2730 iu
700 2663 832 2730 ciuitate
853 2663 1018 2750 Tragurij‚
1043 2666 1106 2730 tria
1122 2663 1226 2730 millia
1242 2663 1399 2729 librarum
1416 2665 1480 2731 Ve-
1545 2671 1546 2680 ³

282 2839 287 2849 ,
344 2777 410 2840 not.
428 2790 517 2856 parv.
536 2771 570 2836 in
587 2770 690 2837 tribus
706 2767 862 2856 terminis,
891 2771 1080 2836 videliceta
1101 2770 1186 2839 festo
1212 2771 1326 2837 Sancti
1357 2771 1480 2838 Micha·
1545 2837 1546 2840 ,

345 2881 406 2947 elis
422 2877 543 2946 mensis
558 2877 758 2964 Septembris
774 2879 918 2963 proxime
937 2878 1037 2947 futuri
1050 2880 1193 2945 inantea
1211 2878 1476 2963 nsqueaulunnm
1545 2923 1546 2930 κ

345 3007 466 3056 annum
482 2985 677 3070 completum
698 2991 774 3051 tuno
799 2983 948 3071 primitus
974 2993 1144 3053 venturum
1170 2985 1270 3053 libras
1295 2985 1345 3068 M;
1369 2997 1402 3052 et
1427 2990 1472 3052 ab

345 3095 422 3162 iude
437 3094 472 3160 iu
504 3100 602 3158 antea
633 3111 735 3177 usqne
766 3093 915 3160 adalind
947 3092 1064 3160 festum
1098 3095 1210 3161 Sancti
1243 3095 1416 3163 Michaelis
1442 3097 1480 3165 iu

347 3201 552 3269 reuolnoione
568 3201 646 3266 anni
662 3208 738 3268 tuno
753 3201 897 3286 proxime
921 3203 1048 3267 venturi
1064 3203 1147 3270 alias
1163 3202 1195 3266 M
1228 3203 1347 3284 libras3
1370 3207 1403 3270 et
1418 3201 1477 3270 de·
1545 3263 1546 3268 ,

347 3309 425 3377 inde
439 3309 474 3376 in
489 3315 587 3375 antea
611 3328 716 3393 usque
732 3307 775 3376 ad
791 3311 926 3377 tercium
942 3311 1059 3378 sestam
1076 3311 1187 3377 Sancti
1203 3309 1373 3378 Michaelis
1389 3311 1482 3378 simi-

347 3419 426 3485 liter
440 3415 475 3482 in
490 3415 699 3484 deuolucicne
716 3415 792 3482 anni
824 3425 903 3483 tnnc
919 3417 1067 3503 'proxime
1086 3418 1214 3486 venturi
1240 3418 1359 3485 tercias
1389 3418 1479 3486 alias

348 3525 382 3589 M
397 3523 508 3590 libras.

457 3631 545 3699 Villa
561 3637 669 3698 antem
686 3651 748 3717 que
764 3637 968 3717 nuncupatur
984 3630 1132 3718 Ostroch‚
1147 3652 1246 3720 super
1262 3653 1360 3718 quam
1392 3635 1483 3701 inter
1545 3695 1546 3698 ,

349 3741 515 3830 predictas
547 3739 705 3806 Ciuitates
737 3739 867 3825 Spalati
899 3746 931 3806 et
951 3739 1102 3825 Tragurij
1134 3741 1261 3824 questio
1286 3739 1485 3830 vertebatur,
1545 3777 1546 3780 π

349 3849 507 3932 inquisita
522 3867 580 3932 per
595 3846 777 3934 priuilegia,
794 3847 1045 3916 testificaciones
1071 3847 1233 3914 hominum
1266 3847 1485 3918 veridicorum
1545 3849 1546 3882 ³

350 3957 525 4042 diligenter
550 3955 696 4042 veritato,
714 3975 773 4041 per
787 3961 933 4024 nostrum
953 3956 1120 4024 arbitrium
1137 3962 1170 4023 et
1185 3956 1385 4023 sentenciam
1401 3957 1488 4025 diffi·
1545 4039 1546 4042 Ἴ

352 4066 488 4132 nitinam
506 4063 554 4130 sic
569 4063 719 4130 duximus
735 4063 993 4146 terminandum3
1017 4063 1170 4130 videlicet
1195 4063 1284 4149 quod
1297 4063 1380 4131 villa
1408 4083 1486 4131 cum

352 4175 421 4242 suis
437 4173 590 4258 pasculis,
600 4172 712 4258 pratis,
730 4173 924 4258 nemoribus,
946 4173 1042 4256 aquis
1059 4178 1091 4238 ct
1107 4171 1256 4239 omnihus
1272 4171 1488 4240 circumstan-

354 4283 414 4367 cijs
432 4278 493 4368 (et)
525 4280 736 4370 pertinencijs
768 4281 835 4347 suis
866 4299 925 4364 per
941 4278 1119 4347 Commune
1135 4299 1192 4348 seu
1215 4279 1388 4347 ciuitatem
1402 4279 1490 4349 Tra·

354 4389 439 4475 gurij
458 4389 603 4456 totaliter
619 4408 659 4456 ao
682 4389 825 4456 finaliter
842 4386 975 4457 amodo
1004 4387 1209 4472 relinquatur
1239 4387 1389 4455 omnibus
1419 4387 1491 4456 illis
1545 4403 1546 4408 ’

353 4497 625 4564 commorantibus
658 4495 784 4581 Spaleti
813 4496 866 4564 vel
883 4496 1050 4582 Tragurij,
1081 4495 1134 4580 qni
1161 4495 1345 4582 vulgariter
1368 4495 1492 4579 liugas

356 4602 548 4670 Solanonica
563 4601 683 4686 Dedigi
700 4603 926 4691 appellautnr;
946 4599 1002 4688 qni
1018 4602 1132 4690 eciam,
1150 4601 1235 4670 siout
1250 4607 1337 4671 certo
1362 4601 1493 4671 cercius
1545 4651 1546 4690 ;
