3068 5150
846 1091 921 1160 309.

1531 891 1532 928 l

1531 931 1532 1000 l

307 1275 347 1353 ‘A
379 1293 508 1376 rrpr'troi
537 1288 759 1372 ldplalorraol:
789 1290 1066 1376 bizoagsdglecele,
1098 1297 1183 1380 hogy
1199 1293 1444 1359 HuntPoaaaa

316 1395 553 1484 oerrszatsc'pbeli
577 1393 715 1460 Walloco
740 1419 838 1461 comes
871 1397 1017 1464 Maictit
1033 1407 1114 1464 aaut
1138 1399 1275 1468 birtokcit
1292 1401 1438 1490 illefonsi
1531 1379 1532 1470 i

607 1503 718 1568 Eadre
734 1504 888 1569 comesnelc
903 1505 1024 1570 elodta.
1048 1507 1145 1574 1282.

424 1699 591 1764 Vniuersis
622 1697 741 1764 Christi
771 1697 922 1768 fidelibus
953 1701 1068 1785 quibus
1097 1709 1264 1788 presentes
1276 1705 1441 1788 patuerint

317 1809 494 1878 Nitriensis
509 1809 653 1876 Ecolesie
670 1809 853 1895 Capitulum
865 1811 1003 1878 salutem
1015 1812 1047 1878 in
1058 1811 1195 1880 Domino
1206 1813 1441 1899 sempiternam.

316 1917 544 2000 Significamus
575 1917 679 2004 vobis,
711 1917 798 2000 quod
828 1919 877 1982 vir
908 1917 1027 1986 nobilis
1059 1919 1174 1985 Comes
1187 1918 1344 1987 Wulrlren
1362 1921 1443 1987 lilios
1531 1983 1532 1986 ,

316 2025 448 2091 Comitis
465 2025 617 2092 Wukken
634 2025 675 2090 de
692 2044 812 2106 genere
827 2024 916 2090 Hunt
930 2025 1063 2092 Parnan
1080 2027 1122 2093 ab
1148 2048 1214 2093 vna
1245 2032 1361 2114 parte3
1386 2026 1444 2095 Oo-

315 2153 384 2199 mes
417 2129 572 2197 Andreas
605 2131 728 2198 nobilis
760 2131 800 2198 de
832 2131 961 2198 Elefant
992 2153 1031 2198 er
1063 2134 1176 2217 altera,
1201 2153 1310 2200 coram
1353 2135 1443 2201 nobis

315 2239 527 2324 personaliter
538 2239 712 2324 constituti,
722 2237 808 2305 idem
819 2239 934 2305 Comes
942 2238 1250 2326 Wukenproposuit
1258 2242 1446 2329 asserendo,

316 2343 402 2429 quod
434 2364 505 2410 cnm
522 2344 686 2427 quandam
718 2343 956 2430 possessionem
973 2365 1065 2412 suam
1081 2347 1150 2414 iore
1165 2345 1357 2414 hereditatis
1374 2369 1444 2432 pos

315 2473 441 2520 sessam
457 2451 601 2519 blaiohik
617 2463 765 2520 vocatam
782 2453 873 2518 iuxta
888 2453 1021 2519 fluuium
1043 2453 1216 2538 Dudwagh
1238 2455 1448 2522 adiacentem

202 2607 204 2612 -
249 2637 257 2646 ¹
317 2569 444 2647 proptor
483 2559 639 2646 quosdam
681 2561 834 2628 articulos
866 2561 1069 2628 necessitatis
1100 2582 1157 2629 sue
1190 2562 1294 2629 eidem
1326 2563 1446 2629 Comiti

315 2671 447 2737 Andree
462 2689 521 2756 pro
538 2670 683 2737 ducentis
700 2670 818 2736 marcis
845 2669 901 2735 fini
933 2670 1063 2755 argenti
1094 2671 1223 2755 pignori
1254 2669 1446 2756 obligasset,

314 2784 347 2846 et
362 2799 398 2845 se
414 2777 557 2861 undique
588 2777 813 2863 prospiciendo
839 2797 878 2844 ac
897 2777 1132 2844 considerando
1152 2777 1454 2866 circumspexisset

313 2895 349 2954 vt
365 2890 395 2955 ei
412 2887 551 2954 facultas
568 2905 673 2952 rerum
699 2890 831 2971 propter
863 2886 1058 2967 grauamina
1089 2885 1163 2970 ipsa
1193 2905 1293 2972 super
1324 2885 1447 2953 dictam

314 2995 550 3082 possessiouem
575 2993 826 3078 inpignoratam
850 2992 1029 3060 redimendi
1056 3013 1121 3059 non
1142 2999 1347 3078 superesset;
1372 3016 1447 3064 aen-

314 3111 382 3171 tum
398 3121 526 3168 marcas
541 3099 690 3166 similiter
706 3099 762 3166 fiiri
781 3101 908 3184 argenti
940 3101 1072 3186 insuper
1104 3101 1145 3167 ab
1177 3100 1290 3168 eodem
1323 3103 1453 3172 Comite

315 3208 449 3276 Andrea
480 3207 562 3274 dixit
586 3227 623 3274 se
640 3207 785 3293 plenarie
801 3189 971 3294 recepisse,
988 3213 1157 3292 prenotato
1174 3205 1290 3274 Comiti
1304 3209 1454 3298 Andree,

315 3327 349 3387 et
365 3337 424 3404 per
448 3337 520 3385 eum
550 3317 618 3382 suis
648 3314 821 3382 heredibus
852 3315 1069 3400 heredumque
1100 3317 1341 3384 successoribus
1375 3340 1450 3386 oum

317 3425 468 3493 omuibus
498 3424 706 3508 utilitatibus,
736 3423 945 3509 pertinenoijs
962 3443 1002 3490 ac
1018 3425 1275 3509 circumstanoljs
1301 3426 1451 3494 eiusdem

315 3530 529 3619 possessionis
547 3550 603 3615 pro
618 3529 684 3596 iam
701 3529 795 3595 dictis
812 3533 965 3598 trecentis
981 3531 1099 3598 marcis
1124 3531 1181 3597 fini
1212 3533 1343 3614 argenti
1375 3533 1453 3600 reli-

316 3641 440 3722 quisset
470 3645 501 3704 et
517 3637 715 3705 vendidisset
730 3639 799 3704 iure
815 3647 973 3724 perpetuo
994 3638 1235 3724 possidendam.
1253 3639 1329 3705 'Pali
1346 3643 1457 3709 nichi-

315 3749 454 3815 lominus
472 3745 662 3814 oondioione
692 3746 882 3832 inte1·serta;
907 3747 993 3831 quod
1023 3748 1051 3813 si
1082 3767 1235 3834 processu
1265 3751 1452 3832 temporum

315 3857 431 3922 cadom
463 3853 626 3936 possessio
643 3872 700 3937 per
716 3853 899 3940 quempiam
919 3854 1073 3922 niteretur
1105 3853 1262 3941 reuocari,
1279 3855 1454 3922 antefatus
1531 3897 1532 3902 κ

316 3961 433 4029 (lomes
449 3959 602 4026 Wubken
620 3967 652 4027 et
667 3961 718 4028 sni
733 3961 868 4028 heredes
885 3960 1024 4030 eundem
1041 3961 1196 4028 Comitem
1228 3960 1403 4029 Andream
1422 3969 1455 4030 et

316 4089 391 4139 suos
417 4086 620 4135 successores
637 4069 778 4155 propriis
795 4069 962 4136 laboribus
982 4075 1014 4134 et
1030 4067 1181 4154 expensis
1197 4073 1264 4134 tam
1282 4086 1358 4134 cum
1376 4069 1456 4154 ipsa
1531 4149 1532 4178 1

315 4176 513 4245 hereditaria
528 4176 733 4260 possessione
748 4197 809 4244 sua
821 4177 1022 4261 equinalonti
1034 4183 1066 4242 et
1076 4173 1236 4243 consimili
1246 4175 1457 4261 possessioni
1531 4195 1532 4204 ¹

317 4285 448 4353 vendita
479 4302 540 4369 per
571 4303 654 4365 enm,
685 4303 782 4367 quam
798 4291 831 4351 et
847 4304 918 4350 eum
936 4283 1013 4368 alijs
1037 4283 1104 4350 suis
1122 4283 1218 4351 rebus
1235 4281 1383 4369 proprijs
1400 4281 1456 4349 de·

259 4428 263 4435 ·
317 4393 452 4462 fondere
468 4397 500 4457 et
516 4391 670 4476 expedire
686 4391 790 4458 modis
814 4393 964 4460 omnibus
995 4397 1151 4477 teneatur,
1182 4390 1288 4478 ipsam
1319 4409 1459 4476 posses-

315 4504 441 4572 sionem
474 4507 505 4565 et
536 4499 585 4564 ius
602 4505 789 4582 perpetuum
822 4495 907 4586 (lgy)
940 4497 1083 4567 eiusdem
1111 4495 1245 4564 Comitis
1270 4496 1410 4566 Andree
1427 4503 1468 4568 et

316 4628 445 4678 snorum
461 4603 615 4672 beredum
633 4604 768 4691 pacifice
783 4626 910 4692 semper
926 4613 960 4674 et
976 4605 1209 4675 inviolabiliter
1223 4619 1465 4696 permanente,
