3096 5160
615 351 776 450 „ffl-

127 553 192 614 tres
209 550 334 616 tenelle
350 549 420 618 vini
436 549 606 618 annuatim
617 547 777 617 debentur
786 547 916 616 nomine
926 545 1140 636 ohibrionom,
1150 549 1258 618 eidem

128 655 246 723 comiti
261 657 432 746 Myohaeli
447 663 480 724 et
494 657 563 728 sois
579 655 666 743 filijs,
696 677 735 725 oo
751 655 830 743 filijs
846 655 971 724 'rhome
988 654 1125 724 (inmitis
1140 663 1174 724 et
1201 657 1265 726 sre-

127 764 187 834 tris
203 765 256 832 sni
273 766 309 832 in
327 786 438 834 eornm
455 767 643 853 poroionem
659 764 821 849 deuolute,
838 768 948 832 essent
964 760 1142 834 diuidendo
1167 785 1264 852 eque·

128 875 202 941 liter
220 879 254 942 et
269 873 423 942 habende
438 880 598 962 perpetuo
613 893 653 942 oe
668 872 819 942 tenende.
843 873 885 940 Et
900 871 949 941 sio
964 871 1116 941 vniuerso
1127 873 1267 960 questio·

129 1003 196 1066 nes,
213 1003 299 1066 qnos
315 982 404 1050 idem
421 983 536 1052 Oomes
551 981 701 1069 Myoheei
727 986 760 1048 et
789 979 849 1067 filij
881 980 942 1065 sni,
974 1000 1016 1048 ao
1046 980 1105 1068 filij
1139 979 1266 1051 Thome

131 1089 266 1159 Comitis
284 1090 465 1176 suprodioti
480 1096 593 1160 nonme
610 1087 740 1160 eosdem
756 1088 841 1158 filios
857 1085 992 1158 Comitis
1007 1088 1149 1179 Andree,
1169 1095 1203 1157 et
1219 1090 1265 1158 ed

130 1217 186 1266 eos
203 1199 418 1286 pertinentes,
432 1200 466 1268 in
483 1197 656 1269 Preeenoia
671 1197 777 1283 Regia
792 1197 992 1284 habuissent,
1007 1197 1120 1267 sedate
1136 1198 1263 1268 extitis-

129 1315 203 1376 eent
217 1308 343 1394 pariter
359 1314 391 1377 et
407 1308 532 1396 sopite;
556 1309 603 1376 ite
618 1315 652 1376 vt
667 1308 883 1376 instrumente
898 1313 931 1374 et
946 1306 1132 1394 priuilegia,
1149 1307 1178 1376 si
1193 1327 1260 1393 qno

128 1416 227 1501 ijdem
243 1417 302 1503 filij
321 1413 455 1485 Comitis
470 1415 601 1486 Andree
617 1435 719 1504 penes
735 1435 772 1484 se
787 1416 944 1485 heberent
959 1435 1057 1502 snper
1083 1417 1262 1502 possessio·

129 1524 225 1594 nibne
241 1523 275 1590 in
292 1525 481 1610 poroionem
498 1523 644 1594 eiusdem
671 1523 807 1593 Comitis
838 1524 1025 1612 Myehoeles
1056 1531 1089 1594 et
1119 1524 1262 1592 tiliorum

128 1651 213 1716 snos,
229 1651 271 1700 oe
286 1625 423 1700 filiorem
440 1629 576 1702 Oomitie
591 1631 715 1700 'rhome
739 1629 859 1718 preioti
891 1629 1091 1722 cedentibus,
1114 1630 1162 1698 eis
1193 1633 1254 1700 snb

129 1739 251 1808 noticia
267 1747 300 1807 et
314 1740 399 1810 seito
413 1741 517 1826 ipsine
531 1739 652 1809 domini
675 1740 829 1829 Episoopi
853 1741 1061 1809 restituerent
1089 1740 1253 1826 minores,

129 1854 160 1914 et
175 1847 276 1916 etune
292 1848 388 1916 velud
402 1847 461 1935 filij
478 1848 575 1916 trium
591 1847 727 1916 fratrum
744 1867 781 1916 se
797 1845 840 1915 ed
855 1847 996 1918 inoioem
1022 1847 1254 1935 empleetoren·

130 1964 182 2022 tnr
197 1965 231 2026 et
246 1957 424 2043 diligerent
441 1979 481 2031 ex
511 1956 636 2024 intimis
668 1963 699 2026 et
729 1956 866 2026 sinceris
897 1953 1074 2026 vieoeribos
1104 1955 1251 2025 oeritetis

131 2066 277 2144 Quarum
290 2057 472 2134 litterarum
489 2065 552 2134 sib.
575 2067 697 2134 Datum
721 2065 814 2135 Bnde
844 2063 1014 2134 rn‘deoimo
1045 2063 1099 2133 die
1130 2065 1259 2134 termini

130 2175 366 2259 reporteoionis
381 2173 478 2244 seriei
494 2180 666 2262 prenotate
680 2193 769 2243 enno
784 2175 914 2242 Domini
939 2173 1113 2244 millesimo
1138 2179 1260 2244 treoen·

131 2283 243 2352 tesimo
259 2283 530 2369 quinquagesimo
547 2284 659 2352 teroio.

347 2483 488 2546 (Eredetie
507 2499 524 2536 e
543 2483 628 2538 budei
640 2483 694 2538 kir.
707 2483 837 2550 nomenoi
849 2481 1047 2550 levelterbon.)

566 2770 832 2780 Ἤ

660 3307 735 3378 dee.

131 3501 163 3568 A
181 3509 269 3594 incip-i
283 3509 511 3597 kdptolonoak
528 3507 807 3595 bizooyeo'pleoede,
836 3511 921 3596 hopy
936 3511 1014 3576 Kon
1032 3477 1142 3578 Istodo
1159 3533 1260 3577 eomes

130 3613 314 3682 Bndholmn
331 3617 484 3703 helyee'pet
500 3617 617 3682 odoere
634 3615 838 3704 Mooyitook,
854 3619 886 3684 ds
899 3619 1012 3704 adporo
1028 3619 1136 3686 Garoe'
1161 3617 1260 3685 Pror-

508 3725 566 3788 ooie
581 3725 753 3811 dteoqedte.
777 3725 876 3792 1291.

398 3928 428 3988 A
590 3923 617 3988 B
779 3920 804 3986 G
966 3919 997 3986 D

238 4120 304 4189 Nos
319 4119 483 4204 Magister
498 4118 621 4206 Symon
637 4116 827 4205 Prepositns
845 4123 877 4184 ot
893 4113 1079 4204 capitulum
1112 4094 1259 4186 Eeelesie

128 4225 225 4294 Beati
239 4227 408 4313 Lenrenoij
428 4227 470 4295 de
486 4227 562 4314 Hoy
577 4227 730 4296 memorie
747 4225 1011 4294 commendantes
1037 4224 1258 4311 significamus

127 4335 289 4402 vnioersis
309 4336 427 4422 quibus
444 4342 615 4423 presentes
632 4333 879 4423 hostendontur‚
911 4333 1051 4401 salntem
1068 4334 1101 4400 in
1118 4334 1259 4403 Domino

127 4443 369 4526 sempiternam.
389 4445 438 4511 Ne
455 4445 615 4512 effrenata
631 4443 796 4531 cupiditas
812 4441 862 4512 sui
878 4441 1019 4530 prodiga
1034 4445 1138 4509 meter
1153 4441 1259 4509 litium

127 4553 268 4618 materie
283 4551 464 4634 iurgiorum
479 4572 567 4620 none
582 4551 716 4620 oottidie
733 4551 842 4635 litigia
857 4570 916 4618 seu
933 4548 1130 4618 discordiam
1161 4570 1260 4635 gene-

124 4665 193 4746 ret,
224 4666 253 4727 et
269 4681 311 4730 ne
328 4659 502 4732 concordie
520 4665 613 4730 extre
630 4658 742 4727 mnndi
758 4660 913 4728 terminos
930 4658 1065 4730 exilium
1090 4658 1259 4747 paciatur:
