3148 5164
185 487 225 534 ac
240 467 488 552 assignantibus
505 467 538 533 in
554 478 747 554 perpetuum
764 472 899 555 pacifice
915 479 947 537 ct
963 472 1069 554 quiete
1094 493 1134 540 ac
1158 474 1319 542 irreuooe·

185 573 291 638 bilitsr
307 572 558 658 possidendam3
582 573 669 641 idem
688 577 802 644 Comes
819 579 936 644 Petrus
952 578 987 643 in
1013 579 1158 645 eiusdem
1191 578 1320 662 porcio-

184 679 238 744 nis
255 679 479 746 concambium
496 688 617 748 terram
635 701 717 764 eque
733 683 927 764 quantitatis
944 689 976 750 ct
1008 684 1125 751 valoris
1157 681 1198 748 de
1232 691 1319 750 terra

186 805 247 852 sua
263 785 414 869 Deregne
429 794 618 871 nuncupata
634 808 670 855 se
686 789 797 855 retulit
827 787 964 874 dedisse,
997 790 1183 874 contulisse,
1218 789 1318 856 tradi-

185 891 274 959 disse
291 899 322 959 et
338 894 527 976 assignasse
543 895 737 978 prescriptis
754 893 872 962 comiti
887 896 1034 964 limerico
1060 903 1092 963 et
1122 894 1200 978 filijs
1234 896 1319 963 eius-

185 1001 259 1064 dem
276 999 428 1067 similiter
444 1000 479 1065 in
495 1007 685 1084 perpetuum
701 1002 836 1085 pacifice
851 1023 891 1068 ac
923 1001 1180 1070 irreserabiliter
1216 1002 1319 1086 possi·

185 1106 345 1188 dendom3
370 1107 417 1171 ita
433 1107 539 1192 plene,
557 1111 591 1172 ut
606 1126 666 1172 nec
683 1105 794 1193 iidem,
811 1109 867 1191 qui
883 1109 977 1175 modo
994 1109 1152 1192 premisso
1171 1127 1319 1174 concam·

186 1215 275 1281 bium
292 1213 436 1280 habitum
453 1233 550 1296 super
566 1211 661 1279 terris
678 1215 746 1279 suis
764 1215 942 1297 prenotatis
959 1213 1151 1297 ordinatum,
1186 1214 1320 1298 facturn,

187 1326 292 1388 ratum
310 1329 342 1386 et
357 1319 482 1387 firmum
508 1318 778 1404 conseruandum,
810 1320 843 1385 in
875 1328 1037 1406 postemm
1068 1319 1254 1386 habendum
1287 1327 1321 1387 et

186 1427 363 1495 tenendum
379 1426 474 1491 nobis
490 1425 677 1508 recitarunt,
692 1445 751 1492 nec
767 1425 905 1494 heredes
921 1427 1097 1494 eorundem
1113 1433 1171 1492 aut
1187 1427 1319 1511 cognati

185 1535 332 1608 eiusdem
350 1533 535 1615 concambij
553 1533 682 1598 titulum
699 1534 874 1602 reuocandi
902 1555 1041 1619 unquam
1074 1534 1141 1600 ullo
1173 1539 1319 1619 tempore

187 1644 357 1711 habebunt
372 1639 570 1708 facultatem.
595 1642 634 1705 In
651 1642 743 1707 cuins
761 1641 810 1706 rei
827 1643 1014 1709 memoriam
1045 1647 1213 1727 presentes
1246 1659 1319 1708 con-

189 1750 346 1817 cessimus
363 1747 490 1814 litteras
506 1747 617 1829 sigillo
632 1755 745 1814 nostro
761 1749 949 1830 roboratas;
965 1748 1131 1832 Magistris
1147 1747 1320 1830 Mychaele

191 1857 372 1941 Proposito,
405 1854 523 1920 Cosmo
542 1851 691 1937 (lentore,
722 1853 831 1920 Blasio
847 1854 997 1940 Custode,
1028 1855 1170 1940 Symonc
1186 1854 1319 1919 Decano

190 1961 416 2045 existentibus,
435 1980 520 2025 anno
536 1959 666 2026 Domini
684 1960 856 2026 millesimo
874 1960 1321 2041 ducentesimononagesimo

187 2070 299 2138 tercio.

195 2267 230 2326 (A
250 2265 363 2316 saeviri
383 2265 578 2326 ksiptalannak
594 2268 671 2314 1363.
686 2263 775 2312 »teria
787 2264 887 2323 quintu
900 2263 1030 2326 proxima
1043 2266 1109 2314 anto
1122 2263 1226 2310 lentum
1238 2260 1322 2310 Beati

190 2354 348 2420 Mychaelis
362 2353 534 2418 Argangeli«
548 2351 652 2402 Mikros
671 2351 838 2416 esztergami
858 2351 938 2400 ersek
957 2351 1086 2400 szsimara
1105 2350 1218 2400 kiadott
1237 2349 1323 2399 ttira-

420 2442 516 2504 tribol;
536 2457 552 2490 a
570 2441 655 2490 buslai
674 2439 728 2492 kir.
748 2440 877 2490 kamaraci
896 2438 1093 2505 levtlttrbnn.)

724 3268 801 3338 447.

196 3469 446 3553 Torrc'nplcezaeisi
461 3469 631 3531 lotdrozot
652 3441 757 3529 (leciri
784 3465 921 3529 Konrrirl
947 3475 1063 3546 cruenter,
1094 3487 1110 3526 c
1143 3466 1206 3528 Pol
1235 3465 1327 3550 persi

191 3579 320 3666 pimpiilc
337 3576 637 3652 c'serdcktcirrai‚a
663 3571 795 3638 szcrc'nrt'
820 3577 879 3636 cciv·
902 3573 1082 3656 jobba'pyar'
1115 3572 1195 3637 tear.
1226 3573 1326 3634 1293.

306 3772 411 3838 Datur
426 3789 484 3856 pro
502 3767 666 3849 memoria,
683 3765 770 3851 quod
787 3764 948 3849 Magister
975 3765 1133 3832 Gor-aldus
1165 3763 1206 3830 de
1238 3764 1328 3832 Onar

193 3882 235 3948 do
252 3878 401 3946 omnibus
419 3881 452 3942 et
468 3875 627 3943 uniuersis
638 3873 785 3960 judicijs,
819 3873 986 3955 inquibus
1014 3879 1126 3940 contra
1157 3870 1330 3938 venerabi-

192 3991 256 4054 lem
288 3993 414 4072 patrem
454 3982 618 4050 dominum
649 3981 847 4068 Episcopum
880 3977 1262 4062 Quinqueccclesiensem
1293 3984 1329 4043 et

195 4093 353 4162 Comitem
368 4091 499 4174 Bolugh
516 4091 646 4155 affinem
663 4109 766 4172 suum,
784 4095 816 4152 et
833 4089 916 4154 Ders
932 4085 1063 4153 tratrem
1081 4089 1177 4171 Ders,
1194 4087 1328 4152 Petrum

195 4203 330 4268 fratrem
347 4199 541 4282 Salomonis,
567 4196 757 4263 lliclraelem
790 4201 822 4262 et
853 4195 937 4262 alios
967 4195 1072 4261 socios
1104 4201 1136 4259 et
1168 4199 1328 4275 cognatos

195 4309 350 4394 ipsorum,
361 4306 559 4391 jobagiones
576 4305 683 4372 Castri
700 4302 898 4388 Syrmiensis
915 4300 956 4368 de
974 4301 1146 4383 Gormoch,
1164 4321 1266 4384 usque
1282 4298 1325 4366 ad

196 4417 307 4484 datam
326 4414 528 4500 presencium
545 4411 638 4477 iuxta
653 4411 790 4476 sormam
805 4408 984 4474 litterarum
1015 4407 1218 4474 iudicialium
1252 4425 1329 4487 quo-

195 4524 348 4592 numlibet
359 4519 505 4606 judicum
523 4526 555 4586 et
586 4529 768 4587 nostrorum
798 4523 1011 4603 remanserat,
1045 4515 1136 4581 nohis
1170 4523 1330 4597 tanquam
