3096 5160
575 343 736 446 *ma

89 541 176 610 ensis
191 541 267 609 autc
285 547 395 608 nostre
411 539 685 624 ViceOanceliarij
707 540 818 608 dilecti
834 547 866 606 ct
881 541 986 608 fidelis
1002 541 1113 626 nostri,
1138 559 1224 608 anno

88 651 222 717 Domini
253 650 426 716 millesimo
458 646 680 716 ducentesimo
705 647 924 733 octuagesimo
941 649 1088 733 septimo,
1107 652 1223 713 octauo

88 755 252 824 kalendas
271 756 451 844 Februarij,
471 755 652 825 indiccione
662 754 878 842 quindecima,
886 757 991 839 Regni
1002 761 1109 825 autem
1120 757 1224 825 nostri

88 862 361 934 annosedccimo.

209 1064 353 1126 (medatis
365 1063 541 1132 borhtrtyan
562 1063 677 1116 abudai
689 1064 743 1116 kin.
762 1063 891 1116 kamaraci
904 1063 1099 1129 levelcarban.)

524 1351 785 1360 Ἠ...-

618 1888 695 1956 379.

86 2095 106 2155 Ι
109 2093 141 2157 V.
168 2091 287 2158 Maelo
311 2092 424 2175 kircily
440 2091 581 2156 Rodvuu
597 2091 755 2177 helpoe'pre
770 2093 947 2156 vouotkozo'
972 2092 1209 2176 tator-ipazua'a

237 2201 473 2286 pruuilepiuruo
490 2199 604 2279 Dc'ues,
620 2199 706 2265 Jcrk
715 2201 770 2282 fia
784 2205 941 2268 cadurcino.
968 2201 1068 2265 1287.

196 2395 371 2463 Ladiuiaus
382 2395 441 2461 Dei
453 2395 565 2478 gracia
577 2395 754 2482 ilungaric,
765 2395 943 2483 Dalmacie,
954 2396 1099 2479 Oroacic,
1109 2397 1221 2482 Rame,

84 2503 213 2590 Seruio,
230 2503 378 2590 Gallicis,
395 2503 596 2590 Lodcmcrie,
613 2503 769 2570 Cumanie
785 2505 1002 2588 Bulgaricque
1029 2505 1098 2570 Rex
1122 2505 1221 2570 omui-

86 2617 145 2680 bus
164 2613 287 2679 Christi
302 2611 454 2678 fidelibus
470 2617 536 2678 tam
554 2612 756 2696 presentibus
773 2631 870 2694 quam
896 2612 1013 2679 futuris
1039 2620 1220 2697 presentem

86 2721 232 2788 litteram
257 2720 450 2804 inspecturis
468 2722 606 2786 salutem
624 2721 657 2785 iu
675 2720 815 2786 Domino
841 2722 1082 2806 sempiternam.
1123 2720 1220 2800 Quod

88 2831 196 2912 Regia
212 2827 404 2894 auctoritate
420 2827 575 2912 sancitur,
608 2833 761 2913 perpetuo
778 2827 928 2894 innititur
944 2825 1153 2895 fundamento
1170 2830 1220 2892 tir-

82 2939 222 3005 mitatie.
261 2935 402 3003 Proinde
419 2935 641 3002 uniuersorum
658 2936 859 3020 presencium
876 2935 1119 3020 futurorumque
1136 2937 1218 3000 noti·

84 3047 135 3110 ci'c
154 3046 269 3111 harum
286 3043 370 3110 serie
394 3041 609 3122 declaramus,
642 3041 729 3125 quod
760 3043 927 3111 Diouisius
953 3044 1037 3110 fitius
1068 3043 1151 3110 Jurk
1183 3045 1217 3108 in

84 3155 207 3219 Nostro
238 3151 422 3218 Maiestatis
442 3149 616 3235 presencia
632 3151 824 3218 constitutus
841 3149 956 3218 humili
973 3149 1220 3236 supplicacione

81 3258 275 3346 postulauit,
292 3257 379 3341 quod
394 3265 513 3324 terram
531 3277 634 3344 suam,
651 3277 748 3341 qnam
765 3259 864 3325 habat
879 3259 913 3323 in
936 3257 1083 3346 Redona,
1110 3264 1220 3345 opten-

83 3377 151 3437 tam
186 3367 336 3434 aDobca
367 3373 399 3432 et
414 3365 519 3432 Adam
553 3366 699 3449 cognatis
728 3365 808 3451 suis,
825 3387 897 3432 eum
924 3374 1008 3433 terra
1025 3369 1219 3452 piscatorum

82 3483 269 3544 uostmrum
286 3475 327 3542 de
343 3473 458 3541 cadom
476 3474 600 3540 mixtim
617 3475 830 3556 existentem.
841 3475 940 3542 misso
957 3476 1086 3542 homine
1102 3483 1221 3560 nostro,

81 3585 203 3652 erectis
234 3582 331 3648 metis
362 3581 541 3649 faceremus
574 3583 732 3668 separari,
766 3589 797 3649 et
812 3581 968 3665 quasdem
989 3582 1164 3667 particulas
1180 3581 1222 3647 de

79 3705 172 3762 terra
187 3694 387 3778 piscatorum
404 3698 585 3758 nostrorum
601 3690 706 3756 eidem
723 3689 869 3758 conferre
901 3689 1120 3772 dignaremur.
1151 3691 1219 3757 Nos

80 3804 184 3888 igitur
215 3799 420 3867 attendentes
451 3799 624 3889 fidelitates
656 3805 688 3864 ct
705 3799 844 3865 seruicia
869 3797 1034 3863 meritoria
1061 3797 1217 3867 eiusdem,

79 3901 144 3995 qne
158 3909 253 3976 nobis
270 3909 303 3974 in
320 3907 460 3975 diuersis
493 3907 758 3994 expediciouibus
790 3906 896 3990 Regni
927 3905 1029 3972 nostri
1060 3904 1219 3992 impendit

79 4017 297 4084 laudabiliter
328 4023 361 4082 et
391 4015 527 4099 denote3
551 4022 582 4082 et
612 4015 798 4102 specialiter
828 4015 862 4080 in
893 4013 1104 4100 expedicione
1119 4033 1218 4098 quam

79 4126 256 4194 babuimus
273 4131 387 4191 eontra
402 4124 526 4208 Regem
542 4125 747 4210 Boemorum,
765 4131 909 4190 nostrum
926 4131 958 4190 et
977 4123 1083 4204 Regni
1114 4124 1219 4189 nostri

78 4237 225 4302 anticum
255 4232 431 4316 inimicum,
462 4233 515 4299 vbi
546 4232 632 4298 idem
664 4231 834 4298 Dionisius
866 4251 923 4314 pro
949 4229 1106 4296 fidelitate
1122 4229 1218 4296 nobis

78 4343 194 4410 debita
209 4341 325 4408 letalia
342 4341 469 4409 ulnera
486 4339 708 4426 supportauit;
734 4347 765 4405 ct
781 4339 884 4406 eciam
895 4338 928 4402 iu
946 4338 1105 4425 conflictu,
1125 4357 1219 4420 qucm

78 4457 199 4518 contra
231 4450 399 4536 perfidiam
432 4449 649 4516 Cumanorum
681 4447 714 4514 in
747 4449 815 4514 loco
832 4447 905 4513 Hod
931 4455 1055 4533 vocato,
1075 4445 1218 4530 oportuit

78 4577 142 4624 uos
158 4557 292 4642 habere,
310 4578 386 4624 suas
403 4557 576 4626 fidelitates
607 4557 765 4639 sauguine
795 4555 926 4642 proprio
958 4553 1192 4621 ‹icruonstrauit
1210 4578 1217 4620 :

77 4665 266 4751 peticiones
297 4667 443 4736 ciusdem
476 4667 609 4753 pociora
633 4665 847 4752 promerentis
863 4663 1081 4731 admittendas
1098 4663 1131 4728 in
1148 4681 1221 4746 pre-
