3170 5166
776 327 936 434 Α

291 522 387 594 Basti
400 521 533 594 tiartiui
547 523 746 597 eoniessoris
775 527 1004 616 predictarum,
1035 549 1122 600 auno
1152 528 1287 600 Domini
1320 528 1421 599 mitte·

292 631 375 703 sime
390 633 616 704 treeenteeimo
631 635 900 722 quinquagesimo
926 636 1076 723 septimo.

291 830 434 898 (tradetis
457 831 641 902 hertinium
672 832 738 886 :ele
768 837 1007 902 aetyemsaindron
1037 839 1126 905 seggo
1156 837 1253 906 penset
1282 839 1375 906 atattp
1405 853 1424 896 e

595 924 682 978 budat
700 925 754 976 kir.
772 927 899 980 kamarai
918 928 1112 994 lertlttrbnn.)

722 1215 990 1238 ν--Ἶν-ν-ν-

771 1867 777 1878 Ι
822 1765 899 1838 ses.

296 1961 327 2034 A
357 1965 565 2058 nappedrodi
587 1967 812 2056 isdptutanouk
836 1966 1100 2058 bizouysciplooete
1128 1965 1276 2056 bizonyos
1307 1965 1426 2035 dis-tok-

296 2077 443 2161 oemdrdl,
458 2077 539 2164 melp
554 2075 698 2146 Zolunot'
713 2077 847 2163 Mitety
863 2080 894 2142 da
919 2077 1042 2164 Durng
1071 2077 1230 2144 comeonsis
1255 2075 1324 2164 fiai
1354 2077 1427 2146 test
1522 2155 1530 2165 ,

737 2185 866 2252 torserat.
884 2181 982 2251 1300.

297 2385 301 2393 '
403 2381 587 2468 Capitulum
619 2381 765 2450 Eeelesie
781 2381 1005 2451 waradiensis
1021 2383 1171 2450 omnibns
1187 2379 1308 2449 Christi
1324 2379 1425 2450 fideti-

295 2493 357 2560 bus
388 2495 570 2576 presentem
606 2491 762 2576 paginam
803 2489 996 2576 inspeoturis
1036 2491 1176 2558 salutem
1216 2489 1250 2556 in
1282 2488 1425 2558 omnium

298 2598 470 2665 saluatore.
502 2596 556 2663 Ad
585 2598 809 2666 uniuersorum
842 2598 997 2666 notitiem
1029 2597 1144 2666 harum
1175 2596 1260 2664 serie
1276 2598 1428 2665 uolumus

298 2703 479 2792 peruenire,
495 2703 582 2788 quod
597 2704 768 2790 Myohaete
784 2705 851 2772 tilio
867 2705 1005 2792 Nyeotei
1021 2703 1062 2772 de
1092 2704 1218 2771 Zotuna
1234 2704 1277 2771 de
1307 2724 1429 2790 genere

298 2811 423 2880 Vrusur
453 2813 496 2880 ab
511 2831 578 2880 una
608 2793 711 2902 pe‘rte,
744 2816 926 2882 Laureuoio
957 2819 989 2880 et
1005 2813 1152 2900 Nyootao
1168 2813 1340 2898 Magistris
1354 2813 1430 2898 titijs

297 2914 434 2990 Comitis
449 2921 564 3006 Durng
579 2941 637 3006 pro
653 2941 691 2988 se
705 2927 738 2988 et
752 2943 810 3009 pro
828 2923 942 3008 Durng
957 2923 1026 2989 filio
1042 2921 1177 2988 Comitis
1207 2919 1295 2988 Petri
1327 2922 1432 2988 fratre

299 3047 408 3096 eorum
438 3031 480 3095 ab
511 3029 617 3095 attera
646 3047 757 3096 eornm
782 3019 880 3096 uobis'
891 3029 1109 3114 personaliter
1125 3027 1319 3115 constitutis,
1338 3027 1429 3096 idem

298 3131 449 3222 Myehael
464 3135 619 3220 quaedem
636 3137 855 3222 possessiones
872 3157 949 3205 suas
964 3135 1092 3222 Begeoh
1109 3141 1142 3204 et
1156 3135 1275 3223 Kupoh
1290 3141 1431 3204 uocatas

299 3242 334 3309 in
350 3241 512 3310 Comitatu
528 3241 569 3309 de
584 3242 713 3311 Zoloteh
729 3243 764 3308 in
780 3243 851 3330 Nyr
867 3245 1044 3312 existentes
1063 3263 1201 3331 uaoues,
1216 3261 1275 3330 per
1291 3243 1430 3310 eundem

301 3370 362 3436 pro
376 3351 550 3436 sexaginta
566 3351 683 3418 mareis
700 3351 829 3434 argenti
845 3351 927 3436 ipsis
943 3351 1019 3435 filijs
1051 3349 1184 3418 Comitis
1215 3351 1332 3434 Durng
1361 3351 1433 3437 pig·

301 3455 370 3524 nori
402 3455 530 3526 tuerent
560 3459 727 3543 obligate:
754 3466 787 3527 et
816 3459 894 3544 quie
934 3457 1057 3528 eisdem
1104 3457 1279 3543 sexaginta
1309 3461 1433 3528 mareis

302 3565 446 3652 mayoris
462 3573 555 3633 eraut
568 3567 689 3635 satoris
706 3587 763 3634 seu
779 3565 882 3653 pluris
897 3567 1009 3654 preoij‚
1026 3587 1087 3634 neo
1101 3585 1160 3652 per
1175 3567 1285 3652 ipsum
1300 3567 1435 3653 Myoha-

302 3673 385 3744 elem
402 3673 518 3742 redimi
548 3679 715 3761 poterant3
738 3676 812 3743 ideo
839 3677 872 3742 in
889 3675 1111 3743 addimentum
1128 3693 1187 3742 seu
1203 3674 1435 3741 concambium

302 3780 479 3850 earundem
495 3781 595 3869 ijdem
612 3783 668 3867 filij
686 3783 821 3852 Comitis
847 3785 963 3868 Durng
994 3781 1159 3868 quandam
1190 3779 1438 3868 possessionem

302 3889 476 3960 eorundem
508 3889 657 3958 similiter
697 3891 930 3958 hereditariam
970 3891 1164 3974 Kenrusaeg
1204 3897 1368 3976 noestam,
1401 3897 1438 3957 ut

303 3998 467 4086 dixerunt,
482 3997 516 4066 in
533 3999 646 4067 eodem
663 3999 825 4068 Comitatu
843 3999 884 4068 de
914 4000 1057 4070 Zobolrh
1090 4001 1296 4085 existentem,
1328 3997 1436 4067 eidem

303 4103 467 4194 Myohaeli
498 4096 544 4174 et
560 4105 804 4194 posteritatibus
834 4107 939 4194 ipsius
971 4108 1100 4176 dedisse
1116 4111 1190 4175 sunt
1205 4107 1349 4174 confessi
1365 4125 1440 4192 per·

302 4220 401 4300 petuo
416 4213 657 4303 possidendam,
682 4217 817 4302 pretatis
834 4215 1094 4301 possessionibus
1110 4215 1239 4302 Begsoh
1256 4221 1290 4282 et
1315 4213 1437 4300 Kupeh

303 4319 477 4409 appellatis
508 4323 590 4410 ipsis
617 4324 693 4408 fitiJs
724 4323 858 4392 Comitis
883 4325 999 4408 Durng
1013 4329 1046 4392 et
1064 4323 1302 4392 suecessoribus
1319 4341 1439 4390 eorun-

305 4427 379 4496 dem
395 4436 550 4516 perpetno
567 4429 736 4502 deuotutis.
754 4431 1012 4518 Assumpmendo
1029 4453 1064 4501 se
1081 4433 1180 4523 ijdem
1205 4429 1264 4516 fiiij
1298 4429 1436 4497 Comitis

303 4537 419 4622 Durng
433 4537 564 4604 rasione
579 4537 726 4625 predicte
740 4538 957 4626 possessionis
984 4559 1042 4626 per
1072 4537 1161 4624 ipsos
1192 4536 1279 4624 date,
1311 4537 1436 4604 dietum

303 4643 526 4730 Hychaelem3
550 4651 583 4714 et
601 4643 687 4712 idem
711 4645 861 4733 Myohaet
892 4647 1065 4717 oeeasione
1094 4646 1339 4733 possessionum
1373 4665 1434 4731 per
