3112 5154
756 261 917 360 Q

273 475 314 522 uo
329 453 416 522 dioto
448 451 555 520 Bubtu
586 471 644 537 pro
660 453 889 538 amputnoiono
903 474 1021 524 manns
1037 455 1197 542 eiusdem,
1213 461 1246 524 et
1262 474 1323 542 pro
1339 455 1413 522 olio

273 558 405 628 vnlnere
421 557 527 625 eidem
542 555 646 644 illato,
671 557 735 626 sibi
765 579 806 626 eo
836 560 913 646 elljs
944 559 1098 628 lienibus
1127 563 1198 630 suis
1229 561 1413 632 antedictis

272 667 450 734 uoluissent
479 665 596 750 viginti
628 685 765 753 morsos,
786 673 819 734 ot
834 667 965 735 eosdem
997 687 1096 752 snper
1115 667 1284 754 premissis
1300 665 1413 736 reddi-

273 775 445 844 dissertet
461 792 570 841 eorem
588 771 682 840 uobis
712 771 925 844 reddiderunt
956 773 1126 858 expeditos
1136 799 1149 857 ‚·
1170 775 1354 859 obligantes
1370 793 1411 842 se

272 879 409 965 predioti
438 880 545 948 Bubte
560 887 593 948 et
607 879 794 968 Ludizlsns,
821 888 854 948 ot
868 880 1007 950 beredes
1023 901 1111 968 suos,
1128 902 1168 950 so
1183 880 1300 950 iratres
1316 881 1410 966 ipso·

272 1007 344 1054 rum
359 993 559 1075 prenotatos,
577 989 681 1076 ipsum
706 988 889 1075 Nyeolnum
906 995 939 1056 et
953 991 1073 1056 fratres
1090 1009 1166 1058 snos
1196 1009 1237 1057 so
1264 989 1409 1062 ¹heredes

270 1095 445 1164 eorundem
460 1096 592 1162 rseione
609 1095 839 1182 premissorum
857 1097 1030 1164 molestare
1048 1093 1224 1164 nitentibus
1240 1092 1405 1180 expedire

270 1203 410 1288 propriJ's
440 1201 605 1270 laboribus
630 1209 664 1271 et
687 1203 846 1287 expensis.
872 1202 899 1268 ld
930 1221 1085 1271 oonuerso
1117 1210 1225 1270 antem
1256 1202 1408 1290 prefatus

271 1311 436 1395 Nyeolons
466 1329 564 1394 super
580 1309 790 1378 mutiluoione
806 1327 920 1378 manus
945 1329 1003 1378 sue
1019 1311 1125 1398 ipsum
1151 1311 1259 1378 Bubte
1273 1317 1305 1377 et
1319 1309 1407 1378 ulios

270 1417 387 1484 tratres
403 1435 480 1482 suos
496 1415 660 1499 predictos
675 1414 819 1485 reddidit
835 1435 944 1484 eornm
960 1416 1053 1483 nobis
1068 1418 1198 1484 omnino
1223 1415 1407 1505 expeditos.

271 1523 308 1588 ln
324 1524 415 1592 nnius
446 1543 504 1618 roy
520 1523 741 1592 testimonium
772 1522 816 1592 od
832 1524 1027 1593 instanciam
1059 1526 1206 1610 peroinm
1232 1533 1406 1612 presentes
1544 1595 1545 1600 ,

270 1631 465 1698 contulimus
496 1631 597 1716 sigilli
626 1631 726 1699 nostri
765 1630 943 1699 munimine
973 1631 1153 1700 roboratos
1188 1633 1404 1702 Prosentibus

270 1745 378 1805 temen
409 1737 579 1825 Myohsele
610 1737 787 1825 Proposito,
814 1739 941 1806 Thomu
957 1738 1101 1826 Lectum,
1117 1738 1232 1808 Marko
1248 1739 1290 1806 de
1305 1739 1405 1822 Pata,

271 1843 434 1914 Anthonio
465 1844 508 1912 de
538 1844 694 1933 Sumbnn,
726 1847 858 1914 Vrbsno
875 1845 917 1913 de
947 1845 1102 1928 Zobolob,
1133 1847 1229 1916 Petro
1243 1845 1286 1914 de
1315 1847 1405 1931 Vng,

271 1953 369 2020 Saule
385 1953 426 2021 de
441 1953 569 2041 Bursin,
586 1953 688 2020 Paulo
704 1951 746 2020 de
761 1953 888 2040 Kemsy
907 1951 1162 2038 Arohidyuoonis
1178 1961 1211 2021 et
1226 1953 1303 2039 alijs
1319 1953 1403 2018 mul-

271 2061 332 2140 tis;
355 2080 442 2127 anno
457 2061 588 2130 Domini
604 2059 834 2128 M⁰OG⁰LXX⁰
859 2062 1011 2146 septimo.
1042 2061 1213 2146 Regnente
1244 2059 1402 2128 Indizlno

269 2167 386 2234 illustri
416 2168 507 2251 Rege
541 2166 699 2252 Vngarie3
722 2166 937 2254 strigoniensi
962 2167 1047 2236 Sede
1068 2176 1218 2255 venante,
1233 2165 1402 2251 Stephano

270 2273 438 2342 colosensi
462 2273 725 2360 Arohiepisoopo,
742 2283 775 2343 et
790 2275 922 2343 domino
953 2281 1065 2343 nostro
1096 2275 1275 2344 venerabili
1305 2281 1401 2361 petre

269 2381 403 2447 Andron
418 2381 579 2467 Episoopo
593 2380 745 2466 Apriensi
765 2381 989 2451 existentibus.

575 2487 606 2555 A
821 2489 848 2556 B
1065 2489 1091 2555 (l

272 2684 415 2747 (Eredetie
445 2685 630 2750 borbdrtydn,
661 2686 790 2750 melynelr
820 2685 981 2737 sold-voror
1012 2685 1250 2750 selyemnsinbron
1280 2687 1400 2753 fdggbtt

378 2774 501 2840 peosttje
522 2775 666 2838 elveszott‚
697 2789 715 2828 e
744 2774 832 2826 budai
862 2775 916 2826 lrir.
944 2773 1072 2826 ksmsrrd
1099 2773 1294 2842 leveltdrbsn.)

797 3589 870 3658 lto.

267 3787 298 3854 A
307 3784 484 3870 sebit-edri
498 3787 725 3872 supralaudato
733 3788 887 3872 jekotdoe
903 3788 962 3854 IV.
980 3787 1099 3853 Luezzo
1114 3788 1286 3874 erotylos,
1313 3790 1399 3876 boqg

264 3893 381 3962 Simon
396 3916 493 3960 eomes
507 3889 729 3962 Salomonnuk
737 3894 791 3978 fio
810 3893 932 3980 Helges
950 3894 1143 3962 bimokdban
1167 3896 1395 3962 stotudltotott.

782 4002 877 4068 1277.

375 4195 660 4264 Exoellentissimo
678 4194 808 4264 domino
824 4215 883 4264 suo
899 4193 1055 4266 Ledinloo
1072 4196 1196 4264 Illustri
1211 4197 1295 4280 Regi
1306 4195 1397 4264 Hun-

266 4304 359 4389 gurie
373 4303 524 4372 Albensis
542 4303 693 4371 Eoolesie
710 4301 893 4388 Capitulum
916 4302 1084 4374 orsoiones
1100 4303 1134 4370 in
1150 4303 1290 4372 Domino
1307 4302 1399 4372 dobi-

268 4419 319 4479 tus
336 4418 368 4478 et
382 4409 531 4479 deuotus.
554 4409 706 4496 Reoeptis
720 4410 842 4479 litteris
872 4411 988 4480 Uestre
1019 4409 1231 4480 celsitudinis
1264 4411 1395 4480 fidelem

267 4518 428 4585 hominem
444 4523 590 4586 nostrum
606 4517 764 4606 misimus,
790 4520 851 4586 sub
867 4515 960 4586 ouius
975 4517 1160 4588 testimonio
1176 4519 1292 4588 Petrus
1308 4517 1397 4588 lilius
