3112 5154
834 797 909 867 146.

303 999 325 1106 ζ
331 998 364 1064 V.
380 999 495 1066 La'ezlri
509 999 691 1084 birdtpuuk
708 999 887 1084 eopedelye,
902 999 984 1084 kopp
1002 995 1135 1084 Cbepau
1158 947 1355 1086 Unpurepyer'
1365 1005 1438 1068 udr-

292 1106 437 1192 tottepy
456 1105 566 1194 Clwpet
581 1115 662 1172 nauti
670 1103 781 1190 fuldu
797 1108 923 1172 Puueba'
938 1107 1121 1172 Jatatnalr
1131 1107 1315 1174 eladtmaa.
1336 1108 1435 1175 1276.

411 1300 591 1370 Ladinlans
607 1303 670 1371 Dei
686 1303 797 1389 grauia
812 1303 882 1369 Rex
897 1301 1064 1386 Hungarie
1079 1301 1233 1371 fidelibus
1250 1302 1320 1368 suis
1344 1303 1437 1388 (lapi-

304 1409 372 1476 tulu
389 1409 534 1478 Eeolesie
550 1411 723 1497 Agriensis
739 1410 879 1478 salutem
906 1417 940 1479 et
966 1410 1123 1495 grauiam.
1162 1409 1243 1478 (ium
1276 1408 1433 1494 chepano

304 1515 370 1583 filio
386 1517 507 1606 Kuney
522 1518 697 1603 iobagiune
714 1519 820 1588 (lastri
836 1518 939 1586 nostri
955 1518 995 1586 de
1014 1520 1088 1603 Vng
1103 1539 1175 1587 euru
1187 1517 1356 1603 Stephano
1366 1519 1433 1584 lilio

302 1644 362 1692 suu
379 1646 420 1692 ex
440 1646 507 1694 vua
522 1633 626 1714 parte,
660 1628 702 1694 ab
719 1629 825 1695 altera
856 1647 933 1694 vero
964 1627 1086 1694 Jaeobo
1120 1626 1188 1694 filio
1221 1625 1361 1712 Gregori
1394 1625 1435 1691 de

302 1733 413 1803 Pauoh
432 1753 541 1803 eorum
558 1737 652 1805 nubis
669 1736 886 1822 personaliter
917 1735 1197 1824 comparentibus5
1220 1735 1276 1821 qui
1307 1734 1435 1820 chepa-

302 1861 363 1909 nns
380 1861 451 1910 eum
467 1843 536 1910 tilio
552 1863 610 1912 suo
629 1843 796 1930 Stephano
813 1843 895 1910 dixit
910 1841 1146 1931 conquerendo,
1164 1849 1201 1910 vt
1215 1847 1351 1928 propter
1366 1842 1436 1910 inu-

302 1951 391 2036 plam
408 1957 441 2019 et
456 1958 683 2038 paupertatem
699 1971 791 2020 suam
818 1971 910 2019 suum
943 1950 1117 2019 sernieium
1150 1951 1244 2018 nobis
1277 1949 1433 2018 exbiben-

303 2059 379 2125 dum
396 2079 556 2144 peragere
572 2059 711 2127 fideliter
728 2079 792 2126 non
807 2065 927 2147 posset,
952 2059 1110 2143 quianon
1127 2057 1300 2144 subpetunt
1316 2058 1347 2125 ei
1362 2077 1433 2143 pro-

303 2164 375 2250 prie
390 2164 576 2252 facultates,
607 2167 672 2234 nisi
688 2185 786 2235 unam
801 2167 1036 2253 possessionem
1053 2165 1178 2250 Cbepel
1193 2171 1344 2233 vooamm
1360 2185 1435 2234 enm

303 2272 446 2340 vendere
462 2273 741 2360 permitteremus;
765 2281 797 2340 et
813 2275 910 2341 bona
935 2274 1029 2340 nubis
1061 2293 1133 2340 eum
1166 2270 1279 2340 eudem
1309 2273 1434 2340 Jaeobo

302 2383 462 2449 instanter
478 2383 690 2468 postularunt.
730 2385 772 2449 Et
786 2383 863 2466 quia
879 2383 971 2450 iuxta
988 2382 1093 2467 Regni
1108 2383 1211 2450 nostri
1227 2381 1435 2450 eonsuetudi-

301 2509 373 2556 nem
392 2489 607 2574 approbatam
622 2490 751 2575 iobagio
778 2489 885 2558 (lastri
916 2491 1153 2574 possessionem
1183 2509 1277 2557 suam
1309 2509 1429 2557 aueum

302 2595 467 2664 vendendi
484 2597 614 2664 omnino
645 2619 709 2665 non
726 2596 871 2682 baberet,
894 2597 958 2664 nisi
976 2616 1033 2681 per
1049 2595 1297 2683 permissionem
1328 2597 1435 2682 Regis

302 2702 509 2771 Maiestatis:
527 2723 585 2772 nus
601 2703 700 2790 igitur
715 2705 809 2772 iustis
826 2703 1042 2789 peticionibus
1060 2703 1207 2772 eiusdem
1224 2701 1375 2787 (lhepani
1403 2711 1437 2771 et

301 2810 349 2877 fili
366 2813 426 2898 sui,
442 2812 688 2880 eonsiderantes
704 2812 805 2879 auiam
822 2811 960 2879 seruicia
975 2811 1079 2897 ipsius
1094 2811 1207 2878 Jaeobi
1223 2810 1267 2876 lili
1281 2809 1433 2898 Gregori,

301 2938 362 3002 que
378 2919 471 2987 nobis
487 2917 652 2988 indelessa
669 2919 821 2988 studebat
836 2918 1000 3004 famulari,
1033 2918 1136 2987 eidem
1168 2918 1322 3005 Ohepano
1354 2938 1431 2986 enrn

300 3025 439 3093 filiosuo
456 3025 811 3113 Stephanovendendi,
845 3031 877 3092 et
893 3025 1040 3111 prediolo
1072 3024 1195 3092 Jaoobo
1228 3025 1357 3092 emendi
1391 3045 1435 3092 ex

300 3134 439 3218 speoiali
454 3139 565 3201 nostra
581 3135 693 3219 grauia
710 3132 927 3200 oommisimus
944 3131 1144 3201 facultatem.
1166 3131 1261 3200 Vnde
1276 3131 1434 3200 fidelitati

301 3246 410 3308 vestre
436 3242 652 3327 precipientes
682 3241 887 3326 mandamus,
917 3246 1077 3324 quatenus
1108 3239 1187 3307 visis
1219 3239 1434 3324 presentibus

300 3347 385 3417 detis
400 3349 561 3417 hominem
578 3357 720 3416 vestrum
736 3348 901 3434 ydoneum
918 3369 975 3434 pro
1002 3345 1197 3434 testimonio,
1228 3365 1336 3414 euram
1364 3367 1435 3432 quo

299 3456 393 3522 burno
418 3462 529 3524 noster
559 3454 707 3523 Kolovoh
742 3455 783 3524 de
814 3475 933 3540 genere
963 3457 1183 3542 Huntpaanan
1214 3456 1351 3524 aoeedat
1382 3457 1434 3521 ad

299 3562 418 3629 faeiem
434 3561 536 3646 ipsius
551 3563 768 3649 possessionis
784 3563 905 3650 Chepel
931 3569 1047 3632 rotate
1071 3563 1105 3629 in
1137 3564 1210 3648 Vng
1243 3563 1438 3649 existentis,

300 3672 485 3738 eonuuoatis
502 3670 619 3737 uicinis
636 3679 668 3739 et
685 3671 914 3739 eommutaneis
930 3691 1003 3737 eum
1019 3669 1249 3755 iobagionibus
1265 3669 1373 3737 Castri
1384 3670 1439 3738 de

299 3779 412 3846 eudem
428 3779 503 3863 Vng
519 3799 577 3864 per
592 3784 719 3846 ueteres
736 3787 840 3847 motas
856 3785 888 3846 et
903 3778 1054 3864 antiquas
1086 3777 1362 3864 perambulantes,
1400 3787 1444 3848 et

298 3888 383 3954 sieut
399 3885 515 3953 seriem
531 3885 636 3953 tooius
653 3885 733 3954 laeti
750 3905 857 3955 eoram
875 3887 968 3955 uobis
987 3886 1028 3953 de
1052 3893 1200 3973 pretoota
1231 3885 1443 3974 recitabunt,

298 4001 406 4061 vestro
420 3993 595 4079 priuilegio
626 3993 727 4061 inseri
761 3993 909 4060 laniendo
943 3993 1065 4062 eisdem
1097 3993 1267 4062 roboretis.
1305 3993 1448 4060 Datum

297 4101 386 4168 Bnde
402 4101 485 4170 feria
500 4103 614 4185 quinta
630 4104 780 4188 proxima
795 4109 872 4172 ante
888 4101 1085 4180 dominicam
1116 4102 1303 4168 Palmarum
1331 4119 1444 4169 anno

296 4208 427 4277 Domini
442 4207 545 4277 M⁰GO
552 4209 654 4277 ⁰LXX
661 4210 716 4276 ⁰V1
723 4221 742 4278 ⁰.

294 4373 349 4436 (Aa
368 4375 428 4440 egri
441 4373 635 4438 kaptalannslr
653 4385 821 4442 ugyanszon
840 4375 949 4426 eledtst
968 4375 1105 4442 ttrgyuzt
1117 4371 1443 4440 binonysriglevelbbtil¹

367 4462 440 4520 ruint
457 4461 541 4514 altbb
563 4465 621 4514 154.
640 4478 679 4517 sn.
698 4479 734 4530 a,
753 4479 771 4516 a
787 4465 874 4516 butiai
892 4464 998 4529 kirtlyi
1010 4463 1139 4514 kamarai
1151 4461 1348 4523 levtlttrban.)
