3148 5146
622 259 782 363 333-

131 468 244 530 nostro
259 458 475 544 dignaremur
491 456 664 544 priuilegio
680 457 881 527 eontirmare.
895 455 996 526 (luins
1011 457 1141 542 quidem
1167 455 1263 544 prini·

130 568 210 654 legij
241 573 335 634 tenor
366 565 442 633 talis
459 571 531 632 ost:
548 565 736 652 Stephanus
766 563 830 632 Dei
854 565 969 650 grania
988 564 1167 652 Hungarie,
1184 561 1262 634 Dal-

133 673 247 760 maoie,
263 672 409 762 (troanie,
425 672 537 758 Reme,
555 671 678 758 Seruio,
695 671 847 758 (talleis,
873 671 1075 758 Lodomerie,
1108 671 1265 742 Cumanis

134 779 354 867 Bulgarieque
383 784 454 849 Rex
469 781 630 850 rniuersis
658 781 777 848 Christi
794 780 943 851 fidelibus
960 800 1093 868 presens
1110 781 1265 868 seriptum

135 890 331 979 inspeoturis
347 889 486 957 salutem
504 890 538 955 in
553 889 670 957 salutis
693 887 857 974 largitore.
874 890 918 956 Vt
932 889 1129 958 donaciones
1154 909 1266 976 perpe·

135 1006 194 1066 tua
208 997 375 1065 soliditate
404 995 594 1079 solidentur,
617 1017 659 1064 ne
674 1016 732 1083 per
748 995 932 1082 quempiam
956 1015 1175 1066 suceessorum
1192 1017 1263 1082 pos·

135 1106 206 1173 sint
219 1105 364 1172 reuooari
379 1105 434 1172 rel
447 1104 581 1188 irritari,
598 1103 781 1172 litterarum
796 1105 902 1173 solent
916 1105 1101 1174 testimonio
1126 1123 1264 1175 eommu-

136 1213 212 1279 niri.
228 1213 352 1280 Justius
368 1217 475 1279 autem
492 1211 621 1278 uidetur
639 1217 672 1278 et
687 1209 827 1298 dignius,
843 1210 931 1296 quod
946 1211 1085 1280 maxime
1100 1211 1267 1281 inconeus-

136 1341 211 1390 sum
225 1325 424 1406 permaneat,
441 1317 526 1402 quod
543 1317 648 1402 Regia
661 1317 908 1403 Magnificeneia
923 1319 1040 1388 salutis
1052 1339 1153 1390 eausa
1166 1319 1266 1389 duxe-

137 1429 183 1496 rit
197 1425 414 1510 largiendum.
446 1424 585 1493 Proinde
616 1427 660 1493 ad
675 1426 897 1494 rniuersornm
932 1425 1090 1492 noticiam
1116 1427 1264 1496 volumus

139 1534 338 1620 peruenire:
356 1532 441 1618 quod
465 1552 525 1600 nos
556 1533 612 1620 pia
628 1539 660 1600 et
689 1532 812 1600 salubri
843 1530 1106 1602 eonsideraeiuue
1136 1534 1261 1602 induoti

138 1649 243 1710 terras
274 1642 420 1707 Duoatus
450 1644 484 1705 et
507 1639 797 1724 Zulgageurienses
829 1641 953 1729 Toxrn,
984 1641 1094 1727 Zoyoh
1126 1647 1159 1708 et
1173 1641 1284 1710 Kaad·

142 1754 279 1816 notatas
295 1749 330 1814 in
345 1745 508 1815 Comitatu
523 1747 683 1816 Pestiensi
699 1747 888 1836 existentes,
905 1769 978 1816 eum
1003 1749 1151 1816 omnibus
1182 1747 1267 1814 utili-

138 1857 272 1940 tatibus,
302 1860 335 1922 et
351 1875 423 1923 oum
455 1854 550 1923 Ylbw
578 1855 696 1943 insula,
728 1875 788 1940 pro
819 1874 884 1939 qna
900 1853 1101 1940 questionem
1120 1861 1266 1924 mouerat

139 1965 339 2063 Laurenoius
355 1963 524 2032 Palatinus
540 1963 628 2032 filius
644 1965 779 2052 Kemeu,
796 1983 894 2050 quam
909 1963 1110 2048 inuestigota
1134 1961 1265 2049 prolun-

141 2073 214 2140 dius
222 2071 360 2140 veritate
378 2071 591 2158 eomperimus
602 2072 984 2158 pertinereadllagnam
1005 2071 1148 2139 Insulam
1165 2073 1268 2156 Regio

141 2180 343 2266 Maiestatis3
366 2199 448 2264 quas
479 2187 584 2248 terras
618 2178 790 2247 Lorandus
820 2179 906 2248 lilius
945 2179 1048 2248 Mardi
1080 2179 1121 2246 de
1153 2186 1264 2246 nostra

143 2285 221 2356 olim
251 2284 444 2374 possederat
470 2285 661 2368 eollaoione,
693 2287 937 2370 quioommissa
952 2285 1144 2354 infidelitate
1159 2283 1201 2352 de
1214 2306 1267 2354 no·

142 2399 209 2464 stro
223 2393 396 2476 aufugerat
410 2394 535 2478 Regno,
550 2413 623 2460 oum
640 2391 762 2460 eisdem
793 2393 887 2460 metis
902 2398 935 2460 et
964 2391 1118 2479 terminis,
1151 2393 1268 2474 quibus

143 2503 249 2570 diebus
280 2499 449 2570 beraudus
480 2500 680 2586 possederat,
713 2499 905 2568 donabimus
923 2499 1070 2569 dedimus
1086 2506 1119 2566 et
1134 2499 1268 2567 eontuli-

142 2631 213 2678 mus
230 2607 430 2677 Monasterio
445 2607 568 2675 Sanote
597 2606 700 2674 Mario
716 2606 757 2674 de
789 2605 900 2674 Insula
930 2607 1101 2696 Leporum,
1129 2608 1185 2677 rbi
1200 2608 1269 2674 lilia

140 2723 258 2786 nostra
288 2714 475 2803 karissima,
492 2735 533 2782 ao
546 2713 613 2784 alie
630 2734 758 2784 soreres
789 2715 920 2786 Ordinis
939 2715 1182 2784 Predieatorum
1197 2715 1269 2782 Deo

142 2824 263 2909 iugiter
278 2823 475 2892 famulantes
505 2829 753 2910 commorantur,
778 2831 934 2912 perpetuo
950 2831 983 2890 et
1013 2823 1270 2892 irreuooabiliter

142 2929 368 3019 possidendas.
399 2931 485 2996 blete
500 2935 608 2998 autem
624 2935 656 2997 et
671 2930 799 2998 termini
816 2929 1035 3016 predictarum
1051 2937 1207 2998 terrarum
1225 2931 1266 2998 be

140 3045 221 3108 sunt
237 3063 245 3105 :
261 3037 368 3104 Prime
382 3043 466 3104 mete
480 3037 640 3124 ineipiunt
671 3057 772 3124 prope
802 3039 920 3105 siluam
951 3037 1086 3106 hororbt
1114 3044 1264 3106 rooatam

145 3170 168 3214 a
184 3146 351 3228 Danubio;
377 3145 452 3212 bino
483 3146 586 3213 tendit
611 3167 721 3214 versus
741 3146 895 3214 orientem
918 3146 960 3212 ad
993 3143 1154 3231 quoddam
1170 3140 1270 3214 fossa-

142 3263 224 3342 tum,
239 3273 298 3340 per
312 3253 399 3339 quod
413 3254 529 3321 transit
544 3253 599 3320 via
614 3273 690 3338 vna,
705 3253 760 3320 vbi
774 3253 921 3321 similiter
930 3260 1005 3320 sunt
1025 3259 1126 3338 mete;
1150 3253 1270 3320 deinde

142 3362 238 3434 radit
266 3360 416 3430 adalind
446 3361 602 3429 fossatum
632 3360 781 3428 similiter
810 3379 923 3429 versus
943 3359 1108 3449 orientem,
1124 3361 1158 3426 iu
1175 3361 1267 3428 euius

143 3469 254 3538 medio
268 3475 345 3537 sunt
359 3475 462 3554 mete;
485 3467 560 3536 bine
575 3469 760 3554 proceditur
775 3468 882 3536 adueb
898 3467 942 3536 ad
957 3472 1069 3553 partes
1093 3468 1268 3538 orientales

145 3581 242 3646 iuxta
271 3577 375 3645 looum
406 3575 462 3659 qui
487 3591 621 3645 vocatur
656 3575 866 3664 Zoyobtelky,
898 3574 951 3662 qui
968 3574 1060 3644 loeus
1076 3583 1126 3644 est
1140 3597 1162 3644 a
1176 3585 1271 3664 parte

143 3686 226 3757 uille
239 3686 364 3771 Toxun,
379 3684 433 3750 vbi
449 3683 601 3752 similiter
616 3687 693 3751 sunt
712 3690 815 3764 mete;
839 3681 915 3750 inde
946 3679 1093 3768 proeedit
1123 3681 1167 3749 ad
1198 3703 1272 3752 ean·

144 3795 223 3862 dem
254 3798 379 3877 partem
410 3789 597 3859 orientalem
629 3790 671 3860 ad
688 3798 795 3859 metas
816 3809 878 3874 que
892 3795 968 3858 sunt
984 3789 1067 3858 inter
1082 3789 1165 3858 duas
1180 3791 1272 3875 vias3

143 3899 269 3970 abbino
284 3897 390 3984 uergit
404 3917 462 3984 per
477 3899 566 3966 uiam
581 3919 678 3966 unam
698 3917 811 3966 uersus
830 3897 941 3967 domos
958 3905 990 3964 et
1005 3899 1124 3967 siloam
1156 3897 1273 3966 Welek

143 4016 180 4078 et
189 4006 357 4076 blibedeus
373 4005 591 4094 llyaraswelg
609 4013 769 4093 uocatam,
786 4009 879 4074 iuxta
896 4026 992 4091 quam
1008 4006 1073 4074 sint
1087 4012 1171 4074 mete
1187 4007 1273 4073 inter

143 4117 230 4186 duas
246 4116 339 4200 vias;
362 4115 517 4199 aquibus
533 4115 627 4184 metis
654 4113 796 4182 deelinat
811 4114 854 4181 ad
885 4119 1010 4201 partem
1042 4112 1273 4182 ooeidentalem

143 4224 192 4292 ad
207 4243 306 4291 unum
338 4229 475 4310 pratum,
508 4224 598 4290 iuxta
632 4223 718 4307 quod
748 4229 824 4289 sunt
839 4220 1014 4289 metebine
1030 4227 1061 4288 et
1077 4219 1173 4305 inde;
1197 4221 1273 4288 bino

142 4335 239 4400 iuxta
253 4330 340 4397 idem
355 4334 484 4414 pratum
499 4329 605 4396 tendit
619 4347 735 4398 uersus
750 4327 917 4395 meridiem
933 4327 976 4395 ad
1006 4335 1109 4395 terras
1140 4328 1273 4395 Tanar-

142 4441 302 4522 nieorum,
311 4437 365 4505 rbi
380 4443 458 4506 suut
471 4443 558 4505 mete
579 4436 795 4521 distingentes
815 4443 917 4506 terras
933 4434 1092 4504 Weleket
1106 4432 1275 4506 Mibedeos

142 4569 188 4616 ae
204 4544 506 4616 Tawarnieoruma
527 4543 622 4612 terris
647 4543 838 4631 prenotatis,
854 4543 945 4611 stibi
963 4541 1161 4612 terminatur.
1192 4542 1275 4614 Item
