3112 5154
632 969 633 972 ,
654 906 728 974 158.

135 1102 242 1172 Oesero
256 1102 416 1191 mipetoek
431 1105 558 1172 iakecai
571 1104 729 1171 k‘o'oeteket
743 1105 897 1173 loitldenels
927 1103 1111 1173 Contereno
1141 1107 1252 1175 Jakao

130 1211 281 1279 velenczei
296 1213 445 1298 docetes,
475 1214 559 1298 leopy
576 1236 617 1278 az
632 1213 750 1280 eteocle
765 1213 898 1307 inditore
914 1214 1021 1280 oddolr
1045 1213 1249 1284 teliotetiben

279 1319 457 1405 melitopos
472 1317 723 1387 interiacentes
741 1318 977 1406 eszkozilljmelc
999 1321 1097 1389 1276.

225 1513 263 1580 In
293 1511 427 1580 nomine
456 1511 588 1580 Domini
619 1513 723 1580 nostri
753 1515 832 1582 Jesu
864 1512 1000 1583 Ohristri
1032 1535 1137 1584 amen.
1154 1519 1249 1585 Anno

129 1618 309 1687 Nativitntis
342 1619 486 1688 eiusdem
526 1619 701 1686 millesimo
742 1621 962 1690 ducentesimo
1002 1623 1248 1708 septuagesimo

129 1733 223 1811 sexto,
252 1725 431 1796 indictione
462 1733 591 1813 quarta,
623 1727 677 1794 die
702 1725 894 1796 duodecimo
910 1729 1053 1798 intrante
1068 1731 1249 1800 Februarii.

128 1834 330 1902 Presentibns
361 1833 502 1901 dominis
534 1835 647 1902 Marco
687 1835 794 1924 Dodo,
836 1837 918 1904 sotio
958 1837 1157 1906 honorabilis
1187 1839 1250 1906 viri

128 1941 241 2008 domini
256 1942 360 2010 Marci
387 1940 557 2010 Michaelis
575 1939 709 2009 Comitis
727 1941 853 2030 Absori‚
872 1943 1028 2012 Gabriele
1038 1945 1078 2011 de
1088 1945 1250 2033 Topertis,

129 2049 255 2117 Notario
272 2048 353 2116 dicii
369 2047 492 2117 domini
509 2048 654 2134 Comitis,
680 2049 859 2116 Benedicto
891 2051 1000 2119 Baldo
1032 2052 1073 2119 de
1105 2051 1250 2119 Venetiis

129 2164 159 2224 et
171 2157 251 2228 eliis.
275 2155 477 2224 Androssius
507 2155 621 2242 Cerne,
653 2155 786 2226 lodices
802 2155 920 2224 Abseri
936 2177 1002 2225 nno
1018 2177 1090 2226 cum
1105 2157 1247 2227 Consilio

127 2266 264 2334 ciusdem
280 2281 371 2332 more
386 2261 482 2330 sclito
498 2268 717 2348 congregot03
750 2263 900 2332 Jonettus
929 2265 1062 2332 Simeon
1091 2264 1244 2332 Petrichs

124 2359 251 2440 indices
280 2369 391 2441 Kersii
421 2389 487 2438 nno
517 2389 577 2438 suo
608 2370 752 2439 Oonsilio
782 2389 870 2439 more
900 2371 1000 2442 solito
1031 2381 1247 2460 congregato;

125 2477 314 2564 Dragossins
339 2476 492 2564 Jocohns,
514 2475 650 2546 Jndices
664 2477 823 2546 Lubinioe
838 2499 905 2547 uns
915 2498 987 2547 oum
1003 2479 1147 2548 Consilio
1162 2500 1250 2550 more

125 2587 216 2655 solito
244 2591 464 2670 congregal03
487 2581 645 2671 Petregus
671 2585 843 2670 Orcynioo,
867 2585 1001 2656 ludices
1021 2587 1164 2656 Kalixnli
1179 2609 1246 2658 uma

124 2713 191 2761 enm
206 2713 264 2761 sno
280 2691 404 2760 cnsilio
420 2709 510 2758 more
525 2689 622 2759 solito
647 2697 858 2780 congregato,
887 2693 1134 2778 constituerunt,
1165 2695 1250 2762 ordi-

123 2808 275 2868 naverunt
305 2798 415 2884 adque
446 2797 591 2865 lecerunt
609 2797 836 2867 honorabilem
852 2801 960 2868 virum
977 2801 1144 2869 dominum
1160 2801 1243 2870 Mar·

124 2926 191 2973 enm
205 2905 398 2974 Michaelem
415 2903 573 2972 Comitem
589 2905 715 2994 Abseri,
730 2906 873 2975 Budisss
899 2908 1040 2975 condem
1069 2907 1248 2977 Viceeomi·

125 3021 194 3102 tem,
224 3013 330 3081 Zerne
359 3009 525 3082 Andreem
556 3011 695 3080 condam
727 3013 869 3102 Zopani,
899 3005 1081 3082 iohannem
1113 3012 1251 3085 condem

125 3119 296 3206 Dregogne
328 3119 436 3205 sique
467 3119 623 3204 Piculnm,
654 3119 785 3190 Juenne
816 3120 903 3189 lilios
944 3119 1083 3190 condam
1123 3121 1253 3191 Andree

125 3237 285 3312 presentes
318 3234 353 3296 et
369 3227 430 3295 elii¹
459 3227 613 3296 absentes
643 3235 765 3296 etcum
782 3226 876 3296 modo
893 3247 956 3312 qno
972 3227 1090 3296 melius
1107 3229 1248 3314 legitimi

126 3333 246 3423 sindioi,
262 3342 405 3423 actores,
420 3335 572 3422 yconomi
589 3340 622 3402 et
638 3343 867 3421 procuratores
883 3344 916 3404 et
932 3337 1065 3405 nuntios
1081 3336 1248 3423 spetiales,

127 3462 228 3510 coram
243 3442 420 3528 Magnifico
435 3441 566 3510 domino
582 3441 707 3512 Jcecbo
717 3441 899 3511 contareno
914 3444 1026 3512 inclito
1041 3443 1131 3512 Duce
1147 3445 1249 3512 Vene-

126 3549 249 3635 llorum,
281 3549 521 3634 adpetendum
538 3547 578 3616 de
594 3549 816 3618 misericordis
832 3549 988 3618 (lomitem
1004 3553 1248 3641 perpetualiter,

131 3665 160 3724 et
173 3659 347 3727 rendentes
363 3665 396 3724 et
412 3659 579 3742 exigentes
596 3659 630 3724 in
645 3658 795 3726 omnibus
827 3660 935 3726 oensis
953 3665 985 3726 et
1016 3660 1138 3744 litibus,
1171 3681 1251 3744 qnos

124 3763 224 3832 dictus
255 3767 385 3834 lieren·
419 3765 559 3834 Micheel
601 3766 717 3834 Comes
757 3765 872 3833 Abseri
904 3787 976 3833 eum
1016 3763 1247 3852 prenominatis

124 3869 299 3941 hominibus
331 3873 366 3939 in
383 3873 531 3942 Venetiis
564 3875 687 3942 hebent
703 3894 760 3942 seu
789 3875 911 3942 hebere
927 3881 1061 3960 possent
1077 3873 1248 3941 occasione

123 3977 267 4048 immenti
301 3988 471 4068 acceptum
497 4002 555 4068 per
572 3983 747 4049 Absorincs
765 3987 797 4050 et
814 3981 983 4070 Kersinos,
1002 3983 1036 4048 in
1053 4001 1253 4066 quocumque

124 4088 186 4156 loeo
202 4096 233 4156 et
247 4109 359 4158 eorem
376 4107 554 4172 coonmque
571 4088 680 4155 indice
695 4095 764 4156 tnm
780 4089 814 4157 in
831 4090 960 4173 agendo
977 4111 1074 4174 qnam
1090 4091 1125 4156 in
1141 4086 1252 4154 defen·

122 4190 233 4284 dendo,
268 4195 460 4283 excipiendo
495 4203 528 4263 et
544 4197 742 4286 replicando,
759 4203 792 4264 et
818 4197 1016 4280 generaliter
1031 4195 1075 4261 od
1090 4194 1199 4261 omnia
1216 4201 1249 4261 et

122 4299 248 4386 singola
263 4301 366 4372 libere
390 4301 546 4371 faciendo
562 4309 595 4370 et
626 4303 820 4391 exercendo,
852 4323 915 4387 que
946 4303 1017 4370 rori
1048 4305 1081 4368 et
1110 4299 1248 4384 legitimi

126 4407 239 4478 sindici
271 4429 331 4480 seu
362 4417 588 4497 procuratores
621 4409 730 4478 faeere
761 4418 961 4478 etexercere
980 4413 1121 4498 possent,
1139 4413 1250 4492 etque

121 4531 290 4585 censorum
306 4517 421 4586 merita
438 4517 570 4603 exigent
585 4525 618 4586 et
635 4518 811 4604 requirnnt,
829 4524 939 4602 etque
964 4513 1085 4585 eisdem
1116 4513 1251 4584 sindicis
