3096 5160
581 335 741 437 „Q

200 531 374 600 Ladialuus
390 534 430 601 Ι).
456 553 502 618 gr.
528 531 697 616 Hungarie
728 534 791 600 stb.
821 533 890 600 Rex
921 533 982 602 stb.
1011 531 1223 622 (kdvetkenik

90 641 146 708 IV.
162 641 281 708 Ltsulo
297 639 476 728 kirtlynak
495 639 633 710 lusu-ki
665 639 945 727 adomdnyleuelo‚
977 642 1060 708 mint
1090 641 1225 710 fentebb

91 753 168 819 373.
187 768 232 815 sn.
251 745 296 835 a.)

201 856 271 923 Nos
286 855 397 940 itaque
409 855 506 940 justis
522 855 738 941 peticionibus
748 856 886 943 predicti
898 855 1069 943 Laurencij
1083 857 1216 942 junenis
1263 907 1270 916 .

90 959 195 1029 nostri
209 960 434 1034 fauorabilitor
448 963 605 1044 inclinati,
623 963 929 1046 considerantesque
955 963 1062 1051 ipsum
1088 965 1218 1051 priuile-

89 1075 178 1156 gium
196 1093 270 1141 cum
287 1072 370 1139 facie
386 1071 486 1157 sigilli
501 1069 641 1160 predicti
665 1070 776 1139 fratris
807 1071 908 1140 nostri
932 1071 1121 1158 sigillatum,
1155 1093 1222 1139 non

89 1181 254 1264 abrasum,
272 1201 337 1248 non
353 1179 576 1263 cancellatum
591 1198 651 1246 neo
668 1179 701 1246 in
718 1178 831 1263 aliqua
857 1177 906 1246 sui
934 1187 1027 1265 parte
1053 1179 1220 1265 viciatum,

89 1287 248 1356 deuerbo
264 1285 309 1352 ad
324 1288 458 1354 uerbum
475 1285 678 1372 presentibus
694 1287 792 1355 inseri
808 1285 971 1375 faciendo,
1002 1306 1061 1372 pro
1093 1286 1220 1355 merito-

89 1395 153 1479 rijs
168 1393 320 1478 seruicijs
334 1393 491 1480 sepedicti
507 1393 689 1480 Laurencij,
715 1413 777 1478 qne
793 1394 887 1462 nobis
904 1415 942 1460 eo
961 1400 1116 1479 tempore,
1143 1413 1215 1462 cum

88 1520 149 1568 nos
163 1505 242 1587 post
271 1501 516 1569 coronationem
546 1507 689 1568 nostram
723 1499 843 1586 adepto
874 1501 969 1586 pleno
999 1499 1221 1586 gubernaculo

86 1609 195 1693 Regni
210 1613 324 1676 contra
340 1608 503 1678 dominum
520 1607 689 1676 Albertum
716 1608 838 1675 Ducem
869 1607 1011 1692 Austrie,
1042 1607 1218 1694 capitalem

86 1717 255 1786 inimicum
270 1718 374 1801 Regni
390 1717 493 1786 nostri
510 1725 543 1786 et
557 1724 712 1804 nostrum,
730 1722 908 1785 conuocato
934 1717 1080 1786 exercitu
1102 1724 1217 1786 nostro

86 1824 238 1912 generali
254 1823 533 1913 processissemus,
564 1833 600 1892 ut
623 1823 829 1893 laudabiliter
845 1825 996 1910 inpendit
1012 1823 1060 1892 sic
1090 1825 1220 1910 deuote,
1298 1913 1300 1918 s
1385 1827 1390 1840 “

87 1951 161 1999 cum
177 1939 299 2000 terram
317 1933 395 2001 dicti
411 1935 516 2002 Ducis
526 1933 752 2020 potencialiter
762 1932 990 2024 adhijssemus‚
1009 1941 1217 2016 castrumque

89 2039 236 2106 eiusdem
251 2042 337 2108 Roro
353 2041 455 2128 primo
480 2047 513 2107 et
541 2041 764 2127 principaliter
796 2041 989 2110 fecissemus
1021 2040 1213 2128 expugnari,

85 2147 195 2215 dictus
210 2148 411 2216 Laurentius
426 2149 487 2217 sub
503 2150 617 2217 eodem
644 2156 752 2218 castro
778 2147 914 2216 uiriliter
946 2155 977 2217 et
1008 2147 1218 2216 laudabiliter

85 2253 273 2323 dimicando
288 2255 404 2323 letalia
420 2257 553 2323 uulnera
570 2257 730 2324 tolerauit.
755 2257 823 2324 Nos
840 2256 874 2323 in
890 2275 1135 2342 recompensam
1150 2275 1215 2322 ser·

84 2362 248 2432 uictorum
264 2363 342 2432 dicti
357 2363 531 2451 Laurencij
549 2365 731 2450 predictum
747 2364 955 2452 priuilegium
973 2371 1079 2432 rutum
1096 2365 1131 2430 et
1143 2383 1216 2446 gra·

85 2475 155 2538 tsun
172 2467 334 2539 habentes
350 2471 517 2541 attonitate
534 2469 623 2560 (tgp)
646 2471 850 2560 presencium
881 2473 1106 2540 confirmamus
1137 2469 1216 2556 dup-

87 2578 186 2662 plicis
203 2577 304 2662 sigilli
319 2579 420 2645 nostri
436 2579 612 2648 munimine
629 2579 823 2647 roborando.
864 2579 983 2646 Datum
1008 2597 1069 2664 per
1100 2597 1215 2644 manus

84 2685 218 2754 discreti
234 2685 296 2752 viri
321 2685 472 2770 Magistri
503 2685 664 2755 Theodori
694 2686 844 2756 Albensis
876 2686 1025 2754 Ecclesie
1054 2685 1213 2772 Prepesiti

83 2793 162 2859 aule
178 2799 289 2860 nostre
305 2790 580 2880 vicecancellarij
597 2792 706 2862 dilecti
724 2798 756 2860 et
773 2791 878 2862 fidelis
905 2795 1006 2861 nostri
1033 2812 1118 2857 anno
1149 2792 1214 2859 Do-

81 2899 164 2966 mini
179 2901 214 2966 M
221 2897 302 2968 ⁰00⁰
317 2900 529 2987 nonagesimo
544 2895 696 2990 secundo,
728 2900 831 2988 Regni
859 2910 969 2971 autem
993 2899 1094 2966 nostri
1125 2917 1213 2965 anno

79 3007 197 3077 tercio.

77 3203 226 3267 (Eredetie
257 3203 446 3278 uorhcnptn,
478 3207 598 3272 motyrut
618 3223 635 3260 s
652 3208 747 3274 kirtly
769 3210 860 3260 kettds
879 3205 1058 3272 pcosetjenek
1077 3206 1214 3259 tdredtke

77 3295 265 3358 sarge-veros
285 3295 525 3360 selyemzsiutron
543 3296 630 3363 tugg3
655 3311 673 3348 a
691 3298 777 3351 budai
796 3299 849 3350 kir.
868 3298 996 3350 kamarai
1015 3297 1215 3358 levtltdrbsn.)

186 4755 293 4806 Hom.
306 4759 388 4804 nuuc.
403 4761 474 4802 mun.
491 4770 536 4786 -
551 4759 624 4805 urst.
637 4759 705 4805 ¹111.
