3112 5154
119 1209 146 1276 A
179 1213 337 1280 eaaazmae'
367 1209 597 1299 septemanas
629 1206 909 1294 temqutmta,
943 1207 1027 1292 hoqy
1053 1202 1179 1292 Sys-bole
1211 1207 1243 1272 e'a

118 1317 315 1388 ercamrao*
358 1317 484 1384 Othnoc'
522 1315 741 1382 birtokuknak
779 1316 880 1380 resset
924 1313 1058 1379 stactus
1098 1311 1241 1379 Benedek

22 1427 24 1458 *
533 1420 703 1489 comesnek.
730 1415 827 1486 1277.

213 1619 402 1708 Capitulum
433 1616 643 1686 Oiasmcnsis
658 1614 801 1685 Ecclesic
827 1614 988 1684 vniocrris
1004 1613 1124 1683 Christi
1139 1615 1241 1683 fideti·

116 1729 169 1799 tns
182 1747 323 1817 presens
338 1726 492 1813 scriptum
506 1725 704 1812 inspectoris
734 1724 873 1792 salutem
887 1723 922 1790 in
953 1724 1094 1790 Domino
1124 1724 1241 1810 sempi-

22 1829 23 1832 ’
114 1845 244 1904 ternam.
273 1835 327 1902 Ad
343 1835 567 1902 rninersorum
599 1831 755 1901 noticiam
771 1831 856 1898 serio
873 1831 1077 1918 presencium
1093 1832 1243 1900 volnmns

22 1951 23 1960 ’
117 1943 281 2030 peruenire
297 1967 306 2008 ι
324 1942 411 2026 qnod
426 1940 557 2028 Syrbok
572 1961 645 2010 cnm
661 1938 786 2008 dnobus
801 1939 878 2024 fllijs
894 1939 973 2023 suis,
999 1939 1099 2026 Betey
1129 1937 1242 2008 videli-

118 2051 362 2136 contereres,
379 2045 588 2132 Ghornoglau
604 2047 691 2115 filins
706 2046 851 2134 Neterni,
866 2045 983 2114 Petrus
997 2045 1084 2114 filins
1100 2047 1244 2136 morey,

22 2205 23 2212 κ
119 2160 242 2228 Marcus
257 2177 332 2224 cnm
349 2153 509 2225 Netenich
524 2153 592 2223 filio
608 2175 680 2240 sno,
697 2155 813 2222 Petrus
829 2161 862 2222 st
876 2153 973 2222 Luka
1003 2153 1061 2238 filij
1078 2151 1244 2237 Wlohnilr,

22 2309 23 2318 κ
118 2265 219 2335 Veche
249 2265 340 2334 filins
369 2262 526 2346 Wtchich,
560 2270 593 2330 et
607 2263 752 2332 Thomas
782 2260 870 2329 filins
901 2260 1034 2350 Ticino,
1053 2261 1186 2330 Nobiles
1202 2263 1243 2329 dc

22 2355 23 2368 ¹
117 2369 308 2442 Chesmineh
323 2391 345 2438 a
359 2377 452 2458 perte
477 2389 552 2456 vno,
583 2368 627 2437 ab
657 2368 763 2436 altera
792 2375 899 2436 autem
931 2367 1126 2438 Benedictus
1158 2371 1243 2438 filins

22 2557 23 2560 Ἴ
117 2477 244 2548 Comitis
275 2478 402 2564 Jacobi,
435 2497 544 2546 coram
576 2477 672 2546 nobis
702 2475 918 2562 personaliter
948 2477 1125 2562 constituti,
1142 2477 1243 2565 ijdem

116 2583 245 2674 sntok,
261 2583 465 2670 Ohonoglen,
481 2585 608 2669 Petrus,
623 2583 762 2668 Morcus,
790 2583 919 2667 Petrus,
949 2581 1056 2670 Lnka,
1086 2585 1195 2653 Veche
1211 2594 1244 2652 et

22 2741 23 2760 t
116 2690 252 2760 thomas
286 2691 447 2776 quasdam
479 2692 659 2778 particulas
675 2699 761 2759 terre
776 2710 886 2758 eorum
901 2691 991 2775 ipsos
1008 2689 1042 2758 in
1058 2689 1167 2760 Othna
1183 2713 1242 2778 pro

115 2801 261 2881 porcione
277 2797 510 2884 contingentes,
527 2804 562 2866 vt
581 2799 740 2881 dixerunt,
770 2795 875 2865 eidem
908 2797 1027 2865 (inmiti
1056 2799 1243 2887 Benedicto‚

116 2908 240 2992 suisque
273 2925 335 2992 per
367 2927 440 2974 eum
456 2904 629 2974 heredibus
660 2906 730 2974 inre
760 2912 915 2992 perpetuo
934 2904 1162 2994 possidendas,
1182 2929 1242 2994 pro

22 3063 23 3070 s
115 3014 329 3099 quadraginta
344 3013 464 3082 mercis
480 3013 689 3082 denariorum
714 3015 812 3100 piene
844 3015 997 3100 acceptis,
1012 3019 1047 3081 vt
1078 3013 1241 3099 dixerunt,

115 3125 169 3192 sub
184 3123 282 3190 metis
313 3127 347 3190 st
362 3121 510 3189 terminis
541 3121 761 3208 infrascriptis
792 3121 980 3191 vendidisse
999 3129 1074 3190 sunt
1090 3121 1241 3190 confessi.

22 3263 23 3270 κ
116 3229 163 3296 Ita
176 3229 339 3317 videlieet,
355 3229 442 3315 qnod
458 3229 587 3316 Syrbok
604 3231 789 3318 porcionem
804 3251 896 3299 snam
918 3249 977 3316 pro
986 3229 1098 3299 decem
1114 3231 1243 3318 mareis,

115 3336 319 3422 Cirornoglou
352 3344 386 3404 et
400 3343 514 3404 Petrus
546 3357 605 3424 pro
638 3357 696 3406 sex
711 3339 841 3424 marcis,
866 3337 1001 3406 Markns
1017 3337 1165 3406 similiter
1181 3358 1239 3424 pro

22 3531 23 3540 ἵ
115 3463 179 3530 sex,
193 3445 309 3512 Petrus
327 3449 362 3510 et
375 3441 470 3510 Lnko
487 3463 546 3529 pro
561 3463 620 3512 sex
635 3445 765 3527 marcis,
780 3444 892 3512 Veche
924 3465 982 3529 pro
1013 3465 1081 3532 sex,
1097 3453 1129 3512 et
1159 3446 1243 3512 'Pho-

113 3573 179 3619 mas
209 3551 360 3618 similiter
391 3573 448 3637 pro
466 3572 523 3620 sex
554 3553 684 3621 mercis.
716 3551 860 3631 Quarum
890 3552 1121 3638 particularum
1147 3561 1242 3638 mete,

22 3663 24 3724 t
114 3657 193 3724 siz-nt
211 3664 324 3744 partes
353 3659 588 3727 concordantes
619 3659 811 3744 retulerunt,
841 3651 924 3726 tates
956 3667 1055 3727 sunt:
1082 3659 1243 3727 Videlicet

114 3765 215 3850 prima
245 3771 333 3832 meta
348 3767 466 3851 incipit
482 3787 503 3832 a
519 3776 613 3851 parto
632 3767 797 3854 orientali,
816 3766 872 3834 vbi
889 3773 940 3834 est
953 3771 1041 3834 meta
1055 3773 1162 3836 terrea
1178 3771 1242 3836 sita

113 3871 200 3937 iuxta
214 3871 348 3939 fluuium
367 3873 586 3958 Vinzeannoz;
609 3875 729 3942 deinde
745 3877 779 3940 in
796 3871 1001 3942 vicinacione
1020 3880 1104 3942 terre
1136 3874 1240 3944 Orbo-

22 3987 23 3990 ’
115 3999 175 4063 na;
197 3979 273 4045 inde
304 3999 363 4064 per
378 3979 484 4066 ipsum
515 3981 648 4048 fluuium
680 3979 859 4067 procedens
876 3981 1026 4067 superins
1040 4002 1154 4050 versus
1169 4001 1243 4066 sep·

22 4083 23 4090 ’
115 4088 332 4170 temtrionem,
348 4090 416 4153 exit
431 4087 475 4154 ad
500 4096 618 4156 metam
650 4096 788 4157 terream
820 4089 921 4154 sitem
937 4091 971 4156 in
1002 4090 1110 4175 capite
1139 4089 1243 4175 ipsius

110 4192 330 4276 Vinzcaznom
354 4193 431 4260 inde
461 4193 496 4261 in
512 4196 638 4264 modico
663 4196 776 4283 specio
792 4196 836 4263 cd
851 4198 999 4263 arborem
1017 4197 1121 4262 cerasi
1136 4215 1241 4263 croce-

111 4299 276 4385 signstcm
308 4305 396 4368 mete
428 4307 533 4369 terrea
550 4303 796 4390 circumfusam
817 4301 896 4371 inde
912 4303 956 4370 ad
971 4301 1071 4369 aliam
1092 4302 1240 4370 arborem

110 4408 214 4474 cerasi
246 4409 521 4495 crucesignatam,
553 4409 615 4478 snb
646 4431 714 4495 qna
739 4417 825 4478 mets
840 4417 946 4478 terrea
961 4429 1074 4478 versus
1090 4407 1242 4478 occiden-

110 4519 175 4582 tem
192 4536 201 4598 ς
221 4513 299 4580 inde
315 4513 359 4581 ad
374 4515 476 4584 aliam
503 4523 621 4585 metam
651 4525 790 4584 terream
821 4519 917 4585 sitam
936 4519 969 4584 in
1002 4517 1111 4603 capite
1141 4523 1241 4606 potey

111 4619 249 4705 Vether3
272 4627 306 4688 et
337 4641 395 4706 per
425 4621 566 4691 munium
598 4623 702 4710 ipsius
732 4622 821 4710 putei
853 4623 1054 4693 descendens
1084 4625 1174 4694 venit
1198 4625 1243 4693 ad

222 4755 325 4795 sonnis.
340 4755 422 4798 noso.
439 4759 510 4798 nrsr.
529 4772 569 4784 -
587 4759 661 4798 nnrn.
678 4759 745 4800 urs.
1090 4737 1133 4803 14
