3124 5152
850 279 1010 379 —aar-

363 473 474 541 centul
490 471 531 541 de
548 473 698 542 Thuroch
715 473 864 543 dedimus
881 477 914 544 iu
931 474 1106 552 mandatis,
1120 481 1155 544 vt
1171 475 1309 543 Nicolao
1327 472 1484 542 Comitide

363 581 491 648 Zoilum
509 602 607 649 vnum
625 601 666 650 ex
681 581 762 669 ipsis
780 583 883 650 uirum
900 585 1050 653 idoneum
1069 585 1185 652 darent
1211 604 1269 670 pro
1301 582 1483 662 testimonio,

364 707 473 756 coram
491 711 553 777 quo
570 690 656 758 idem
672 693 789 760 Comes
803 691 959 760 Nicolaus
977 693 1165 762 conuocatis
1182 693 1300 761 vicinis
1317 700 1482 760 etcomruc

363 797 470 865 tanen
487 796 631 865 eiusdem
647 805 743 886 terre,
760 798 939 885 predictam
956 805 1076 869 terram
1092 803 1251 867 statueret
1262 798 1369 866 eidem
1378 795 1482 865 Gomiti

366 903 473 988 Petro,
504 904 613 973 sinon
644 905 736 974 tieret
767 905 1019 975 contradictum:
1042 905 1086 974 ad
1118 915 1263 974 nostram
1294 904 1484 994 presenciam

367 1013 622 1096 contradictores
639 1014 682 1082 ad
698 1016 870 1084 torminum
886 1021 1121 1102 competentem
1139 1016 1316 1086 euocando.
1351 1014 1415 1094 Qui
1441 1011 1483 1080 dc·

365 1141 451 1188 mum
469 1121 561 1191 nobis
579 1123 824 1210 rescripserunt,
850 1123 1025 1208 quodcum
1057 1124 1171 1192 codem
1198 1123 1327 1192 Gemite
1356 1121 1484 1189 Nicolao

367 1250 466 1297 vnum
483 1251 524 1298 ex
539 1229 619 1316 ipsis
633 1232 736 1298 virum
753 1229 904 1302 idoneum
920 1253 980 1320 pro
995 1231 1180 1299 testimonio
1196 1231 1430 1318 destinassent,
1458 1237 1484 1298 et

365 1335 436 1424 ipse
453 1337 567 1404 Comes
582 1337 740 1407 Nicolaus
757 1337 936 1424 predictam
953 1346 1070 1406 terram
1098 1338 1284 1406 conuocatis
1309 1339 1428 1406 vicinis
1455 1343 1482 1402 et

365 1446 596 1516 commetancis
612 1445 757 1512 eiusdem
774 1453 860 1514 terre
876 1445 961 1514 dicto
978 1445 1095 1516 Oomiti
1110 1446 1206 1514 Petro
1222 1446 1395 1515 statuisset
1403 1446 1485 1514 nullo

364 1551 494 1640 penitus
519 1553 756 1621 contradictore
786 1552 956 1622 existente.
995 1555 1062 1623 Nos
1095 1554 1195 1639 igitur
1226 1554 1281 1637 qui
1313 1573 1354 1622 ex
1386 1553 1484 1620 officio

365 1662 507 1748 suscepti
523 1661 691 1748 regiminis
708 1661 812 1728 metiri
830 1661 985 1730 debemus
1002 1663 1118 1731 merita
1145 1662 1354 1748 singulorum,
1391 1661 1486 1728 cousi-

366 1770 517 1837 derantes
532 1769 731 1856 multiplices
749 1775 782 1836 et
798 1767 981 1838 laudabiles
1014 1769 1189 1838 famulatus
1220 1769 1324 1856 ipsius
1357 1769 1485 1836 Comitis

365 1877 464 1964 Petri,
480 1895 542 1961 que
558 1876 650 1945 nobis
667 1897 740 1945 curn
755 1897 883 1944 summa
897 1875 993 1946 laude
1009 1879 1163 1945 virtutum
1183 1875 1322 1944 fideliter
1347 1875 1487 1942 exhibuit

365 1989 398 2050 et
414 1983 539 2070 deuote,
557 1985 591 2050 in
606 1984 942 2070 recompensacionem
957 1981 1101 2052 fidelium
1117 1991 1151 2050 et
1181 1981 1396 2050 laudabilium
1426 2002 1487 2050 ser-

365 2091 519 2160 uiciorum
535 2091 639 2177 ipsius
656 2091 789 2160 Comitis
805 2093 893 2159 Petri
909 2092 1089 2179 predictam
1105 2099 1224 2160 terram
1240 2111 1314 2158 cum
1340 2091 1485 2158 omuibus

365 2197 560 2266 utilitatibus
578 2207 610 2268 et
624 2199 832 2286 pertinenciis
847 2199 916 2268 suis
933 2199 1091 2268 uniuersis
1108 2198 1211 2265 eidem
1243 2196 1360 2266 Oomiti
1392 2197 1485 2266 Petro

364 2313 398 2375 et
412 2305 479 2375 suis
494 2305 666 2374 heredibus
682 2305 897 2394 heredumque
921 2328 1050 2376 suorum
1082 2303 1323 2376 successoribus
1340 2305 1483 2375 dedimus

365 2417 560 2484 contulimus
576 2423 675 2501 atque
690 2418 885 2486 tradidimus
897 2417 972 2504 jure
988 2423 1145 2504 perpetuo
1172 2423 1205 2482 et
1230 2416 1487 2484 irreuocabiliter

365 2526 614 2612 possidendam
638 2526 809 2596 inducente
824 2527 928 2595 eciam
944 2547 1004 2596 nos
1021 2531 1053 2596 et
1063 2525 1266 2594 mouentead
1276 2526 1485 2594 collacionem

365 2634 513 2721 predicte
529 2641 614 2702 terre
630 2633 815 2701 faciendam
833 2635 1017 2704 donacioue
1032 2655 1090 2704 seu
1115 2635 1298 2703 tradicione
1324 2633 1486 2702 cuiusdam

365 2743 438 2828 equi
454 2742 528 2829 pelo
544 2739 661 2830 (pcjlo)
677 2743 795 2811 coloris
812 2741 869 2810 alti
884 2743 998 2831 preoij,
1015 2762 1110 2828 qoem
1128 2743 1228 2828 liegie
1240 2751 1355 2828 aptum
1372 2748 1404 2809 et
1415 2760 1485 2808 con·

365 2872 480 2938 gruum
495 2849 657 2940 Maiestati
672 2851 715 2918 ab
732 2850 845 2920 eodem
861 2851 1050 2938 recepimus,
1081 2850 1152 2936 ipso
1169 2849 1284 2919 eodem
1299 2857 1409 2917 nostre
1432 2867 1483 2916 vo

366 2961 484 3028 luntati
501 2965 533 3027 et
548 2958 701 3046 peticioni
717 2960 750 3026 in
766 2959 946 3029 tradicione
961 2959 1063 3046 ipsius
1080 2959 1156 3044 equi
1187 2979 1259 3027 cum
1291 2957 1482 3027 liberalitate

364 3069 500 3137 fideliter
516 3071 712 3136 occurrente.
737 3067 835 3136 (iuius
850 3067 980 3152 quidem
997 3075 1084 3136 terre
1100 3074 1194 3152 mete,
1212 3073 1306 3152 prout
1321 3065 1356 3132 iu
1372 3065 1487 3132 litteris

269 3195 274 3200 ·
363 3176 524 3265 Propositi
539 3184 572 3244 et
588 3177 774 3246 murentur
789 3175 931 3245 vidimus
947 3176 1115 3262 contineri,
1144 3175 1206 3243 hoc
1228 3173 1345 3242 ordine
1375 3173 1487 3246 distin·

363 3292 482 3372 guntur
498 3309 507 3352 ε
523 3285 633 3354 Prima
647 3292 733 3354 meta
748 3285 898 3372 incipite
922 3291 1016 3372 parte
1046 3283 1197 3354 orientali
1227 3283 1313 3350 inter
1344 3280 1435 3366 alpes
1467 3301 1489 3346 a

363 3397 471 3482 capite
484 3393 574 3464 fluuii
589 3394 791 3482 Bystrycha3
814 3394 892 3463 iude
908 3415 967 3480 per
983 3395 1088 3463 siluas
1103 3393 1195 3462 venit
1219 3390 1263 3461 ad
1287 3391 1402 3479 locum,
1431 3389 1489 3471 qui

363 3503 479 3570 dicitur
494 3501 716 3589 Tempueltul;
740 3501 816 3570 hinc
840 3501 1009 3571 deseendit
1038 3501 1082 3569 ad
1112 3501 1261 3569 arborem
1293 3498 1355 3585 piri
1387 3517 1488 3580 usquc

363 3617 468 3680 metas
484 3609 564 3679 ville
594 3611 730 3692 Notser;
754 3608 832 3678 iude
862 3609 1029 3679 descendit
1059 3629 1118 3696 per
1147 3609 1234 3677 viam
1265 3607 1310 3675 ad
1341 3607 1489 3675 arborem

363 3719 468 3806 tulgia
482 3723 649 3800 vocatam
672 3715 749 3786 iude
764 3737 822 3804 per
838 3717 1009 3803 antiquam
1025 3718 1111 3786 riam
1143 3718 1295 3786 limosam
1327 3713 1493 3783 descendit

363 3848 466 3916 usque
481 3847 633 3914 magnam
649 3825 746 3914 mam,
768 3845 832 3911 que
846 3831 897 3894 est
911 3845 1012 3913 prope
1028 3825 1200 3894 ecclesiam
1216 3823 1309 3892 Beati
1321 3821 1490 3890 Michaelis

362 3937 404 4006 ad
420 3939 542 4005 iactum
558 3934 699 4024 lapidis3
724 3933 770 4002 ibi
792 3933 942 4004 saliendo
967 3933 1071 4021 ipsam
1102 3935 1189 4002 viam
1221 3935 1255 4000 in
1288 3929 1491 4017 longitudine

362 4044 457 4113 vuius
473 4043 595 4128 lugetis
612 4041 701 4112 cadit
715 4041 759 4110 ad
773 4040 906 4110 fluuium
922 4041 1163 4128 Semovicham,
1180 4039 1270 4108 vadit
1286 4039 1329 4108 ad
1345 4037 1487 4108 calidam

361 4171 481 4238 aquam
492 4149 650 4238 'Peplieha
660 4155 827 4235 comtum
844 4148 921 4218 iude
931 4149 1036 4218 eciam
1054 4167 1112 4235 per
1126 4149 1260 4216 fluuium
1276 4144 1488 4216 Sernouicha

362 4281 475 4349 parum
491 4257 698 4328 ascendendo
714 4257 782 4326 exit
798 4257 840 4324 ad
857 4256 1055 4327 occidentem
1072 4266 1105 4326 et
1136 4256 1229 4326 vadit
1258 4252 1302 4323 ad
1332 4272 1489 4339 magnam

362 4370 459 4456 viam,
475 4375 508 4438 et
523 4366 569 4435 ibi
584 4372 674 4436 tenet
689 4375 793 4435 metas
810 4385 882 4434 cum
898 4365 979 4434 villa
1004 4363 1157 4450 (leemas,
1182 4362 1304 4432 ibidem
1337 4359 1492 4430 saliendo

361 4477 467 4562 ipsam
483 4476 568 4544 uiam
585 4495 644 4562 per
659 4480 762 4542 metas
778 4481 810 4542 et
825 4473 980 4542 terminos
996 4470 1089 4541 vadit
1104 4473 1148 4540 ad
1164 4471 1304 4540 riuulum
1324 4469 1493 4556 Buluyua

361 4589 528 4668 vocatum,
553 4582 630 4649 inde
645 4581 737 4649 vadit
751 4580 795 4649 ad
811 4590 937 4668 partem
954 4581 1201 4651 meridionalem
1218 4579 1261 4649 ad
1292 4577 1409 4646 siluam
1441 4573 1491 4642 ad
