3124 5152
593 366 752 468 egra-

114 567 338 654 consanguinei
379 565 566 636 eorumdem
597 566 766 633 memorati
797 567 960 651 quandam
991 568 1154 654 possessio
1162 589 1237 636 nem

116 695 216 743 eornm
231 677 376 744 Perenne
391 676 589 744 nominatam
606 676 640 742 in
657 675 820 744 comitatu
836 675 877 742 de
893 675 1016 744 Borsod
1043 677 1235 745 existentem

114 788 143 852 in
156 785 381 854 concambium
398 785 618 872 possessionis
634 804 744 854 eorum
770 784 965 854 hereditarie
991 785 1102 854 Dedus
1134 786 1234 854 nomi-

113 899 180 963 nate
195 916 216 964 a
230 893 360 982 prefato
377 896 465 962 Erue
479 895 572 962 Bano
597 894 641 960 ad
671 894 762 980 ipsos
776 881 778 890 ’
793 893 987 983 deuolutam,
1018 893 1079 963 sub
1111 893 1234 962 eisdem

112 1003 196 1070 meus
212 1009 243 1071 et
258 1003 421 1090 terminis,
439 1004 555 1088 quibus
571 1010 669 1071 antea
683 1003 758 1090 ipse
773 1003 861 1070 Eme
876 1003 986 1071 Barrus
1003 1002 1229 1072 dinoscebatur

111 1109 296 1198 possedisse,
316 1132 391 1181 cum
402 1110 551 1180 omnibus
560 1110 758 1180 utilitatibus
769 1117 801 1178 et
811 1110 1022 1198 pertinenciis
1037 1112 1116 1200 suis,
1128 1112 1234 1180 dedis-

111 1227 174 1286 sent
190 1219 295 1289 eidem
312 1221 470 1306 Magistro
485 1219 652 1304 Stephano
668 1219 817 1287 similiter
841 1220 910 1288 iure
941 1225 1097 1307 perpetuo
1128 1219 1233 1307 possi·

113 1327 253 1398 dandam.
286 1329 329 1395 Et
360 1330 439 1413 qnia
469 1334 649 1396 memorata
678 1329 844 1414 possessio
875 1329 1026 1413 Magistri
1059 1327 1231 1418 Stephani,

112 1436 255 1506 uidelicet
270 1435 546 1525 Hernadnemyty
568 1437 671 1505 maior
698 1443 731 1503 et
761 1435 870 1504 utilior
902 1442 982 1524 erat,
1015 1455 1112 1520 quam
1144 1436 1234 1504 dicta

112 1545 260 1628 macedo
276 1544 381 1631 partis
398 1543 556 1630 aduerse3
581 1546 644 1632 ipsi
658 1543 716 1631 filij
734 1541 850 1613 Bedlre
865 1549 897 1612 et
913 1544 1148 1630 consanguinei
1179 1545 1229 1611 sni

110 1671 196 1738 super
211 1650 395 1737 predictam
411 1653 650 1740 possessionem
667 1673 759 1722 suam
785 1651 986 1720 addidissent
1012 1659 1044 1719 et
1074 1649 1224 1720 tradidis-

109 1768 174 1828 sent
188 1760 252 1848 ipsi
268 1761 426 1846 Magistro
442 1760 608 1846 Stephano
623 1767 657 1829 et
672 1759 738 1828 suis
753 1760 930 1830 heredibus
946 1761 1117 1847 porciones
1148 1779 1227 1830 suas

110 1869 327 1958 hereditarias,
358 1889 440 1954 quas
455 1869 647 1938 habuissent
663 1871 696 1938 in
728 1870 824 1938 terris
857 1869 998 1938 Perenne
1029 1876 1061 1937 ct
1093 1870 1229 1938 Lobana

109 1981 287 2062 nominatis,
319 1980 431 2047 eodem
448 1979 543 2047 modo
558 1980 594 2046 in
610 1977 774 2046 Comitatu
790 1979 832 2046 de
847 1979 974 2048 Borsod
1005 1979 1228 2064 existentibus,

108 2095 285 2173 spectantes
301 2089 344 2156 ad
360 2109 397 2157 se
412 2089 498 2158 solos
515 2089 662 2158 similiter
678 2108 751 2156 cum
776 2088 936 2155 uniuersis
966 2087 1161 2155 utilitatibus
1192 2094 1225 2155 et

108 2196 310 2283 pertinenciJs
327 2199 394 2266 suis
411 2197 473 2265 suh
489 2197 587 2266 certis
613 2204 645 2266 et
670 2195 813 2281 antiquis
844 2195 951 2284 metis,
983 2197 1098 2280 quibus
1129 2195 1228 2281 ijdem

106 2303 322 2391 possidebant,
337 2304 408 2373 iure
424 2311 582 2392 perpetuo
599 2311 631 2372 et
646 2303 902 2374 irrecusabiliter
917 2303 1146 2390 possidendas.
1186 2305 1227 2371 Et

105 2414 251 2483 Albertns
267 2414 355 2482 filius
371 2413 506 2500 Sedene,
522 2433 562 2481 ac
577 2413 683 2481 tha
697 2412 782 2481 filins
806 2413 902 2502 Wyd,
934 2414 1167 2500 consanguinei
1194 2425 1227 2485 et

106 2525 313 2592 commetanei
330 2521 487 2592 dictorum
502 2525 640 2592 filiorum
658 2521 781 2609 Bedhe,
812 2540 852 2588 cc
868 2521 1006 2589 eliorum
1036 2526 1226 2609 consangui-

105 2651 228 2700 neorum
245 2653 385 2720 suorum,
401 2651 509 2700 coram
526 2632 620 2700 nobis
636 2633 850 2719 personaliter
866 2632 1044 2721 constituti,
1061 2633 1137 2702 huic
1153 2655 1224 2703 con·

105 2741 225 2810 cambio
242 2761 435 2811 consensum
451 2744 650 2829 prebuerunt
666 2747 700 2808 et
716 2759 895 2809 assensum.
933 2741 1080 2810 Dicimus
1107 2743 1219 2830 eciam,

104 2850 182 2936 quod
197 2851 295 2919 homo
312 2859 432 2938 noster,
461 2849 503 2917 ad
521 2849 715 2918 instanciam
733 2847 878 2937 parcium
896 2850 942 2917 ed
958 2851 1020 2918 hoe
1037 2850 1225 2935 specialiter

107 2958 293 3046 destinatus,
326 2978 397 3026 cum
415 2959 495 3045 ipsis
511 2959 659 3044 partibus
676 2977 784 3025 eoram
801 2957 892 3025 nobis
909 2958 1100 3025 constitutus
1132 2955 1223 3046 dixit,

106 3069 184 3152 qnod
198 3069 342 3136 vniucrsi
358 3065 588 3152 consanguinei
604 3072 637 3135 et
653 3065 866 3132 commetanei
892 3064 1112 3151 predictorum
1142 3065 1223 3133 lilio·

106 3199 167 3246 rum
184 3177 298 3245 Bedhe
315 3184 347 3245 et
363 3175 675 3263 consanguineorum
693 3197 823 3244 snorum
841 3175 874 3243 in
890 3177 974 3244 facie
991 3178 1135 3264 ipsarum
1162 3183 1223 3244 ter·

104 3307 205 3354 rarum
220 3287 363 3356 Perenne
380 3293 412 3355 et
426 3287 564 3354 Lubuna
579 3291 766 3354 vocatarum
783 3285 1011 3374 comparendo,
1043 3305 1156 3353 coram
1184 3306 1223 3352 eo

105 3396 242 3480 prefecto
259 3395 448 3462 concambio
465 3395 596 3479 plenum
613 3413 803 3462 consensum
821 3395 1027 3482 prebuissent
1050 3401 1082 3461 et
1112 3414 1223 3462 assen-

105 3525 178 3574 sum.
202 3506 388 3592 Assumpsit
405 3506 509 3573 eciam
524 3503 609 3574 idem
641 3505 796 3590 Magister
827 3504 1015 3589 Stephanus
1046 3503 1222 3588 obligando

104 3636 135 3682 se
150 3622 182 3682 et
196 3615 332 3688 heredes
351 3635 437 3701 suos,
453 3615 538 3682 filios
553 3614 679 3697 Bedlne,
710 3622 743 3680 et
759 3613 1015 3697 consanguineos
1033 3633 1108 3680 suos
1134 3618 1222 3680 antc-

104 3725 213 3813 diclos,
229 3723 419 3793 coheredes
436 3724 609 3791 eorundem
625 3724 807 3808 uniuersos,
839 3723 881 3789 ab
913 3722 1060 3789 omnibus
1090 3723 1222 3789 racione

103 3835 240 3918 predicte
254 3831 472 3922 possessionis
489 3833 756 3919 Hernadnemyty
771 3841 886 3898 vocate
916 3830 1073 3917 impetere
1090 3829 1219 3898 nitenti-

104 3942 159 4011 bus
173 3943 346 4012 defendere
362 3950 394 4008 et
412 3940 565 4027 expedire
581 3941 720 4027 proprijs
731 3939 896 4006 laboribus
908 3945 940 4005 et
951 3941 1120 4026 expensis3
1135 3937 1221 4024 quod

103 4052 128 4118 si
149 4053 235 4137 ipsos
253 4050 428 4120 defendere
443 4071 508 4118 non
524 4055 644 4137 posset,
676 4055 795 4118 extunc
820 4053 939 4115 terram
964 4047 1060 4115 allam
1078 4047 1221 4114 deterre

101 4179 156 4228 sue
171 4161 323 4246 empticia
340 4159 580 4243 equiualentem
596 4157 771 4242 quantitati
787 4163 819 4223 et
850 4155 1044 4224 utilitatibus
1076 4153 1220 4240 predicte

102 4272 310 4356 possessionis
327 4269 597 4355 Harnadnemyty
613 4267 790 4357 nominate,
806 4267 885 4335 dare
902 4272 933 4334 et
948 4266 1117 4350 assignare
1133 4271 1219 4330 tene·

100 4385 182 4446 retur
196 4383 293 4466 pleno
311 4378 379 4445 lure
395 4375 471 4460 filijs
488 4377 600 4448 Bedkc
617 4383 648 4443 et
664 4375 919 4460 consanguineis
951 4395 1060 4442 eorum
1093 4372 1219 4458 sepedi-

101 4487 169 4554 ctis.
193 4489 393 4556 llconuerso
413 4493 531 4574 antem,
563 4485 629 4573 ipsi
645 4485 702 4571 filij
720 4485 833 4553 Bedlre
849 4491 882 4552 et
904 4484 1138 4570 consanguinei
1169 4481 1221 4548 sui

102 4595 280 4679 obligarunt
296 4617 342 4683 se,
361 4595 488 4683 iratres,
504 4593 761 4678 consanguineos
778 4613 819 4659 ac
842 4591 981 4660 heredes
1006 4611 1117 4658 eorum
1148 4591 1219 4656 vni-

101 4723 217 4792 uersos,
248 4705 407 4793 prelatum
423 4703 614 4798 blegistrum
631 4701 831 4788 Stephanum
849 4707 881 4767 et
911 4698 1046 4768 heredes
1072 4697 1217 4768 eiusdem
