3112 5154
745 307 904 412 ‚na

264 528 323 594 per
338 529 396 576 nos
412 507 497 577 faute
512 505 613 575 series
629 507 726 574 robur
757 505 904 594 optineat
938 512 1093 594 perpetue
1123 505 1300 596 firmitatis,
1331 529 1391 577 nee

264 637 322 704 per
338 617 523 704 quempiam
540 633 695 701 processu
712 619 888 699 temporum
914 614 1083 681 retraetari
1114 615 1235 702 ualeat,
1268 622 1328 683 ant
1359 619 1393 683 in

263 725 387 792 irritum
403 723 559 809 reuooari,
576 729 745 807 presentes
763 721 867 788 eidem
884 721 1254 792 Jobanniooneessimus
1264 723 1393 794 litteras

265 831 428 918 duppliois
443 829 543 914 sigilli
564 829 664 898 nostri
680 827 856 896 munimine
871 830 1048 899 roboratas.
1066 831 1187 898 Datum
1203 852 1262 918 per
1276 853 1393 902 manns

264 938 414 1024 Magistri
430 936 596 1006 Benedicti
611 937 735 1004 Sancte
750 935 984 1022 strigoniensis
1003 937 1150 1006 Eoelesie
1160 939 1262 1008 Eteoti
1271 939 1394 1028 Prepo·

264 1045 320 1114 siti
337 1045 505 1125 Budensis
521 1044 604 1113 Ante
619 1050 729 1112 nostre
748 1043 1020 1128 Vionaneellarij
1038 1065 1123 1114 anno
1134 1045 1265 1114 Domini
1276 1048 1398 1116 M⁰OO⁰

267 1153 379 1220 LXX‘·
393 1159 496 1236 sexto,
512 1149 615 1235 Regni
631 1157 739 1218 autem
756 1151 859 1219 nostri
880 1171 966 1220 anno
983 1151 1106 1236 quinto.
1140 1153 1396 1223 venerabilibus

266 1261 415 1347 patribus
430 1259 597 1346 Stephano
614 1259 786 1328 Golooensi
801 1265 834 1326 et
848 1259 999 1328 Jobanne
1015 1259 1204 1345 Spalatensi
1227 1261 1397 1348 Arebiepi·

267 1369 393 1455 soopis;
416 1367 548 1436 Andrea
563 1368 728 1456 Agriensi,
760 1368 915 1453 Gregorio
941 1365 1171 1457 (ineundiensi,
1203 1368 1267 1437 Jon
1299 1369 1399 1449 Quin-

270 1475 531 1562 queeooiesiensi,
556 1474 717 1562 Phylippo
733 1473 899 1543 Waeiensi
915 1477 989 1544 aule
1005 1474 1135 1544 domine
1149 1477 1273 1560 Regino
1292 1477 1399 1544 karis-

270 1585 352 1653 sime
382 1584 541 1652 oonsertis
572 1589 681 1652 nostre
712 1580 926 1667 Corneliano,
959 1583 1150 1652 Lodomerio
1176 1584 1399 1670 waradiensi,

268 1690 435 1758 Timotheo
459 1689 684 1774 Zagrabiensi,
717 1689 865 1757 Diouisio
889 1689 1054 1758 Jauriensi
1083 1698 1116 1758 et
1139 1691 1234 1758 Petro
1250 1692 1400 1760 'l'ransit-

270 1819 355 1866 uano
386 1797 558 1884 Episcopis
589 1798 758 1866 Euolesias
775 1797 837 1864 Dei
853 1797 992 1864 setieiter
1014 1799 1278 1880 gubernantibus.
1302 1799 1401 1865 Petro

269 1906 422 1974 Palatino
440 1905 565 1974 Gemite
581 1905 794 1992 Suprnniensi
811 1910 842 1972 et
867 1903 982 1973 Jndioe
1010 1905 1235 1993 Cumanorum,
1268 1907 1401 1974 Matheo

269 2015 425 2098 Magistro
441 2013 697 2080 'Phoarnieornm
727 2018 907 2082 nostrorum
940 2011 1066 2080 Gemite
1098 2009 1139 2079 de
1168 2013 1271 2099 Bane,
1302 2016 1400 2100 btoys

269 2121 386 2188 Judioe
404 2119 500 2188 Ourie
515 2126 625 2188 nostre
641 2121 767 2190 Gemite
783 2119 982 2206 Simigiensi,
1014 2119 1140 2187 Thomu
1172 2121 1263 2188 Bano
1294 2121 1400 2188 tocius

271 2228 453 2312 Solanonia,
486 2229 605 2314 Vgrino
622 2230 785 2297 Wainoda
816 2230 1034 2297 'lbansiiuano
1058 2228 1182 2297 Gemite
1207 2231 1249 2296 de
1273 2231 1402 2314 Zonnb,

272 2335 436 2421 Stephano
452 2335 608 2420 Magistro
623 2335 853 2422 Depiierornm
870 2335 996 2404 Gemite
1011 2334 1052 2404 de
1068 2337 1161 2418 Bors,
1181 2335 1290 2404 Mieud
1305 2337 1399 2404 Bano

272 2443 312 2510 de
339 2442 485 2527 Zeurino‚
515 2443 611 2510 Petro
643 2444 799 2529 Magistro
830 2445 1018 2528 Agasonnm
1050 2443 1175 2510 Comite
1201 2443 1241 2511 de
1256 2444 1401 2530 Hatnak,

271 2549 436 2620 Homodeo
463 2550 586 2618 (iomite
601 2551 799 2638 Zaladiensi,
831 2550 985 2637 Obepano
1001 2551 1128 2618 Oomite
1146 2549 1254 2618 (tastu
1274 2551 1398 2638 Ferrei,

272 2659 442 2746 Myoabele
459 2657 583 2726 Comite
607 2659 786 2744 Nytriensi,
804 2666 836 2725 et
852 2657 927 2727 aliis
943 2657 1203 2744 quampluribus
1218 2657 1400 2727 Oomitatns

272 2765 374 2849 Regni
391 2766 574 2835 tenentibus
590 2771 622 2834 et
637 2765 785 2834 bonores.
820 2831 822 2837 .

274 2962 337 3024 (ΠΙ.
357 2964 449 3016 Endre
469 2964 621 3029 kirttynak
642 2963 753 3014 utel-tri
771 2961 938 3029 megerontto
968 2961 1234 3028 privilegiumtb613
1266 2978 1283 3015 a
1312 2960 1400 3014 bndni

630 3053 685 3106 kir.
704 3053 830 3106 kamerai
848 3052 1044 3116 leveltbrban.)

701 3335 966 3352 mun-..ffl-

798 3879 869 3954 rte.

276 4077 311 4144 V.
328 4080 419 4146 Ioeze
428 4085 523 4168 popo
548 4079 725 4148 Kotambda
751 4085 855 4148 trani
880 4081 1070 4169 pitepb‘bnek
1101 4079 1289 4150 lemmata
1319 4085 1403 4151 aton

269 4186 373 4252 Jonas
389 4189 586 4274 qriyorieeai
596 4195 765 4280 prepostot
780 4191 884 4256 oeoezi
898 4193 935 4256 ta·
949 4194 1054 4256 tran-t
1068 4193 1265 4278 pitopbkoek.
1298 4192 1402 4259 1276.

374 4383 582 4455 Innocentnis
610 4385 791 4474 Episcopus
820 4407 932 4456 seruus
972 4407 1138 4458 seruorum
1170 4387 1231 4456 Dei
1262 4388 1395 4458 dileetio

269 4489 346 4572 filijs
376 4490 470 4558 (itero
486 4497 517 4558 et
546 4493 677 4563 Diooesi
708 4493 917 4580 traguriensi
948 4495 1143 4564 salutemet
1171 4495 1401 4582 Apostolioam

269 4593 538 4666 benedictionem.
569 4600 770 4672 Venerabilis
785 4603 887 4671 frater
903 4611 1013 4673 noster
1030 4601 1249 4689 Columpanus
1264 4605 1403 4692 Episco-
