3124 5152
782 287 941 394 ..Q-

297 495 431 582 capiant
446 489 677 558 fulcimentum.
693 486 732 553 In
748 484 839 551 euius
854 485 900 550 rei
932 481 1120 548 memoriam
1137 485 1171 546 ct
1195 479 1423 566 certitudinem,

297 609 333 670 ut
348 607 458 670 nostra
488 597 626 666 donacio
642 597 733 663 lirma
747 593 790 662 sit
803 599 836 661 et
861 591 996 678 stabilis,
1012 588 1159 675 predicto
1178 587 1300 656 Abbati
1317 595 1351 656 et
1365 587 1424 655 rra

297 709 412 797 tribns,
429 705 575 775 dedimus
590 704 676 772 hane
692 701 850 771 cartulam
866 699 968 786 sigilli
984 699 1084 766 nostri
1100 695 1279 764 munimine
1294 695 1425 764 robora·

297 827 375 886 tam.
430 818 549 884 Datum
604 813 639 881 in
692 811 782 880 Selin
821 829 908 878 anno
955 805 1201 878 Incarnaeionis
1257 805 1426 874 Dominice

298 923 511 993 Mccnxxx
530 921 645 1010 primo.

374 1122 534 1188 (Thaletica,
553 1121 676 1174 Menum.
696 1119 762 1172 hist.
781 1117 874 1182 npire.
894 1113 1092 1182 zagnabiensis
1112 1114 1135 1164 1.
1154 1113 1213 1165 lrtit
1235 1115 1296 1164 209.
1316 1112 1347 1174 l.)

732 1403 999 1416 ..m

831 1939 907 2008 284.

304 2143 353 2212 Aa
376 2147 446 2232 equi
467 2143 692 2232 kdptalcartule
722 2139 1001 2227 bizouyseipleccle,
1032 2143 1114 2228 bopy
1138 2135 1231 2203 Aba
1247 2141 1432 2224 rtemzetsdq·

304 2253 365 2320 beli
380 2250 492 2320 larvea
507 2259 628 2336 mester,
645 2251 732 2314 Erue
747 2249 811 2315 bein
818 2250 877 2332 fia,
894 2271 910 2314 a
926 2272 947 2314 a
962 2247 1114 2314 Pereznei
1127 2247 1269 2313 acmeceir
1281 2249 1314 2312 ea
1324 2245 1430 2313 erdale-

528 2359 633 2426 tdraai
648 2360 719 2425 baar
734 2357 923 2424 birtokesere
940 2357 1067 2422 tertiat.
1092 2354 1179 2422 1281
1183 2403 1191 2418 .

412 2551 567 2622 Omnibus
582 2551 702 2621 Ghristi
718 2552 867 2622 fidelibus
883 2559 951 2620 tam
967 2551 1171 2640 presentibus
1188 2569 1288 2636 quam
1313 2549 1431 2618 futuris

304 2679 439 2748 presens
463 2661 619 2749 seriptum
645 2661 840 2747 inspecturis
871 2657 1054 2747 Capitulum
1086 2658 1232 2726 Ecclesia
1263 2656 1433 2743 Agriensis

305 2769 442 2838 salntem
458 2769 493 2837 in
508 2768 649 2838 omnium
667 2767 842 2838 saluatore.
857 2767 910 2836 Ad
920 2766 1144 2837 uniuersorum
1156 2765 1312 2835 noticiam
1322 2771 1433 2834 tenore

305 2878 507 2963 presencium
523 2879 671 2947 volumus
690 2883 870 2965 peruenire,
887 2877 974 2962 qnod
989 2877 1145 2960 Magister
1154 2875 1340 2963 Stephanus
1349 2873 1433 2942 filins

306 2985 393 3052 Erne
409 2985 492 3054 Bani
509 2985 551 3054 de
566 3004 684 3070 genere
699 2983 803 3065 Alnus,
820 2982 934 3053 (lomes
950 2984 992 3053 de
1008 2985 1132 3053 Gumur
1148 2989 1181 3052 et
1196 2982 1237 3051 de
1252 2981 1377 3052 Borsod
1392 2985 1433 3051 ab

305 3111 370 3158 rna
385 3100 496 3179 parte3
519 3094 561 3160 ab
577 3093 682 3160 altera
699 3112 776 3160 vero
791 3091 952 3180 Andreas,
986 3091 1130 3160 Thomas
1156 3097 1189 3158 et
1213 3088 1343 3178 Rolayn
1373 3089 1432 3175 filij

306 3197 421 3267 Bedlne
435 3200 478 3268 de
493 3201 632 3269 Perenne
648 3220 707 3285 pro
722 3220 768 3288 se,
785 3209 818 3266 et
832 3220 892 3287 pro
908 3199 1095 3268 Alexandro
1111 3198 1175 3266 filio
1192 3197 1314 3288 Elelms
1323 3197 1434 3264 fratris

305 3306 457 3393 ipsorum,
474 3306 550 3374 item
566 3307 734 3376 lohannes
749 3307 835 3376 filius
851 3307 942 3376 Elias
958 3306 1016 3392 filij
1034 3307 1118 3392 Elye
1133 3306 1175 3374 de
1191 3305 1307 3374 eadem
1323 3326 1384 3392 pro
1400 3325 1435 3372 se

305 3421 339 3483 et
352 3433 412 3501 pro
427 3413 598 3501 Kasmero,
631 3415 798 3502 Stephano
814 3435 854 3483 ac
870 3416 1038 3483 Dominico
1055 3415 1212 3483 fratribus
1244 3417 1321 3501 suis,
1353 3415 1432 3482 item

304 3522 491 3590 Alexander
507 3520 592 3589 tilius
608 3523 680 3590 illie
695 3522 754 3607 filij
772 3523 947 3591 tihenthuk
963 3543 1021 3610 pro
1037 3542 1073 3590 se
1089 3529 1121 3589 et
1144 3542 1203 3609 pro
1235 3523 1333 3590 Petro
1365 3521 1434 3587 lilio

306 3629 436 3698 Iuanka
451 3633 691 3715 consanguineo
708 3651 766 3700 sno
782 3652 891 3701 coram
908 3631 1002 3700 nobis
1018 3629 1234 3717 personaliter
1266 3628 1435 3698 constituti

305 3737 490 3807 huiusmodi
505 3739 729 3807 concambium
745 3759 803 3808 seu
819 3739 1108 3808 commutacionem
1135 3737 1219 3807 inter
1249 3758 1285 3806 se
1315 3737 1435 3807 fecisse

305 3845 502 3926 retulerunt3
526 3843 611 3928 quod
628 3845 773 3932 prefatus
789 3846 943 3931 Magister
960 3847 1147 3933 Stephanus
1164 3845 1328 3930 quandam
1361 3865 1435 3933 pos·

306 3951 483 4020 sessionem
501 3972 593 4020 suam
609 3953 801 4038 acquisitam
818 3961 1019 4040 perpetrem
1035 3973 1128 4022 snum
1137 3953 1435 4041 Hernadnemythy

305 4059 509 4128 nominatam
526 4060 559 4126 in
576 4061 737 4129 Comitatu
752 4059 794 4127 de
809 4061 945 4149 Zemlyn
963 4063 1163 4149 existentem,
1180 4083 1252 4130 eum
1268 4060 1435 4130 uniuersis

305 4167 500 4236 utilitatibus
516 4174 547 4236 et
562 4168 773 4256 pertinencijs
790 4171 867 4258 suis,
884 4171 944 4238 snb
962 4171 1085 4239 eisdem
1101 4172 1198 4238 metis
1222 4177 1255 4237 et
1284 4169 1435 4238 terminis

306 4277 423 4362 quibus
439 4277 511 4363 ipse
525 4284 618 4363 pater
635 4298 712 4346 suns
728 4278 930 4367 possidebat,
961 4277 1104 4348 dedisset
1118 4278 1201 4367 ipsis
1216 4277 1292 4363 filijs
1308 4276 1434 4358 Bedke,

307 4391 340 4451 et
355 4383 431 4470 alijs
448 4385 694 4470 consanguineis
709 4405 819 4453 eorum
836 4388 1023 4475 prenotatis,
1053 4387 1115 4455 sibi
1132 4394 1164 4454 et
1180 4407 1291 4454 eorum
1306 4385 1434 4455 heredi-

306 4493 368 4559 bus
383 4491 603 4578 heredumque
619 4496 859 4564 rneeessoribus
874 4497 943 4564 inre
958 4505 1113 4584 perpetuo
1128 4502 1161 4564 et
1174 4493 1435 4564 irreuocabiliter

307 4598 546 4686 possidendam.
569 4601 608 4670 In
625 4605 716 4673 euius
732 4606 953 4674 concambium
971 4605 1109 4692 predicti
1123 4605 1182 4692 filij
1200 4603 1315 4673 Bedke
1331 4601 1434 4688 etalij
