3124 5152
647 1001 722 1071 234.

122 1201 368 1291 Asomoqyoa'ro‘
384 1205 582 1272 kooueotoelo
607 1207 878 1294 hioooyooipleuele,
903 1212 986 1296 hopy
1012 1211 1089 1278 lhoi
1115 1209 1248 1278 Sdodor

124 1332 216 1376 eomer
243 1313 274 1377 ἐι
286 1311 342 1396 fia
358 1312 484 1380 Boldzo
500 1313 570 1379 tb'hd
586 1315 708 1397 crollet,
737 1313 950 1404 ordotdfbldet
967 1319 998 1384 έι
1023 1319 1242 1407 mdomhuyee

561 1422 666 1488 serato.
691 1423 789 1490 1279.

222 1617 411 1687 Oonuentus
427 1617 613 1704 blonaeterij
632 1619 746 1686 Sancti
762 1619 869 1707 Egidij
888 1619 927 1689 de
944 1621 1079 1706 Simigio
1091 1625 1241 1694 omnibus

23 1765 24 1802 3
124 1721 235 1792 Christi
252 1726 405 1794 fidelibus
422 1728 627 1812 presentibus
644 1727 767 1814 pariter
784 1735 816 1795 et
832 1728 948 1797 futuris
963 1737 1129 1814 presentes
1162 1733 1244 1802 litte-

23 1825 25 1860 *
123 1851 170 1899 ras
185 1833 380 1919 inspecturis
396 1835 534 1902 salutem
552 1833 585 1900 in
611 1835 729 1902 salutis
760 1838 901 1903 auctore.
940 1835 991 1900 lld
1023 1837 1243 1906 uniuersorum

23 2011 25 2024 ‚
124 1941 270 2010 noticiam
287 1948 398 2009 tenore
413 1943 615 2028 presencium
631 1943 779 2010 volumus
796 1944 968 2029 peruenire
985 1969 993 2010 :
1011 1945 1098 2029 quod
1130 1947 1243 2016 Comes

23 2093 25 2102 ,
123 2047 302 2118 Alexander
317 2049 403 2119 filius
419 2050 527 2118 Endre
543 2051 585 2118 de
601 2050 670 2137 Iha,
687 2060 719 2118 et
735 2051 864 2120 Blasius
881 2052 965 2120 tilius
983 2073 1070 2138 suus,
1102 2056 1145 2120 ab
1177 2075 1243 2122 uua

123 2164 225 2245 parte;
248 2157 440 2226 Dominious
454 2158 538 2226 tilius
555 2159 713 2244 Stephani
731 2159 944 2242 personaliter
960 2179 1022 2246 pro
1054 2183 1090 2230 se
1121 2169 1153 2229 et
1183 2185 1241 2250 pro

124 2265 281 2334 Clemente
296 2269 402 2333 fratre
417 2285 486 2354 suo,
516 2265 650 2332 Henohe
666 2266 797 2351 iohagio
814 2268 920 2335 Castri
936 2269 976 2335 de
992 2268 1072 2336 villa
1102 2270 1242 2338 Zeuleus

125 2374 329 2458 personaliter
343 2387 402 2460 prb
419 2394 465 2461 se,
496 2375 669 2460 Lamperto
696 2381 728 2440 et
760 2375 876 2460 Ipolito
908 2374 985 2460 hlijs
1015 2377 1093 2462 suis,
1126 2377 1241 2445 Benke

124 2481 200 2551 tilius
215 2481 392 2550 Volkemer
408 2481 449 2550 do
465 2482 579 2550 eadem
597 2483 678 2549 villa
693 2482 830 2550 Zeuleus
847 2504 887 2550 ex
898 2483 1020 2568 altera;
1039 2483 1083 2550 ad
1093 2492 1240 2554 nostram

124 2591 305 2659 resedentes
315 2591 528 2678 presenoiam,
546 2591 735 2658 Dominious
745 2591 829 2658 filius
839 2591 887 2658 St.
900 2593 940 2659 de
951 2593 1119 2660 uoluntate
1129 2591 1240 2661 fratris

125 2701 168 2768 sui
182 2700 332 2768 uendidit
346 2699 475 2766 vineam
491 2717 585 2766 suam
601 2719 673 2764 oum
689 2705 777 2766 terra
792 2717 852 2766 sua
868 2699 1021 2783 contigua
1053 2700 1115 2768 sihi
1146 2701 1238 2768 adia·

126 2813 216 2894 oeute,
231 2813 375 2893 emptam
391 2827 412 2873 a
427 2806 561 2878 Henohe
577 2805 645 2873 filio
662 2805 828 2893 Lamperti
845 2827 917 2874 oum
943 2807 1116 2894 priuilegio
1144 2806 1239 2892 (lapi-

124 2914 175 2982 tnli
189 2914 451 3001 vesprimiensis,
482 2935 541 3002 pro
557 2933 616 2982 sex
633 2915 751 2982 mareis
767 2917 895 3000 argenti
911 2916 1030 2984 domiti
1047 2916 1238 2982 Alexandro

126 3028 153 3090 et
165 3023 226 3092 tilio
242 3044 302 3093 suo
318 3022 513 3110 supradietis
529 3027 685 3109 perpetuo
716 3022 956 3109 possidendam,
989 3022 1126 3108 receptis
1158 3022 1239 3108 ipsis

125 3150 174 3198 sex
188 3131 302 3200 mareis
319 3129 416 3218 plene
440 3131 483 3198 ab
514 3127 647 3196 eisdem.
687 3128 766 3195 Item
797 3129 929 3196 Henohe
959 3129 1043 3197 tilius
1074 3131 1239 3216 Lamperti

124 3239 318 3324 supradiotns
328 3239 369 3306 de
385 3238 552 3306 uoluntate
570 3243 602 3302 et
617 3235 828 3322 permissione
843 3235 980 3304 tiliorum
998 3257 1127 3304 suorum
1144 3257 1237 3326 supe·

123 3347 180 3416 rius
195 3349 432 3414 nominatorum
449 3343 596 3412 uendidit
607 3343 732 3412 vineam
744 3365 835 3411 suam
847 3343 1084 3412 iuxtaeuudem
1096 3345 1236 3434 vineam,

122 3474 211 3538 quam
240 3461 338 3524 antea
354 3453 553 3540 vendiderat,
579 3454 731 3538 eontigne
748 3453 951 3521 adiacentem
968 3474 1027 3539 pro
1043 3474 1106 3542 sex·
1118 3457 1236 3524 mareis

23 3595 24 3598 ¹
120 3560 227 3632 Gomiti
242 3561 428 3632 Alexandro
446 3567 478 3628 et
493 3561 559 3629 tilio
576 3580 635 3628 sno
653 3559 896 3646 prememoratis
927 3565 1084 3646 perpetuo
1115 3562 1237 3630 irreuo·

118 3671 256 3740 rabiliter
270 3668 460 3759 possidero3
485 3669 623 3755 reoeptis
639 3669 720 3756 ipsis
737 3689 796 3736 sex
812 3669 930 3737 mareis
963 3668 1062 3755 pleno
1094 3675 1126 3736 et
1157 3671 1236 3738 into·

117 3781 242 3864 uraliter
256 3780 301 3847 ab
318 3777 452 3848 eisdem.
469 3777 617 3845 Ceterum
635 3777 747 3844 Benhe
762 3775 848 3844 filius
864 3776 1039 3844 Volkemer
1055 3774 1235 3846 antedictus

117 3888 255 3958 uendidit
286 3885 430 3956 sedecim
446 3887 561 3972 iugera
577 3893 670 3970 terre,
703 3885 849 3954 fanetum
874 3885 917 3951 ad
943 3886 1024 3954 duas
1056 3887 1235 3955 falcaturas

114 3997 267 4082 suffieienp
283 4017 350 4064 uno
367 3995 430 4082 die,
463 4016 536 4063 enm
552 3997 622 4064 looo
639 3993 816 4063 molendini
844 3994 967 4062 Baloun
997 4002 1133 4080 uocato,
1158 4015 1236 4080 qua·

114 4126 177 4174 rum
193 4113 351 4174 terrarum
367 4105 613 4190 quatuordeeim
631 4105 742 4188 iugera
760 4109 791 4169 et
807 4103 914 4189 ipsum
929 4101 1072 4170 lebetum
1089 4103 1235 4171 iaoeuta

114 4220 200 4298 parte
215 4215 394 4283 oooidentis
411 4213 498 4280 ultra
513 4234 643 4299 aquam,
675 4218 708 4277 et
725 4211 789 4277 duo
806 4212 921 4295 iugera
937 4229 957 4276 a
973 4217 1066 4295 parte
1091 4211 1233 4296 orientis,

115 4323 365 4403 permittentibus
381 4320 499 4389 uicinis
516 4327 548 4388 et
564 4319 713 4406 cognatis
728 4319 797 4386 suis
815 4317 964 4386 omnibns
980 4337 1038 4403 pro
1064 4335 1121 4384 sex
1152 4338 1234 4384 mar-

115 4427 156 4495 eis
171 4429 371 4498 denariorum
389 4429 509 4496 bomiri
524 4427 714 4495 Alexandro
732 4433 763 4493 et
793 4425 859 4492 filio
885 4445 943 4493 suo
976 4423 1161 4511 sepedictis,
1194 4447 1234 4492 ao

117 4553 225 4621 eornm
240 4536 414 4606 heredibus
430 4536 648 4622 heredumque
663 4533 901 4615 suecessoribus
918 4533 987 4600 iure
1016 4540 1171 4618 perpetuo
1202 4541 1235 4601 et

113 4626 359 4716 irreuooabiliter
373 4645 550 4734 possidere.
594 4642 806 4730 Obligaoiooe
823 4641 882 4708 tali
917 4641 1117 4729 interposito,
1149 4641 1233 4727 quod
