3148 5146
869 959 922 1027 56.

349 1166 385 1232 Vs
409 1168 519 1232 Ieteda
533 1163 645 1248 utroly
661 1159 845 1247 meyerdeu'ti
862 1161 954 1223 Basa
969 1167 1083 1223 mester·
1098 1155 1245 1242 requeti,
1255 1155 1459 1218 kauorrolraalr
1551 1139 1552 1200 ἶ

686 1268 1004 1351 naisealapa‘tua'nydt.
1028 1267 1125 1332 1272.

463 1467 626 1530 (Tkalesies,
644 1465 768 1515 Menum.
788 1463 855 1513 hist.
875 1461 966 1524 Epise.
987 1460 1102 1525 zagrab.
1125 1461 1146 1509 Ι.
1168 1460 1227 1510 not.
1250 1463 1310 1510 164.
1332 1461 1360 1520 l.)

776 1745 1043 1758 *ιι-

877 2279 931 2350 tt.

352 2483 485 2568 Teopolo
501 2483 639 2549 Ldrdoea
654 2481 803 2548 nelenoaei
819 2479 897 2566 doye
922 2504 943 2545 a
969 2481 1115 2544 eurzolai
1141 2483 1172 2546 έε
1202 2479 1338 2544 meledai
1367 2474 1472 2564 qrdfot

524 2589 725 2655 Tramarirmo
741 2588 1028 2674 eld'ljclro'adydaak
1045 2587 1185 2672 ajdolja.
1211 2588 1307 2654 1272.

457 2785 650 2852 Laurentius
681 2784 806 2869 Teupol
822 2817 1227 2832 ———————
1243 2780 1406 2847 nobilibus
1432 2779 1473 2844 ri·
1551 2769 1552 2774 ’

350 2893 395 2962 ris
412 2893 601 2961 Rectoribus
616 2890 767 2976 Tragurij
785 2897 818 2958 et
834 2891 978 2958 eiusdem
996 2889 1096 2956 Terre
1112 2886 1324 2956 Vniuersitati
1350 2885 1474 2956 dilectis
1551 2899 1552 2904 ’

349 2999 415 3066 sibi
446 2999 586 3066 salutem
602 3005 635 3064 et
650 2997 833 3064 dilectionis
864 2997 1026 3064 affeetum.
1059 2992 1140 3063 Cum
1172 2994 1314 3062 nobilem
1330 3005 1473 3062 nostrum

352 3107 530 3174 dilectum.
551 3105 634 3170 ..iu
666 3104 822 3172 Comitem
855 3101 994 3170 Curuure
1025 3110 1058 3169 et
1088 3101 1205 3170 Melete
1236 3103 1477 3188 presentialiter

352 3214 543 3298 dirigamus,
575 3212 782 3300 prudentiam
813 3219 953 3279 vestram
971 3211 1198 3297 requirendam
1216 3211 1367 3278 duximus
1385 3219 1420 3278 et
1434 3231 1467 3276 ro

351 3322 495 3407 gandam
527 3341 585 3408 per
615 3341 675 3390 noe
691 3327 723 3388 et
753 3326 898 3388 nostrum
930 3317 1118 3406 Consilium,
1153 3325 1312 3404 quatenus
1345 3319 1480 3386 eundem

350 3429 496 3497 nobilem
514 3435 546 3496 et
562 3428 709 3498 homiues
726 3427 805 3493 dieti
821 3426 1002 3494 Comitatus
1025 3425 1301 3494 reeommeudatos
1320 3427 1482 3494 habentes

358 3538 392 3600 in
408 3534 483 3618 hijs,
515 3553 579 3618 que
608 3555 667 3620 pro
682 3533 786 3620 ipsius
802 3533 961 3618 regimine
976 3532 1129 3600 lenienda
1159 3532 1318 3618 habuerit,
1337 3532 1482 3600 fauorem

322 3679 326 3692 ι
354 3649 497 3742 restrum
514 3649 546 3708 et
562 3642 717 3709 auxilium
733 3643 842 3737 taliter
857 3640 1065 3727 impendatis,
1098 3639 1184 3724 quud
1207 3660 1321 3726 preees
1353 3649 1484 3710 nostras

356 3750 458 3836 penes
474 3771 532 3818 vos
548 3749 612 3816 sibi
628 3747 771 3817 sentiant
791 3747 982 3837 fruetuoeas,
1000 3755 1033 3816 et
1048 3767 1107 3816 noe
1123 3756 1310 3833 reputemus
1325 3747 1371 3815 ad
1389 3749 1487 3832 grati·
1551 3731 1552 3736 ἵ

356 3879 420 3926 am.
438 3856 558 3925 Datum
576 3895 613 3906 -
633 3893 678 3906 -
694 3893 738 3905 -
755 3893 798 3905 -
814 3856 867 3923 die
882 3877 969 3925 nona
992 3863 1131 3924 exeunte
1162 3857 1283 3924 mensis
1314 3854 1487 3937 Februarij

354 3963 535 4033 indietione
554 3963 625 4031 XV.

575 4162 698 4223 (Lucius,
718 4162 851 4213 Memorio
870 4163 1008 4214 Istoriehe
1027 4162 1057 4212 di
1076 4163 1153 4217 Treu
1175 4166 1232 4212 loe.
1252 4164 1282 4224 l.)
1326 4226 1328 4231 ¹
