3112 5154
830 319 990 422 Q

343 517 497 601 Tragurij
514 513 610 582 modo
630 515 730 581 simili
751 515 947 583 arbitramur
964 521 996 582 el
1025 515 1266 584 sentenciamue
1297 537 1369 584 esse
1400 517 1493 586 inte·-
1546 577 1547 582 ,

344 623 481 708 graliter
496 622 725 690 restituendas.

452 733 605 798 Preterea
635 729 839 816 arbitramur,
870 730 1110 799 sentenciamus
1134 741 1167 800 et
1197 733 1420 801 adiudicando
1447 743 1487 800 et

343 837 507 922 iungendo
538 837 721 906 homiuibus
738 846 770 904 et
801 839 969 905 Communi
984 839 1148 926 Tragurij,
1166 840 1253 923 quod
1269 841 1430 925 deinceps
1446 841 1486 907 in

345 955 535 1032 perpetuum
552 949 612 1013 sub
629 965 714 1031 pena
730 945 864 1014 inferius
881 946 1055 1030 designata
1070 967 1128 1034 per
1143 967 1179 1015 se
1194 951 1246 1015 vel
1278 949 1419 1014 alterum
1436 949 1485 1015 dc

348 1051 485 1140 prelatis
502 1055 596 1120 terris
613 1058 645 1118 et
661 1051 766 1119 vineis
782 1073 841 1120 seu
857 1053 1121 1138 possessionibus
1138 1056 1365 1144 Archiepatue,
1381 1057 1479 1142 Capi·

345 1161 417 1248 tuli,
433 1159 786 1228 lionasteriorumsiue
811 1161 1030 1228 Ecclesiarum
1054 1161 1096 1228 de
1112 1163 1259 1247 Spalato,
1290 1161 1381 1230 etde
1414 1163 1488 1229 ista.

346 1267 462 1335 Insula
492 1266 603 1333 Sancti
634 1266 771 1354 Stefani,
804 1274 904 1352 utque
936 1268 977 1334 de
1002 1267 1148 1352 predicto
1180 1268 1318 1337 Ostroch
1350 1270 1479 1336 nullum
1546 1269 1547 1290 ¹

347 1374 553 1461 priuilegium
577 1375 762 1457 nullamque
777 1375 917 1441 litteram
935 1395 955 1440 a
971 1373 1100 1440 domino
1132 1377 1221 1460 Rege
1252 1377 1408 1461 Vngarie,
1427 1379 1481 1443 rel

346 1481 438 1549 Bano
470 1483 579 1564 aliquo
613 1482 787 1549 Solanonie
817 1499 875 1548 seu
906 1483 1080 1572 Maritimo,
1109 1485 1162 1550 vel
1194 1504 1387 1568 quocunque
1413 1486 1485 1552 alio

350 1593 523 1676 impetrare
540 1591 682 1658 debeant
697 1592 748 1656 vel
759 1588 866 1656 facere
876 1590 1061 1674 impetrari3
1078 1611 1139 1658 nec
1149 1591 1329 1678 predictum
1345 1591 1480 1658 Anchie-

337 1681 515 1784 piseopum
551 1698 779 1784 spalatensem
811 1703 843 1762 et
868 1696 1063 1785 Capitulum,
1096 1718 1155 1764 seu
1191 1699 1391 1765 Monasteria
1423 1707 1484 1765 aut

346 1805 510 1874 Ecclesiae
522 1805 671 1872 Ciuitatis
682 1804 825 1871 eiusdem
837 1807 877 1871 de
894 1807 1034 1890 ipsorum
1055 1805 1212 1890 predictis
1231 1806 1325 1872 terris
1341 1813 1373 1872 el
1388 1809 1489 1875 vine·
1546 1805 1547 1810 ’

347 1913 387 1998 is,
404 1919 437 1979 et
452 1933 474 1978 a
504 1911 783 1997 possessionibus;
808 1923 840 1980 et
856 1913 1099 1998 prenominatos
1117 1911 1262 1996 Dedigos
1277 1913 1318 1979 de
1334 1913 1482 1997 Ostrogh

348 2043 447 2108 super
463 2019 551 2089 dictu
566 2019 649 2087 villa
679 2040 754 2102 sua;
778 2027 878 2103 atque
909 2021 1086 2087 Commune
1116 2021 1244 2106 Spalati
1275 2019 1317 2087 de
1347 2020 1482 2103 prefata
1546 2111 1547 2114 Ἴ

348 2129 463 2194 Insula
495 2127 608 2194 Sancti
637 2127 775 2209 Sieisni,
809 2148 920 2195 coram
951 2127 1062 2212 aliquo
1094 2130 1182 2212 Rege
1211 2127 1378 2212 Hungarie
1420 2129 1482 2212 qui

348 2233 504 2320 foretpro
528 2241 691 2321 tempore;
717 2255 776 2303 neo
793 2256 902 2302 coram
924 2235 1035 2318 aliquo
1066 2235 1169 2320 Bano,
1201 2235 1273 2302 siue
1302 2235 1368 2302 alio
1401 2258 1484 2319 quo·
1546 2233 1547 2302 ?

349 2363 477 2428 cunque
508 2341 647 2408 Domino
665 2360 722 2408 seu
739 2341 885 2429 Rectore,
904 2343 1070 2428 infestare,
1089 2341 1294 2428 compellere,
1311 2341 1491 2431 impetere,

348 2451 527 2538 aduersari,
543 2451 708 2517 molestari
725 2451 758 2515 in
775 2469 976 2534 quocumque
992 2471 1051 2516 nec
1067 2449 1177 2519 iacere
1194 2451 1368 2518 molestari.
1546 2519 1547 2532 ἶ

458 2561 615 2628 Volumus
633 2565 664 2624 et
684 2556 855 2624 diffinitiue
874 2555 1091 2625 adiudicando
1111 2559 1359 2643 sentenciamus,
1391 2559 1485 2642 quod

348 2666 526 2752 supradicti
573 2664 721 2732 dominus
763 2665 1034 2751 Archiepisoopus
1067 2674 1099 2732 et
1145 2665 1336 2751 Capitulum
1365 2667 1485 2733 Sancti

347 2775 490 2860 Domnij,
522 2779 554 2841 et
584 2773 693 2840 omnia
722 2773 921 2840 Monasteria
951 2773 1024 2840 siue
1056 2773 1211 2858 Ecclesie,
1234 2793 1371 2858 quorum
1402 2784 1483 2841 sunt

349 2883 440 2950 dicta
456 2885 616 2950 bonesen
633 2879 855 2965 possessiones
872 2880 1060 2965 prescripto,
1077 2880 1285 2964 nonpossint
1301 2880 1342 2946 de
1368 2890 1489 2950 cetero·

348 2990 495 3059 homines
526 2994 559 3054 et
591 2987 766 3054 Commune
796 2987 949 3071 Tragurij
983 2987 1148 3072 impetere,
1181 2987 1385 3073 compellere,
1423 2990 1484 3057 ad·
1546 3067 1547 3080 ἶ

347 3117 488 3184 grauate
502 3095 556 3162 vel
572 3095 746 3162 molestare
761 3112 819 3162 seu
834 3093 989 3162 infestare
1005 3093 1047 3160 de
1061 3094 1219 3164 fructibus
1238 3095 1374 3180 cunctis,
1397 3115 1490 3178 quos
1546 3179 1547 3182 Ἴ

347 3228 369 3273 a
384 3213 528 3288 tempore
559 3202 647 3268 dicte
669 3201 785 3288 prioris
809 3221 927 3285 guerre
945 3203 1116 3285 luctusque
1136 3198 1312 3268 Commune
1329 3207 1362 3268 et
1376 3202 1492 3270 bomi—

345 3333 405 3380 nes
422 3311 463 3378 de
478 3307 637 3392 Tragurio
654 3307 696 3374 de
712 3307 806 3373 dictis
822 3327 934 3376 eorum
966 3307 1062 3374 terris
1078 3312 1110 3372 et
1124 3307 1230 3374 vineis
1260 3327 1319 3374 sen
1349 3329 1485 3395 posses·

347 3419 494 3487 sionibus
518 3422 732 3501 perceperunt
748 3415 799 3481 vel
822 3415 1010 3501 percepisse
1025 3419 1218 3500 potuerunl3
1240 3421 1273 3481 el
1288 3434 1306 3480 e
1322 3435 1494 3487 conuerso

347 3526 496 3593 homines
513 3533 545 3592 et
562 3525 738 3591 Commune
753 3521 902 3606 Tragurij
920 3542 984 3588 non
1005 3523 1133 3607 possint
1149 3520 1190 3588 de
1204 3525 1309 3590 cetero
1328 3521 1486 3594 homines
1546 3529 1547 3532 ’

349 3639 383 3700 et
399 3631 576 3698 Commune
608 3629 735 3714 Spalati
766 3629 934 3714 impetere,
952 3629 1155 3717 compellere,
1171 3628 1365 3716 adgrauare,
1382 3632 1491 3700 inles-
1546 3695 1547 3714 ,

346 3751 418 3810 rare
434 3741 487 3807 vel
504 3739 674 3806 molestare
689 3737 730 3804 de
746 3737 903 3805 fructibus
922 3739 1056 3825 cunctis,
1084 3757 1163 3822 quos
1180 3742 1361 3823 atempore
1393 3736 1491 3809 dicte
1546 3775 1547 3804 ;

346 3848 462 3937 prioris
492 3865 607 3932 guerre
638 3865 740 3928 usque
770 3865 857 3913 nnnc
889 3843 1066 3912 Commune
1083 3845 1425 3930 eibomlnesSpalati
1442 3848 1493 3916 de
1546 3841 1547 3918 ζ

348 3957 445 4026 dictis
461 3975 570 4023 eornm
586 3953 691 4040 terris,
708 3954 825 4036 vineis,
842 3974 900 4021 seu
919 3953 1179 4039 possessionibus
1194 3963 1413 4039 perceperunt
1429 3957 1496 4024 vel

346 4065 516 4154 percipere
540 4067 724 4148 potuerunt.
1509 4131 1512 4136 ,

454 4171 540 4255 Aliis
559 4188 632 4236 vero
649 4167 810 4236 uniuersis
827 4175 859 4235 et
887 4168 1027 4254 singulis
1054 4165 1165 4235 litibus
1181 4174 1214 4232 et
1245 4167 1500 4256 questionibus„

346 4297 428 4362 quas
458 4277 606 4343 homines
637 4281 669 4342 et
699 4275 876 4343 Commune
913 4273 1041 4362 Spalati
1075 4276 1232 4342 aduersus
1266 4273 1415 4343 homines
1451 4286 1490 4347 et

347 4385 522 4456 Commune
537 4383 710 4471 Tragurij3
733 4385 787 4452 vel
802 4383 950 4451 homines
982 4391 1015 4451 et
1039 4381 1215 4450 Commune
1239 4381 1389 4467 Tragurij
1424 4385 1491 4452 ad·

347 4513 462 4560 uersus
479 4478 625 4560 homines
635 4499 667 4560 et
676 4492 851 4560 Commune
867 4491 993 4578 Spalati
1003 4489 1241 4578 promouebant
1250 4489 1304 4558 vel
1313 4509 1500 4576 promoue-

346 4617 383 4664 re
399 4605 551 4686 poterant
565 4598 791 4684 quoquomodo
809 4599 981 4667 occasione
1013 4593 1270 4680 homicidiorum,
1300 4595 1492 4682 predarnns
