3170 5166
648 367 809 476 gm-

161 563 338 656 tnporoilio
353 563 457 660 ipsine
472 566 609 656 montis3
632 567 750 638 deinde
766 563 933 638 deseendit
957 567 999 638 de
1030 571 1139 640 monte
1174 547 1296 640 direote

161 694 276 748 nortus
304 677 564 766 septemtrionem
594 677 730 746 tendens
761 680 902 748 transito
932 701 1000 748 vno
1031 679 1096 768 uie,
1135 699 1201 766 qna
1230 682 1296 749 itur

161 799 278 856 ternos
292 785 405 856 viliam
419 785 563 874 Domen,
578 785 671 854 vadit
683 785 727 853 od
741 805 840 854 rnnm
865 791 997 882 metam,
1014 789 1077 876 qno
1108 793 1159 858 est
1193 803 1296 876 prope

161 893 271 979 ipsam
301 891 390 964 viam
421 888 455 960 in
472 900 586 980 prato;
610 891 728 962 deindo
751 893 843 962 radit
859 913 962 978 usqne
978 889 1022 962 od
1038 895 1146 983 ipsum
1160 895 1295 963 fluuium

160 995 334 1086 onomat,
350 1006 383 1068 et
398 999 445 1069 ibi
475 1001 569 1070 iuxta
598 999 732 1068 fluuium
765 1009 816 1070 est
845 1009 934 1070 meta
963 1009 1090 1086 terren3
1113 997 1230 1096 deindo
1261 1003 1296 1070 in

162 1106 280 1177 eodem
309 1101 410 1177 finnio
439 1109 534 1177 uadit
564 1127 678 1177 nereus
708 1109 866 1178 orientem
897 1107 932 1178 in
962 1109 1169 1196 longitudine
1200 1109 1296 1178 rniun

160 1213 295 1303 ingeris,
311 1219 344 1284 ot
358 1214 405 1284 ibi
418 1215 537 1284 transit
552 1214 661 1302 ipnnm
678 1213 824 1304 fluuium,
840 1223 873 1285 et
889 1215 983 1285 ondit
1014 1229 1132 1286 nerone·
1159 1205 1296 1314 septem}

159 1323 300 1393 trionem
326 1323 361 1394 in
391 1321 596 1410 longitudine
642 1321 780 1392 duorum
811 1323 958 1410 iugerum
989 1325 1023 1392 in
1054 1346 1120 1394 vno
1161 1323 1295 1412 paruulo

159 1429 269 1502 riuulo
298 1431 334 1501 in
363 1435 472 1520 protis
503 1451 610 1520 noque
641 1427 684 1498 od
714 1438 818 1500 metas
848 1432 989 1501 tiliorum
1019 1430 1155 1501 Jonnnis
1188 1432 1295 1520 (tgy);

161 1536 283 1612 deinde
311 1537 346 1608 in
362 1536 484 1609 oindem
518 1539 614 1608 metio
632 1539 810 1609 reflectitur
828 1560 942 1609 nereus
957 1539 1126 1625 orientem,
1148 1547 1180 1607 ot
1195 1539 1296 1608 intrat

159 1647 199 1720 in
213 1669 313 1720 rnam
328 1649 419 1719 riom
433 1671 499 1736 qna
515 1649 581 1718 itor
605 1669 720 1718 nereus
751 1649 907 1718 Sanctum
938 1651 1133 1740 Nynohrnm,
1164 1649 1198 1717 in
1224 1647 1295 1733 'qna

161 1758 269 1828 tendit
285 1777 400 1829 nereus
416 1759 679 1846 septemtrionem
695 1759 731 1826 in
746 1757 951 1845 longitndine
976 1761 1111 1828 duorum
1128 1759 1294 1846 iugerum

161 1863 284 1936 deinde
300 1865 369 1934 'exit
385 1863 426 1934 de
442 1865 501 1934 ille
514 1865 579 1953 uia,
595 1871 628 1935 et
645 1867 790 1935 declinat
806 1887 918 1935 uersus
943 1867 1109 1954 orientem,
1140 1871 1173 1933 et
1202 1865 1295 1935 uadit

162 1975 198 2042 in
212 1974 418 2061 longitndine
447 1973 542 2043 rnine
574 1969 719 2060 ingerio3
741 1973 859 2043 deinde
874 1975 1050 2042 reflootitnr
1065 1993 1181 2044 uersus
1198 1971 1293 2040 rneri-

161 2081 261 2170 diem,
275 2081 403 2154 rediens
418 2081 540 2151 direoto
555 2101 654 2168 nuper
684 2082 791 2170 ipsum
820 2080 953 2150 fluuium
986 2079 1144 2150 Chennuk
1175 2101 1295 2149 nunon-

161 2193 290 2279 patnm,
323 2195 358 2260 et
372 2188 407 2258 in
438 2191 553 2260 eodem
582 2187 681 2260 fluuio
712 2191 805 2258 uadit
820 2190 863 2258 ad
894 2189 1035 2276 priorem
1051 2193 1181 2277 metam,
1198 2195 1230 2257 et
1246 2187 1295 2257 oio

162 2304 252 2367 mete
267 2297 353 2367 dioto
367 2303 451 2366 terre
467 2298 687 2366 terminantur.
703 2297 823 2366 Datum
839 2298 874 2364 in
890 2298 1015 2366 ootnuio
1031 2295 1132 2366 Beate
1157 2295 1294 2383 Agnetis

162 2425 253 2475 anno
267 2403 402 2476 Domini
419 2403 540 2475 M⁰GO⁰
555 2404 768 2492 nonagesimo
784 2423 880 2476 nono.

162 2605 226 2674 (ut
245 2604 340 2660 moro
357 2605 511 2672 kirtlynak
533 2605 644 2658 root-ki
662 2601 949 2670 adommyrevortnot
980 2605 1069 2670 mint?
1084 2605 1200 2658 ientobb
1232 2607 1294 2658 ton.

393 2707 433 2750 tn.
446 2709 490 2766 ις
508 2709 526 2747 a
543 2694 632 2749 bndoi
649 2693 704 2746 kir.
726 2693 855 2748 temerat
869 2689 1067 2760 nvtrttrnan.)

596 2983 864 2996 m

699 3518 776 3590 trl.

162 3722 194 3783 A
210 3719 351 3786 oaoodrt'
365 3718 595 3824 kdptolonnoic
611 3717 889 3806 tizoopoopteoete,
928 3721 1011 3808 topy
1035 3718 1142 3786 Ctooi
1168 3721 1297 3790 Montio

162 3849 275 3910 comeo,
291 3825 357 3894 Pol
372 3827 404 3893 6⁸
421 3823 571 3894 Gothori
594 3824 686 3894 Giton
710 3835 791 3894 nevit
820 3825 1006 3894 birtokokat
1037 3851 1058 3892 α
1087 3829 1296 3916 boidopmigot

252 3955 390 4024 antony
404 3933 573 4004 toroztedt
587 3935 796 4024 epphdzdnok
812 3935 1073 4026 odontoioyoztctk.
1100 3935 1197 4003 1299.

271 4237 341 4308 Non
373 4235 559 4326 Capitulum
592 4235 738 4306 Bootenio
777 4237 870 4307 Booti
901 4237 1070 4308 Michaelis
1103 4239 1145 4308 de
1178 4241 1293 4309 Castro

162 4345 284 4414 Ferreo
309 4352 421 4414 notum
454 4345 592 4414 iacimus
624 4352 734 4414 tenore
763 4345 968 4434 presencium
1001 4347 1173 4432 minorem,
1205 4348 1294 4432 quod

163 4453 295 4522 Moenia
310 4451 427 4524 Oomee
455 4455 541 4523 tilius
557 4449 661 4542 Olbir,
677 4454 797 4525 Panion
813 4455 900 4524 filiun
915 4456 1088 4540 Lemouii,
1107 4457 1294 4528 (iothordnn

165 4561 254 4630 filine
269 4561 416 4648 Itomerij
434 4559 476 4630 do
492 4561 583 4630 Ohon
601 4581 709 4630 eorem
729 4563 822 4632 nobis
853 4563 1028 4650 constituti,
1045 4565 1087 4634 ob
1117 4565 1294 4636 remedium

167 4669 358 4741 otnelutem
390 4705 790 4727 -------
808 4669 929 4741 andorn
944 4672 1184 4763 possessionem
1200 4694 1294 4746 onom
