3124 5152
862 953 936 1021 266.

337 1160 416 1224 Iccio
432 1156 592 1223 casseaco
608 1155 783 1220 Brezocltoa'
799 1153 1005 1220 &reete-teate
1036 1153 1194 1238 tdrpyozo
1225 1153 1411 1238 odomciayo
1439 1179 1458 1218 o

395 1264 508 1333 ardoni
523 1265 662 1350 stipatam
677 1263 747 1328 lecu
763 1261 922 1328 cistarciis
940 1271 1098 1329 moooator
1113 1265 1273 1330 seducere.
1295 1265 1394 1328 1280.

445 1462 512 1529 Nos
528 1461 618 1527 lwan
636 1459 759 1544 Comes,
777 1459 863 1526 filius
889 1457 1019 1544 Irizlay,
1052 1456 1271 1540 significamus
1302 1459 1460 1526 uniuersis

338 1571 454 1654 quibus
472 1567 603 1654 expedit
617 1567 820 1652 presencium
837 1587 894 1652 per
910 1573 1065 1649 tenorem,
1097 1563 1185 1650 quod
1201 1586 1259 1634 nos
1282 1587 1341 1652 pro
1372 1571 1457 1636 salu·

337 1678 400 1746 tari
416 1675 558 1744 remedio
575 1677 680 1742 anime
698 1683 807 1741 nostre
824 1673 980 1758 dedimus,
997 1673 1187 1741 contulimus
1204 1693 1262 1741 scu
1273 1675 1462 1742 donavimus

339 1784 381 1851 ad
397 1785 550 1851 honorem
567 1783 628 1848 Dei
647 1790 678 1849 ct
694 1781 840 1865 Virginis
857 1781 1007 1848 Gloriosa
1024 1780 1186 1863 quandam
1218 1788 1344 1868 partem
1377 1791 1461 1850 terre

340 1899 447 1960 nostre
464 1889 671 1974 hereditarie,
687 1889 999 1974 Brezoichavoeate,
1016 1890 1112 1955 metis
1124 1887 1340 1974 infrascriptis
1352 1890 1462 1957 distin-

341 2008 435 2083 ctam,
469 2019 539 2066 eum
567 1999 705 2081 quadam
723 2000 820 2065 vinea
836 2005 946 2064 nostra
960 1999 992 2063 in
1010 1997 1147 2064 (locheri
1163 1997 1258 2064 sitam
1277 2005 1309 2065 ot
1325 1997 1462 2065 existen·

340 2117 414 2191 tem,
447 2107 565 2172 Abbati
584 2111 615 2171 et
631 2103 810 2172 conventui
826 2105 973 2172 Ecclesia
989 2103 1100 2171 Sancti
1125 2105 1239 2172 Jacobi
1272 2105 1312 2172 de
1345 2105 1464 2192 lnsula,

342 2233 443 2300 prope
460 2213 668 2299 Zagrabiam,
694 2211 917 2279 Cistereiensis
936 2209 1076 2296 Ordinis,
1109 2219 1141 2277 ct
1157 2231 1216 2296 per
1232 2232 1287 2280 eos
1303 2213 1369 2281 suis
1394 2233 1462 2282 suc-

341 2319 522 2390 cessoribus
539 2321 658 2402 iugiter
674 2321 706 2384 in
725 2319 839 2387 eadem
855 2319 1004 2387 Ecclesia
1020 2319 1089 2385 Deo
1121 2318 1363 2407 famulantibus,
1397 2323 1465 2390 iure
1548 2331 1549 2382 ᾗ

343 2435 497 2516 perpetuo
514 2431 546 2495 et
562 2427 816 2494 irrevocabiliter
834 2427 967 2513 pacifice
984 2433 1015 2492 et
1031 2425 1140 2511 quiete
1172 2425 1405 2512 possidendam
1435 2436 1466 2495 et

344 2536 535 2620 habendam,
550 2543 585 2602 ct
601 2535 703 2603 ceiam
719 2536 865 2603 Abbacie
881 2536 940 2602 sub
957 2535 1087 2602 nomine
1103 2539 1215 2602 nostro
1233 2537 1266 2603 in
1283 2536 1357 2622 ipsa
1382 2544 1467 2603 terra

344 2653 455 2712 nostra
471 2643 645 2711 Bronoicha
662 2643 836 2729 ordinetur,
870 2641 1038 2712 edificetur
1054 2661 1112 2710 eeu
1128 2643 1232 2709 eciam
1249 2649 1465 2712 construatur.

345 2751 443 2820 Ouios
461 2751 591 2836 quidem
609 2755 694 2818 terre
720 2757 804 2818 mete
830 2749 891 2818 boc
923 2751 1037 2818 ordine
1066 2749 1309 2835 distinguuntur
1326 2778 1334 2817 :
1353 2751 1469 2838 Incipit

343 2861 449 2948 prima
464 2863 551 2928 ructa
568 2859 658 2925 avia
673 2867 758 2926 retro
775 2859 936 2944 capellam
953 2857 1045 2925 iuxta
1060 2858 1210 2944 munium,
1241 2859 1374 2926 nomine
1406 2861 1469 2925 llo-

346 2967 478 3052 ebirad;
503 2965 579 3034 inde
595 2965 743 3034 ascendit
759 2966 908 3051 superius
925 2966 1017 3034 iuxta
1033 2965 1173 3034 eundern
1189 2965 1330 3034 rivulum
1356 2987 1468 3036 versus

345 3074 532 3159 meridicm;
549 3073 625 3141 inde
642 3073 745 3158 vergit
760 3081 847 3140 recte
857 3072 943 3141 ad
917 3093 1038 3142 arccam
1055 3073 1203 3140 arborem
1214 3073 1344 3162 kercus,
1360 3077 1406 3142 ibi
1424 3082 1472 3142 est
1547 3043 1548 3159 i

346 3189 431 3253 meta
448 3191 575 3268 terrea;
598 3183 673 3250 inde
689 3181 779 3249 vadit
795 3179 838 3248 ad
854 3181 954 3249 alium
971 3181 1120 3266 rivulum,
1151 3183 1282 3250 nomine
1299 3183 1470 3262 Damerie;

346 3293 423 3360 inde
439 3291 607 3358 deseendit
624 3287 759 3356 inferius
775 3291 867 3356 iuxta
883 3289 1021 3358 eundem
1039 3288 1178 3356 rivulum
1196 3309 1299 3374 usque
1330 3289 1374 3358 ad
1406 3311 1471 3356 ma·

347 3421 444 3483 gnam
461 3401 557 3481 viam,
573 3396 648 3464 inde
665 3416 891 3484 permagnam
909 3397 994 3463 viam
1011 3397 1103 3463 vadit
1118 3415 1232 3464 versus
1257 3397 1472 3494 occidentem,

347 3507 438 3573 iuxta
454 3526 551 3591 qnam
568 3505 656 3572 viam
673 3511 749 3572 sunt
764 3510 828 3570 tres
844 3509 927 3570 mete
943 3511 1058 3587 terrea,
1091 3505 1126 3571 in
1141 3503 1244 3571 tercia
1274 3524 1351 3572 vero
1383 3515 1471 3571 meta

347 3621 452 3682 terrea
469 3612 574 3696 vergit
590 3611 634 3677 ad
650 3609 946 3697 septemtrionalem
963 3609 1096 3694 plagam
1113 3617 1146 3677 et
1160 3609 1330 3678 descendit
1345 3613 1390 3679 ad
1406 3612 1471 3678 lon·
1546 3597 1547 3680 ξ

348 3729 412 3789 tern
429 3739 536 3803 unum,
567 3716 694 3785 Bulroui
725 3725 892 3798 vocatum
916 3723 948 3783 ct
978 3717 1055 3784 inde
1086 3739 1196 3786 rursus
1226 3719 1330 3786 tendit
1360 3739 1475 3786 versus
1546 3693 1547 3769 i

349 3827 607 3914 septemtrionem
625 3847 682 3910 per
699 3825 824 3909 silvanr,
843 3825 957 3890 Stareh
973 3825 1113 3912 nomine,
1132 3847 1190 3911 per
1206 3827 1292 3893 viam
1308 3827 1477 3912 antiquam

349 3945 381 4004 et
396 3936 486 4004 venit
502 3937 544 4002 ad
577 3955 746 4020 eampum,
768 3933 844 4001 inde
876 3933 982 4017 vergit
1012 3953 1125 4001 versus
1154 3935 1354 4003 occidentem
1386 3937 1480 4003 iuxta

350 4065 471 4128 nemus,
488 4049 519 4110 et
535 4041 575 4108 de
591 4061 722 4109 nemore
739 4041 828 4108 vadit
843 4039 886 4107 ad
902 4043 1017 4126 locum,
1046 4042 1175 4108 nomine
1189 4043 1385 4130 Topolgran,
1412 4045 1479 4111 ubi·

354 4171 417 4235 que
434 4155 585 4218 estmeta
601 4157 724 4236 terrea;
747 4148 824 4216 inde
855 4149 948 4216 uadit
978 4155 1065 4217 recte
1094 4147 1138 4216 ad
1169 4151 1317 4218 arborem
1349 4153 1480 4236 kerone,

352 4261 443 4326 iuxta
460 4278 555 4342 quam
573 4267 622 4324 est
639 4263 724 4324 meta
740 4263 855 4342 terrea,
874 4257 951 4324 inde
971 4257 1062 4323 vadit
1079 4277 1192 4327 versus
1210 4260 1377 4346 orientem,
1392 4261 1485 4326 venit

353 4373 439 4434 reete
456 4366 497 4432 ad
514 4365 613 4432 alium
631 4365 772 4449 kercurn,
801 4364 912 4449 ibique
928 4372 978 4431 est
1009 4371 1095 4432 meta
1126 4371 1260 4452 terrea;
1286 4365 1363 4435 inde
1394 4377 1484 4436 recte
1545 4351 1546 4376 ¹

356 4471 459 4541 tendit
474 4471 517 4540 ad
532 4473 648 4555 locum,
667 4473 797 4539 nomine
812 4471 1004 4560 Rakilgran,
1037 4473 1148 4558 ibique
1164 4483 1213 4542 est
1238 4481 1325 4543 meta
1356 4481 1465 4543 terrea
1479 4501 1486 4563 ;

356 4590 387 4654 et
401 4580 477 4647 inde
492 4581 582 4648 venit
596 4581 640 4648 ad
655 4581 801 4648 arborem
819 4580 946 4648 nomine
964 4583 1084 4672 brestb,
1117 4591 1149 4650 et
1165 4583 1206 4650 de
1229 4581 1344 4650 eadem
1359 4587 1481 4653 arbore
