3148 5164
846 292 1005 392 ‘cpe-

348 485 494 566 restant,
521 482 605 549 sicut
636 490 784 570 apparet,
814 487 926 553 trabes
957 485 1028 552 siue
1059 483 1173 567 pedes,
1206 484 1241 548 in
1272 483 1393 566 quibua
1425 491 1491 548 erat

357 587 483 673 positus
514 609 596 674 pons
617 587 816 679 predictus,
841 591 960 658 deinde
976 590 1122 658 declinat
1136 589 1180 656 ad
1196 596 1327 674 partem
1343 588 1491 656 meridio-

357 696 466 760 nalem
499 715 558 780 per
590 703 730 764 meatum
773 719 930 782 aquarum
970 717 1035 764 non
1077 716 1207 780 semper
1238 697 1413 763 liuencinm
1445 697 1491 760 uel

358 803 569 868 existencium
602 803 733 888 ibidem,
765 805 824 873 sed
839 827 880 872 ex
896 805 1112 872 inundacione
1139 803 1239 871 fontis
1255 804 1428 890 Topoleba
1443 824 1491 868 ro

357 905 423 970 cati
441 909 556 992 recipit
573 909 606 974 in
623 929 659 976 se
685 931 798 998 aquas,
831 910 960 978 venitur
991 909 1035 976 ad
1066 909 1230 993 quendam
1260 916 1397 994 puteum
1429 931 1489 976 non

358 1032 486 1096 semper
519 1035 676 1098 aquosum
695 1042 702 1102 ;
723 1019 765 1084 ab
797 1017 873 1084 inde
904 1039 959 1102 per
991 1018 1076 1083 bunc
1093 1018 1229 1083 eundem
1248 1023 1392 1083 meatum
1410 1035 1490 1100 aque

358 1117 513 1205 uadisjad
539 1121 704 1203 quandam
737 1143 887 1208 magnam
923 1126 1020 1212 niam,
1053 1145 1112 1208 per
1142 1143 1242 1206 quam
1274 1123 1317 1189 de
1348 1124 1490 1207 Ncglolu

358 1227 421 1292 itur
454 1229 487 1292 in
506 1227 620 1294 uillam
637 1229 834 1316 Hcgynanas
854 1231 1024 1316 Haraztby
1041 1231 1170 1312 dictem,
1187 1231 1221 1294 in
1237 1250 1303 1312 qna
1327 1231 1487 1314 siquidem

359 1353 479 1416 magna
496 1335 550 1398 via
566 1335 661 1402 nadis
682 1336 715 1400 in
745 1358 865 1420 magno
897 1335 1009 1420 spacio
1041 1335 1084 1402 ad
1116 1335 1197 1402 duae
1230 1343 1336 1402 metas
1367 1345 1490 1404 terreas

357 1441 533 1520 angulares
551 1463 589 1507 cr
610 1449 745 1526 utraque
762 1451 855 1526 parte
871 1443 969 1510 huius
985 1443 1037 1510 rie
1054 1442 1234 1509 uiciuanter
1250 1449 1377 1510 erectas
1393 1465 1491 1529 prope

359 1547 412 1612 uel
429 1547 531 1614 eciam
551 1549 641 1616 iuxta
656 1549 775 1616 siluam
791 1553 844 1616 nel
861 1551 1017 1634 angulum
1042 1551 1124 1618 silue
1155 1549 1288 1617 Comitis
1321 1551 1431 1636 Boryn
1463 1557 1492 1616 et-

359 1656 494 1721 fratrum
528 1675 669 1740 suorum,
701 1657 858 1724 nobilium
891 1656 934 1724 de
964 1655 1138 1744 Horoztby,
1178 1677 1292 1724 uersus
1324 1655 1489 1724 meridiem

360 1763 525 1844 eleuatae;
551 1763 594 1830 ab
611 1763 688 1831 hine
705 1765 796 1832 iuxta
812 1763 950 1832 candem
983 1767 1099 1834 siluam
1115 1765 1149 1832 in
1182 1783 1305 1848 magna
1337 1764 1403 1848 via,
1435 1785 1490 1849 per

359 1891 456 1954 quam
488 1871 529 1937 de
560 1870 642 1937 villa
657 1869 790 1940 Selleud
815 1872 944 1939 uenitur
959 1871 992 1936 iu
1008 1870 1120 1938 villam
1137 1871 1231 1957 Sary,
1246 1870 1434 1956 proceditur
1450 1869 1490 1936 ad

223 2055 226 2060 ¹
359 1985 487 2062 partem
520 1977 819 2061 septemtrionalem
862 1979 906 2045 ad
938 1997 1035 2044 unam
1078 1983 1199 2044 metam
1230 1985 1372 2044 terream
1399 1978 1491 2042 iuxta

359 2085 499 2152 alterum
553 2084 706 2168 angulum
753 2084 849 2151 huius
897 2083 1042 2154 eiusdem
1082 2085 1164 2150 silue
1203 2103 1319 2181 uersus
1356 2089 1489 2167 septem·

360 2192 496 2259 trionem
516 2191 691 2276 eleuatam,
709 2189 762 2258 vbi
778 2190 910 2257 diuertit
936 2189 979 2258 ad
1009 2196 1138 2275 partem
1169 2189 1375 2276 orientalem,
1405 2189 1488 2257 ueni·

360 2307 475 2382 turqne
506 2296 549 2362 ad
584 2301 703 2363 terram
734 2298 919 2366 sabulosam
951 2297 1004 2364 uel
1035 2315 1219 2381 arenosam,
1251 2297 1308 2362 ubi
1334 2303 1411 2363 sunt
1425 2301 1487 2364 tres
1555 2279 1556 2332 l

361 2411 446 2470 mete
477 2407 583 2470 terreo
613 2405 805 2486 angulares3
829 2403 947 2470 debinc
979 2403 1012 2468 in
1046 2403 1334 2470 commetancitate
1365 2423 1422 2469 seu
1449 2405 1481 2468 in

352 2509 517 2594 contigua
548 2509 714 2578 vicinitate
745 2517 904 2580 terrarum
935 2515 968 2577 et
985 2509 1203 2594 possessionis
1234 2509 1386 2594 Magistri
1416 2509 1484 2578 Jnla
1555 2509 1556 2535 ¹

361 2623 394 2686 et
408 2614 517 2683 fratris
540 2617 592 2684 sui
623 2615 838 2701 predictorum
871 2615 1057 2701 proceditur
1088 2615 1122 2682 in
1153 2635 1283 2702 magno,
1316 2615 1429 2683 maiori
1455 2622 1485 2681 et

361 2725 503 2790 maximo
537 2721 659 2808 spacio,
690 2723 776 2805 quod
793 2721 924 2808 quidem
942 2723 1100 2810 spacium,
1118 2723 1171 2790 uel
1187 2725 1278 2792 cuins
1294 2723 1400 2809 spacij
1417 2723 1484 2789 tinia

361 2831 456 2900 oculo
473 2831 529 2900 nix
546 2835 653 2915 potest
667 2830 742 2915 capi
773 2831 825 2898 uel
857 2831 1056 2916 comprendi,
1088 2829 1275 2916 peruenitur
1307 2829 1351 2898 ad
1381 2849 1485 2914 supra·

361 2941 467 3008 dictas
499 2945 563 3005 trea
580 2945 682 3008 metas
697 2944 822 3008 terreas
848 2939 1027 3024 angulares
1044 2938 1168 3024 priores
1184 2937 1340 3006 uidelicet
1358 2945 1395 3006 et
1409 2938 1485 3024 capi-

353 3047 483 3136 tales,
474 3065 509 3114 m
527 3065 664 3130 quarum
680 3065 744 3112 una
770 3045 969 3130 prediximus
1001 3045 1070 3113 iore
1100 3045 1248 3112 arborem
1279 3046 1354 3132 piri,
1386 3045 1555 3132 ibique
1554 3085 1555 3090 κ

360 3155 561 3225 terminatur.
592 3153 663 3220 Hoc
690 3171 755 3222 non
787 3153 1005 3241 pretermisso,
1047 3151 1133 3237 quod
1164 3153 1331 3239 predictus
1362 3133 1555 3240 Myknd

360 3266 471 3332 Banus
489 3258 636 3326 ibidem
627 3281 661 3327 m
688 3261 928 3347 presenciarum
960 3259 1101 3331 astando
1132 3260 1320 3348 assumpsit,
1352 3259 1439 3345 quod
1474 3278 1488 3325 s

359 3376 430 3458 ipse
461 3371 496 3436 in
528 3365 591 3432 iam
623 3370 759 3434 uentura
783 3366 963 3436 festiuitate
978 3367 1092 3436 Sancti
1108 3365 1239 3434 Andree
1255 3365 1409 3452 Apostoli
1424 3385 1484 3453 pre

360 3479 466 3546 dictas
482 3473 720 3560 quinquaginta
736 3495 863 3544 marcas
879 3474 1038 3544 soluendo
1056 3481 1088 3541 et
1100 3472 1304 3544 refundendo
1330 3474 1480 3560 Magistro

359 3585 437 3653 Jula
469 3589 501 3648 et
531 3580 622 3646 fratri
653 3600 713 3647 suo
744 3581 840 3648 Petro
866 3599 975 3649 coram
992 3582 1087 3650 nobis
1102 3581 1189 3648 banc
1203 3579 1392 3666 porcionem
1409 3587 1483 3647 terre

361 3711 419 3761 sue
436 3709 499 3757 non
516 3685 689 3753 redemerit
706 3688 749 3753 ab
781 3687 903 3754 eisdem
936 3707 1043 3754 eoram
1074 3688 1180 3774 nobis,
1213 3690 1331 3756 extunc
1364 3685 1484 3772 prelata
1553 3687 1554 3736 ἑ

360 3797 470 3887 porcio
502 3801 658 3860 terrarum
689 3793 840 3880 limitata,
872 3795 957 3862 sicut
987 3794 1191 3882 premittitur,
1222 3799 1255 3862 et
1271 3801 1426 3879 separata
1446 3794 1482 3862 ab

359 3907 435 3990 alijs
451 3902 547 3970 terris
565 3899 708 3968 eiusdem
726 3899 850 3987 Mykud
868 3901 961 3987 Bani,
977 3901 1011 3968 in
1028 3909 1219 3988 perpetuum
1236 3903 1286 3968 ius
1318 3900 1484 3968 eorundem

359 4008 511 4097 Magistri
542 4007 619 4074 Jnla
650 4015 682 4074 et
698 4007 808 4076 fratris
837 4009 890 4078 sui
918 4010 1008 4076 Petri
1025 4008 1306 4078 irretractabiliter
1331 4009 1419 4075 omni
1433 4015 1486 4075 ler-

359 4114 586 4207 giuersacione
601 4121 632 4180 et
647 4113 763 4183 litteris
779 4115 891 4204 Regijs
919 4117 1154 4203 prorogatorijs
1184 4137 1248 4185 non
1281 4117 1484 4199 obstantibus,

360 4225 553 4294 deuoluetur
585 4221 783 4305 possidenda
815 4229 847 4291 et
879 4224 1033 4292 habenda
1064 4225 1134 4292 iure
1151 4230 1308 4311 perpetue
1325 4223 1485 4292 actoritate

360 4331 449 4421 (lgy)
485 4325 686 4413 presencium
728 4329 928 4413 litterarum
953 4351 1012 4399 nos
1044 4338 1153 4398 autem
1186 4328 1337 4398 dabimus
1370 4331 1484 4398 litteras

361 4446 488 4506 nostras
521 4431 625 4499 eidem
657 4435 814 4520 Magistro
845 4437 924 4506 Jula
954 4445 986 4507 et
1017 4437 1108 4506 fratri
1134 4457 1193 4505 auo
1210 4455 1310 4522 super
1325 4445 1485 4524 perpetua·

353 4545 453 4609 ·clone
470 4538 596 4626 pretate
613 4543 774 4627 porcionis
791 4551 957 4634 terrarum,
990 4547 1075 4616 sieut
1106 4546 1193 4616 idem
1223 4543 1353 4632 Mykud
1385 4545 1483 4612 Banna
