3068 5150
868 787 942 854 369.

343 989 401 1056 ll’.
441 985 556 1052 Ldszlo
586 985 769 1070 kirdlyrtalr
801 983 918 1070 Selour,
943 987 1097 1072 Sopatulr,
1122 987 1233 1068 Detur,
1262 989 1448 1054 Zurdoulltls

346 1097 541 1165 Chedezdetla
572 1095 765 1182 helpsdpeiret
798 1099 951 1181 lclrppazo‘
982 1099 1164 1187 adomdupu
1196 1097 1325 1184 Gyo'ryp
1348 1109 1449 1174 mester,

635 1203 815 1268 stercorata
823 1205 875 1288 flu
892 1209 1047 1271 szduto'rn.
1075 1208 1173 1273 1285.

446 1401 621 1470 Ladialnur
654 1399 714 1466 Dei
745 1399 856 1484 gracia
887 1401 1065 1487 Hungarie,
1109 1403 1288 1488 Dalmaeic,
1320 1399 1450 1482 Groacie,

340 1513 449 1595 Rome,
465 1511 587 1596 Seruio,
605 1508 804 1592 Lodorrrerie‚
820 1505 969 1594 Gallicis,
987 1510 1144 1577 Cumanis
1162 1510 1373 1594 Bulgarieque
1393 1510 1450 1575 Ber

340 1621 488 1686 omnibus
505 1639 637 1704 presens
653 1616 807 1703 seriptum
825 1617 1022 1702 inspecturis
1039 1617 1178 1684 salutem
1195 1617 1228 1682 in
1255 1637 1329 1686 sero
1358 1618 1452 1686 salua-

341 1737 419 1794 tore.
459 1724 601 1792 Prouida
616 1725 740 1807 Regum
757 1723 912 1790 discrecio
930 1731 994 1791 tam
1011 1727 1279 1811 circumspectam
1306 1745 1378 1809 erga
1399 1722 1452 1792 sibi

341 1834 477 1900 fideliter
493 1833 687 1900 famulantes
708 1831 801 1898 debet
819 1833 939 1900 habore
956 1833 1176 1919 diligenciam,
1209 1839 1243 1899 ut
1260 1839 1376 1916 quanto
1390 1832 1453 1916 quis

342 1942 469 2010 fidelius
486 1943 548 2008 sibi
566 1942 753 2030 famulatur,
785 1950 876 2008 tanto
893 1943 1086 2028 propensius
1104 1941 1324 2009 munificencie
1339 1961 1392 2008 suc
1407 1937 1454 2004 dn·

340 2052 392 2118 nis
422 2050 677 2118 remunerandus
704 2049 771 2117 fore
801 2060 957 2118 censetur.
998 2048 1140 2116 Proinde
1170 2049 1213 2115 ad
1246 2051 1453 2117 uniuersorum

342 2161 494 2227 noticiam
515 2159 628 2226 harum
645 2159 731 2226 serie
756 2158 903 2227 volumus
931 2159 1110 2245 peruenire,
1143 2158 1231 2242 quod
1256 2157 1455 2226 consideratis

340 2267 551 2336 fidelitatibus
567 2275 599 2336 et
615 2267 823 2335 serniciorum
842 2265 977 2351 meritis,
1009 2286 1071 2351 quc
1088 2265 1181 2334 nobis
1198 2266 1354 2350 Magister
1369 2265 1454 2332 Geor·

340 2377 412 2461 gius
429 2377 513 2442 lilius
529 2375 680 2460 Spmouis
698 2381 769 2458 post
785 2375 905 2440 obitum
924 2373 1091 2440 karissimi
1119 2373 1218 2460 patris
1250 2375 1362 2464 nostri,
1389 2373 1454 2439 dum

338 2486 442 2569 Regni
458 2503 568 2552 sumus
585 2482 805 2566 gubernacula
821 2481 943 2568 adepti,
961 2481 1044 2548 idem
1061 2482 1094 2548 in
1105 2481 1243 2550 diuersis
1255 2483 1357 2566 ltegni
1368 2478 1455 2548 nostri

340 2591 606 2676 expedicionibus
623 2589 810 2656 fidelitatem
829 2589 954 2656 Corone
970 2591 1072 2675 Regio
1089 2598 1157 2656 tota
1183 2591 1356 2657 alacritate
1381 2589 1454 2657 srlri-

340 2701 420 2785 buit,
453 2719 516 2784 que
534 2697 884 2783 persingulalougum
912 2706 997 2764 essct
1029 2697 1167 2784 recitari,
1201 2707 1233 2764 et
1264 2698 1456 2783 presentibus

341 2807 438 2876 inseri
457 2806 615 2874 tediosam
632 2832 640 2873 ε
657 2812 764 2872 tamen
780 2826 885 2891 pauca
901 2805 941 2871 de
969 2805 1117 2890 pluribus
1143 2806 1351 2892 presentibus
1377 2803 1455 2872 duni-

340 2937 410 2983 mus
427 2913 625 2981 annotanda.
652 2915 759 2980 Primo
779 2913 933 2981 videlicet
950 2932 1049 2996 quum
1066 2913 1236 2981 Lorandus
1252 2913 1337 2982 filius
1355 2913 1455 2982 March

321 3014 396 3110 'per
413 3017 503 3092 suam
522 3022 745 3089 infidelitatem
764 3029 883 3089 terram
902 3023 1042 3090 nostram
1062 3022 1311 3108 Scepusiensern
1326 3043 1458 3090 unacum

339 3133 479 3218 Gylnich
496 3133 597 3216 Bana,
615 3137 646 3196 el
664 3139 779 3198 terram
799 3131 870 3217 Myr
886 3133 971 3198 ultra
988 3137 1113 3217 partem
1132 3130 1173 3196 de
1188 3133 1283 3222 Tyza
1299 3153 1398 3216 rsqnc
1420 3127 1455 3195 ad

339 3249 462 3326 partem
479 3239 756 3325 'Prarrssyluanam
774 3247 886 3306 contra
913 3241 1065 3306 Nostram
1096 3239 1233 3324 Regiam
1265 3237 1458 3308 Maiestatem

340 3348 564 3434 potencialiter
581 3355 756 3432 occuparet
774 3356 806 3414 ct
822 3346 991 3429 detineret,
1008 3347 1115 3413 dictus
1133 3345 1290 3431 Magister
1307 3346 1460 3430 Georgius

338 3477 404 3523 una
418 3478 488 3523 cum
502 3457 577 3540 alijs
589 3455 785 3523 Barronibus
804 3455 934 3543 uostris,
946 3455 1097 3522 videlicet
1107 3475 1178 3522 cum
1192 3454 1350 3539 Magistro
1362 3455 1461 3535 Ficta,

339 3565 380 3632 de
396 3573 549 3651 precepto
567 3571 686 3650 nostro,
704 3565 778 3630 dum
797 3578 908 3631 eontra
926 3565 1030 3650 ipsum
1050 3563 1210 3650 irruisset,
1227 3561 1313 3629 idem
1347 3563 1462 3628 Lorar-

339 3673 400 3739 dus
416 3675 451 3739 in
468 3673 580 3739 eodem
598 3671 745 3740 conflictu
763 3673 871 3740 extitit
887 3674 1111 3759 interemptus·
1130 3671 1226 3738 Guius
1244 3677 1461 3756 postmortem

337 3788 497 3866 cognatus
515 3779 659 3847 eiusdem
677 3781 807 3848 nominc
826 3781 1016 3866 Gregorius,
1033 3801 1105 3847 euur
1118 3781 1462 3867 predictaoccuparot;

334 3889 418 3956 idom
438 3888 595 3973 Magister
612 3889 772 3972 Georgius
806 3911 876 3954 oum
907 3889 982 3973 alijs
1016 3889 1137 3956 nostris
1170 3887 1324 3954 fidelibus
1358 3896 1464 3952 contra

335 4000 440 4084 ipsum
452 3998 587 4064 viriliter
600 3995 784 4068 dimicando
801 3997 979 4084 captiuauil
996 3998 1141 4081 eundern,
1161 4003 1192 4064 ct
1210 3995 1303 4064 collis
1320 3995 1465 4079 adduxit,

333 4127 426 4189 quenl
461 4127 520 4172 nos
553 4114 684 4192 propter
712 4127 803 4173 suam
824 4106 1051 4174 infidelitatem
1069 4105 1204 4173 fecimus
1222 4101 1387 4172 decollari.
1416 4102 1466 4168 Ge·

332 4223 434 4282 terum
451 4213 484 4280 iu
501 4213 714 4299 expedicione
731 4223 854 4298 nostra,
880 4236 977 4298 quam
996 4215 1167 4282 habuimus
1202 4223 1316 4280 contra
1349 4213 1464 4295 Regem

333 4323 556 4407 Bohcmorum‚
575 4343 645 4388 eum
659 4323 793 4390 cundem
807 4323 997 4406 Magistrum
1011 4323 1187 4407 Georgium
1206 4321 1248 4387 ad
1261 4319 1430 4387 sciendum
1442 4326 1468 4387 el

331 4431 505 4498 videndum
522 4433 694 4496 exercitum
706 4429 850 4497 eiusdem
867 4433 964 4515 Regis
978 4432 1132 4498 Bohemic
1143 4429 1357 4514 misissemus,
1370 4449 1465 4494 rnunr

332 4559 467 4607 cuneum
485 4539 646 4605 exercitus
664 4537 806 4605 eiusdem
825 4549 901 4607 unte
919 4537 1193 4606 acceleracionenr
1222 4543 1367 4603 nostram
1398 4535 1467 4602 riri

332 4647 405 4714 liter
422 4645 610 4732 uenotlacir,
630 4654 660 4710 et
678 4654 745 4712 tres
764 4647 884 4714 milites
901 4647 1035 4715 honesto
1053 4653 1195 4714 armatos
1214 4645 1376 4712 Bolrcaros
1396 4663 1466 4712 curu
