3124 5152
892 961 968 1032 222.

361 1166 540 1234 contareno
555 1165 665 1232 Jacob
679 1162 830 1229 uelcneaei
845 1161 984 1248 dopdnek
1001 1161 1193 1226 leoeleMdtd
1200 1161 1379 1246 uddorboz,
1397 1163 1492 1248 mely-

361 1276 423 1361 lyel
439 1273 519 1360 toto,
535 1269 855 1358 Muppcroraadpbaa
870 1267 1123 1355 mepldrosodott
1148 1267 1302 1334 celeacaee'
1324 1269 1496 1336 kffakcdd

628 1383 781 1446 ιιάιιιάνα
795 1377 973 1464 kieldpiteet
990 1377 1098 1442 kioctn.
1130 1376 1227 1441 1279.

465 1575 575 1643 Nobili
597 1581 631 1642 et
646 1573 778 1658 egregio
793 1573 863 1638 uiro
879 1571 1004 1638 blathnt
1019 1569 1137 1638 coniti
1153 1569 1314 1640 Palatino.
1337 1573 1491 1640 Jacobus

361 1687 545 1754 Gontareno
560 1683 622 1752 Dei
638 1681 745 1767 gratia
762 1681 978 1764 Venellorum,
1008 1679 1173 1746 Dalmatie
1204 1683 1302 1765 atque
1334 1681 1491 1750 Obroatie

360 1797 445 1881 Dux,
461 1793 619 1861 Dominus
635 1789 758 1869 Quarte
774 1789 881 1856 Partis
897 1795 930 1854 et
946 1787 1088 1854 Dimidia
1104 1788 1203 1855 totius
1219 1789 1353 1875 Imperii
1368 1791 1493 1858 Roma·

361 1902 424 1988 nie,
441 1900 542 1969 nobili
560 1907 592 1966 et
607 1898 739 1983 egregio
755 1895 824 1964 viro
840 1895 967 1962 Mathut
983 1894 1101 1962 Oomiti
1118 1895 1267 1962 Palatino
1284 1897 1395 1965 amico
1413 1899 1491 1964 dile-

361 2019 412 2076 cto
428 2011 567 2076 salutem
584 2019 620 2075 et
646 2003 831 2072 dilectionis
864 2001 1025 2068 allectum.
1063 1999 1130 2068 Sua
1161 2002 1254 2069 nobis
1285 2004 1494 2090 Rodogerins

362 2117 525 2184 Blunebus
541 2115 646 2183 fidelis
661 2119 770 2181 nostm
786 2110 1016 2196 conquestione
1031 2109 1210 2198 mostruvlt,
1225 2131 1290 2194 quo
1306 2133 1345 2182 eo
1360 2113 1491 2200 pridem

364 2227 397 2290 in
414 2225 532 2292 vatris
543 2223 700 2310 partibus,
718 2221 829 2304 Regno
838 2205 995 2286 videlieet
1004 2217 1182 2302 Hungarie,
1199 2223 1392 2288 mercatoris
1404 2241 1494 2288 more

361 2351 434 2399 eum
451 2333 545 2399 bonis
571 2337 604 2396 et
627 2326 879 2396 mercationibus
910 2345 975 2392 non
1006 2324 1140 2394 medicis
1171 2325 1342 2417 existente,
1375 2327 1494 2397 Herka

361 2438 448 2506 lilius
463 2435 599 2505 condam
617 2435 749 2503 Henrici
765 2433 882 2519 Banni,
914 2431 1170 2500 mercationibus
1184 2441 1218 2501 et
1247 2435 1344 2504 bouis
1377 2437 1494 2505 buius·
1553 2449 1554 2498 3

362 2545 449 2613 modi
466 2545 622 2614 violenter
638 2552 670 2611 et
686 2543 829 2611 indebite
846 2540 999 2626 spoliavit
1013 2541 1164 2626 eundem,
1180 2561 1244 2626 que
1260 2543 1393 2626 quidem
1412 2565 1492 2614 mer·
1553 2521 1554 2534 ἵ

361 2654 507 2720 cationes
525 2659 556 2720 et
570 2653 657 2719 bona
674 2651 853 2738 peripsum
869 2647 1005 2714 eundem
1023 2646 1168 2716 Herkam
1185 2655 1217 2715 et
1233 2657 1364 2736 gentem
1399 2674 1494 2721 suam

362 2761 585 2828 cccxxxvi
601 2757 751 2826 manebas
766 2763 875 2843 preter
890 2775 991 2839 equos
1007 2759 1039 2822 et
1071 2757 1205 2824 arnesia
1236 2759 1396 2828 extimate
1428 2761 1495 2830 fue-

362 2877 445 2939 runt.
468 2870 598 2936 Etcum
615 2868 761 2953 prefatus
777 2867 884 2932 fidelis
901 2871 1019 2932 noster
1027 2872 1119 2934 tanta
1135 2865 1258 2932 iniuria
1282 2875 1315 2936 et
1346 2869 1494 2957 dampno

360 2985 516 3064 gravatus
531 2977 692 3046 accedens
708 2995 817 3043 coram
834 2973 1051 3040 serenissimo
1067 2973 1200 3040 domino
1215 2979 1305 3061 Rege
1321 2978 1492 3063 Hungarie
1552 3049 1553 3052 ,

362 3088 525 3172 querelam
541 3085 728 3172 exposuerit
752 3083 793 3149 de
824 3080 1005 3169 premissis,
1037 3081 1124 3149 idem
1157 3083 1270 3152 Herba
1302 3087 1496 3173 supradicta
1552 3097 1553 3110 ¹

363 3198 483 3284 omnia,
500 3199 584 3263 sicut
594 3213 655 3262 nec
669 3213 791 3277 negare
807 3199 946 3278 poterat,
962 3211 1026 3258 nen
1043 3192 1186 3281 negavit,
1197 3203 1256 3260 sed
1274 3195 1380 3262 solum
1397 3197 1496 3282 petiit

361 3307 404 3373 ad
420 3303 601 3372 laciendum
617 3301 855 3369 restitutionem
872 3301 1046 3366 terminum
1062 3299 1126 3368 sibi
1144 3299 1223 3368 dari.
1263 3299 1323 3370 Oui
1355 3303 1495 3389 Regalis

362 3414 510 3500 potentia
525 3431 674 3479 annuens
689 3409 722 3475 in
740 3407 803 3475 bac
819 3414 912 3492 parte
929 3407 1011 3474 eitra
1027 3406 1123 3474 trium
1140 3409 1299 3477 mensium
1315 3411 1494 3479 terminum

361 3521 565 3604 condonavit,
582 3518 679 3586 laetis
695 3523 728 3584 et
745 3515 898 3584 exhibitis
916 3515 1044 3602 prefato
1059 3515 1148 3583 fideli
1164 3525 1272 3587 nostro
1290 3519 1360 3588 suis
1387 3520 1497 3588 literis

361 3630 464 3716 Regio
479 3627 588 3713 sigillo
606 3625 750 3712 munitis,
768 3623 1007 3693 continentibus
1024 3623 1246 3694 raubationem
1257 3647 1313 3694 seu
1326 3629 1495 3698 raubatio·
1551 3713 1552 3718 Ἰ

362 3739 414 3806 nis
430 3735 664 3805 confessionem
681 3751 792 3802 eoram
808 3731 976 3818 presentia
991 3731 1060 3797 eius
1084 3731 1218 3820 factam,
1251 3741 1283 3803 et
1314 3737 1493 3805 terminum

362 3853 516 3915 statutum
533 3843 576 3910 ad
593 3841 830 3910 restitutionem
856 3839 1038 3907 huiusmodi
1062 3839 1247 3910 faciendam
1278 3842 1322 3909 ad
1355 3845 1494 3932 Capitu-

360 3958 427 4024 lum
449 3973 509 4023 scu
524 3973 632 4021 eoram
649 3949 798 4037 capitulo
823 3949 865 4016 de
890 3947 1055 4033 Belgrado
1095 3947 1300 4038 (Feberrtr).
1339 3951 1494 4038 (lamque

360 4065 525 4154 predictus
541 4059 748 4145 Radogerins
765 4057 890 4144 prolixe
906 4055 1053 4141 termino,
1086 4057 1142 4140 qui
1159 4065 1230 4125 erat
1245 4057 1279 4124 in
1295 4057 1379 4128 festo
1395 4057 1498 4132 Beati

360 4173 505 4259 Martini,
520 4166 738 4256 comparuerit
755 4185 828 4231 cnm
845 4162 999 4249 predictis
1014 4163 1125 4248 Regiis
1143 4165 1244 4233 litenis
1261 4186 1371 4234 coram
1395 4169 1498 4259 Capi-

360 4283 426 4349 tulo
459 4285 634 4348 memorato
664 4272 903 4343 restitutionem
935 4269 1114 4356 predictam
1146 4271 1257 4340 debite
1288 4283 1495 4366 recepturus,

363 4385 500 4478 (neque)
517 4384 680 4474 predictus
697 4381 820 4465 Herka,
837 4398 942 4462 neque
958 4399 1016 4465 pro
1033 4399 1071 4446 eo
1081 4379 1358 4469 aliuseomparuit
1369 4385 1413 4454 ad
1424 4408 1497 4475 pre·

362 4499 462 4583 diota,
477 4497 571 4564 etsie
588 4494 709 4562 dietum
723 4489 911 4574 Capitulum
928 4485 1054 4572 prelato
1070 4487 1254 4574 Rodogcrio
1279 4491 1361 4560 lecit
1387 4501 1421 4561 et
1453 4495 1496 4564 de

362 4607 425 4674 biis
440 4603 677 4675 testimoniales
695 4603 807 4670 literas
825 4593 982 4666 exbiberi.
1006 4593 1078 4674 Quo
1103 4599 1192 4667 eirca
1222 4601 1429 4671 nobilitatem
1463 4609 1497 4674 et
