3148 5146
313 1158 408 1246 Moys
422 1158 597 1224 aederunt
611 1159 727 1224 arants
742 1156 818 1223 tote
833 1150 1049 1238 eadntofoldet
1064 1157 1097 1222 ee
1113 1163 1202 1220 &toea
1217 1157 1292 1223 aaut
1308 1159 1438 1246 insipat

312 1267 472 1352 tdrpyazo
486 1265 664 1332 italetleoele
680 1264 807 1330 loanko
822 1263 1038 1345 Modfidaula
1053 1261 1169 1328 ortua
1185 1259 1316 1350 Ghepda
1334 1263 1387 1346 fio
1410 1269 1444 1332 aa

471 1372 588 1439 Tamus
602 1371 775 1453 Eadrefia
791 1368 870 1436 ellan
885 1369 1017 1437 iuditott
1027 1370 1172 1456 periton.
1198 1371 1295 1437 1272.

431 1565 533 1634 (Huzai
545 1565 720 1632 Olrmsnyttr
732 1569 755 1619 1.
768 1569 827 1618 klit.
842 1569 884 1618 58.
898 1567 915 1618 l.
936 1567 1020 1634 Nagy
1032 1568 1108 1618 Intra
1120 1563 1324 1631 koslemtnye.)

744 1853 1011 1866 *-

843 2384 897 2449 60.

315 2589 348 2647 Α
365 2581 694 2670 boesi'ledptalaoaole
710 2581 979 2668 braonyecipleoala
993 2585 1077 2668 ¹leopy
1092 2582 1205 2647 Eodre
1221 2594 1332 2650 mester
1349 2585 1445 2651 Iucia·
1555 2651 1556 2656 ,

316 2689 384 2755 nat
390 2689 441 2772 fia
459 2688 555 2776 Nyelr
570 2699 649 2754 nevit
658 2687 766 2773 soldot
781 2689 999 2757 rememoret
1015 2689 1214 2756 Loadrdoak
1238 2692 1441 2757 iaaara‘bdlta.

830 2796 927 2865 1272.
1555 2805 1556 2826 *

420 2995 487 3062 Noe
520 2994 716 3061 Francisoue
742 2992 857 3060 Bubek
872 2993 914 3060 da
929 2993 1090 3061 Palseuoh
1106 2995 1217 3060 Banus
1232 2993 1443 3061 Machouien·
1555 3013 1556 3022 ¹

314 3099 360 3166 sie
374 3101 529 3168 memorie
545 3100 808 3168 commendantes
839 3106 953 3194 tenore
984 3101 1186 3185 presentium
1219 3101 1446 3186 signifiaamua

316 3207 433 3290 quibus
451 3206 581 3295 expedit
596 3205 763 3293 uniuersis,
780 3208 866 3292 quod
883 3208 915 3274 in
928 3208 1191 3293 congregacione
1207 3215 1318 3275 nostra
1336 3207 1444 3276 Gene-
1555 3207 1556 3288 J

315 3315 377 3382 rali
394 3315 604 3386 Vniuersitati
620 3318 788 3385 Nobilium
805 3315 982 3384 Comitatus
999 3316 1191 3386 Baohiensis
1216 3315 1298 3382 feria
1330 3337 1443 3384 eeonn·
1555 3327 1556 3378 1

314 3421 358 3488 da
389 3423 538 3506 proxima
567 3432 641 3510 post
672 3425 790 3492 testum
823 3424 925 3490 'Beati
956 3423 1176 3491 Bartholomei
1215 3424 1369 3508 Apostoli
1401 3441 1444 3490 ex

303 3523 452 3614 'speoiali
466 3532 564 3616 Regls
580 3533 687 3600 edieto
701 3553 804 3619 prope
820 3531 993 3600 ciuitatem
1023 3531 1247 3616 Baehyensem
1278 3530 1447 3596 celebrata
1555 3555 1556 3564 ¹

313 3635 485 3735 Ladialaus
516 3638 601 3707 filius
631 3639 791 3707 Johannia
821 3639 862 3706 de
886 3638 1084 3726 Kereathwr,
1115 3643 1148 3704 et
1163 3635 1342 3720 Gregorius
1357 3636 1451 3704 tilius
1555 3693 1556 3738 3

314 3744 448 3814 alterius
477 3745 637 3814 Johannis
668 3746 709 3814 de
724 3747 849 3835 eadem,
875 3747 916 3814 de
947 3746 1056 3814 medio
1086 3749 1222 3815 aliorum
1252 3743 1447 3829 exurgsndo
1555 3749 1556 3764 ¹

314 3861 553 3941 proposuerunt
568 3877 606 3922 eo
623 3855 719 3922 modo
737 3881 745 3920 ε
763 3853 848 3940 qnod
880 3856 999 3923 nobilis
1031 3852 1163 3922 domina
1193 3853 1292 3918 Anna
1321 3857 1447 3920 voeata
1555 3907 1556 3910 ,

314 3981 447 4030 oonsore
478 3963 625 4034 Ladislai
657 3961 697 4030 de
712 3961 872 4050 Feldwar,
889 3971 923 4030 et
938 3962 1124 4049 Stephanus
1156 3961 1198 4028 de
1212 3957 1388 4045 Verenfeu,
1404 3979 1448 4026 aa
1555 3957 1556 4048 J

197 4113 200 4118 -
313 4069 433 4137 nobilis
450 4071 582 4140 domina
591 4079 696 4140 mater
705 4071 851 4140 eiusdem
860 4070 1019 4156 Stephani
1031 4069 1148 4139 relieta
1157 4067 1311 4138 videlieet
1321 4065 1452 4133 Fabia·
1555 4119 1556 4126 ,

311 4176 347 4242 ni
362 4177 599 4248 Farkasvarew
617 4179 705 4265 dieti,
722 4179 890 4248 lohannes
915 4177 1001 4246 filins
1016 4177 1188 4264 Johannis,
1204 4174 1396 4260 Stephanus
1413 4183 1452 4242 et
1555 4213 1556 4230 r

313 4284 437 4352 Paulus
452 4286 509 4375 filij
531 4285 651 4375 Endre,
668 4307 707 4354 ao
736 4287 928 4354 Dominions
961 4284 1046 4353 filius
1078 4282 1216 4370 Nieolai,
1248 4279 1391 4350 Nobiles
1409 4281 1455 4350 do

312 4391 497 4478 Nagwelgh
527 4396 630 4482 ipsius
662 4393 749 4484 (tgy)
767 4393 807 4462 de
823 4395 976 4480 poreione
993 4391 1256 4480 possessionaria
1270 4392 1306 4458 in
1322 4393 1452 4460 eadem
1555 4445 1556 4448 ,

313 4496 476 4568 Vereufen
508 4501 589 4588 (alio
613 4502 742 4570 nomine
766 4499 878 4589 Nyek)
901 4503 990 4587 ipsos
1009 4499 1242 4589 eontin(g)enti
1273 4502 1455 4586 potencia·
1555 4501 1556 4504 ’

313 4605 388 4674 litor
402 4607 628 4698 exolusissent‚
654 4618 687 4678 et
710 4609 846 4679 eandem
872 4631 930 4696 pro
946 4630 982 4678 ea
1005 4608 1195 4698 oeoupando
1210 4615 1457 4679 eonsernarent
1555 4609 1556 4662 l
