3124 5152
736 223 894 330 aa„
920 301 921 304 ,

254 441 331 506 gere
362 420 414 486 vel
433 421 462 486 ei
494 439 576 486 ausu
605 421 774 486 temerario
816 418 986 486 contraire.
1017 419 1052 484 si
1077 418 1149 502 quis
1179 427 1287 486 antem
1321 421 1386 489 boc

253 534 448 612 attemptare
464 526 706 610 presumpserit,
727 526 990 608 indignacionem
1008 525 1240 611 omnipotentis
1271 529 1332 594 Dei
1350 533 1386 594 et

254 635 426 702 Beatorum
452 634 538 698 Petri
554 637 586 699 et
601 631 693 698 Pauli
705 632 935 716 Apostolorum
952 631 1021 697 eius
1038 651 1074 698 se
1089 633 1217 698 noverit
1232 633 1383 700 incnrsu-

254 763 334 808 rum.
350 743 457 808 Tener
473 747 583 805 autem
601 738 819 824 predictarum
836 738 1002 806 literarum
1033 737 1170 806 inferius
1200 746 1388 827 annotatur,

256 850 311 933 qui
329 849 406 917 tatis
425 856 476 916 est
494 873 501 914 :

362 955 537 1022 Ladizlans
553 954 614 1022 Dei
631 957 744 1038 gracia
760 954 927 1038 Hungarie
942 955 1004 1020 stb.
1022 955 1091 1021 Rex
1117 955 1182 1022 stb·
1214 955 1390 1042 (horethe-

256 1063 310 1130 zik
342 1062 396 1128 IV.
413 1061 531 1129 Ldszld
562 1062 740 1148 kirtlynalr
777 1061 912 1130 1277-ki
932 1061 1205 1148 adomtnylevele
1221 1063 1304 1129 mint
1319 1064 1390 1131 len-

257 1170 344 1250 tcbb.
363 1171 437 1238 159.
454 1190 497 1237 az.
517 1169 561 1259 a)
901 1187 904 1193 ·

365 1279 485 1343 Datum
510 1277 544 1343 in
561 1281 667 1344 castro
683 1275 835 1362 Budensi,
854 1275 903 1340 III
920 1275 994 1342 idus
1010 1275 1101 1361 Julii,
1118 1274 1301 1344 indiccione
1317 1277 1390 1344 VlL

260 1406 346 1452 anno
362 1383 491 1450 Domini
522 1384 713 1452 Mcobxx.
737 1404 831 1450 nono.
863 1383 1074 1451 Pontificatus
1106 1382 1228 1450 domiui
1259 1385 1391 1453 Nicolai

238 1547 241 1552 .
260 1493 350 1578 Papc
365 1491 458 1560 tercii
475 1513 560 1559 anuo
578 1491 730 1560 seeundo.

335 1691 482 1753 (Thaletis,
500 1690 625 1740 Menum.
645 1689 744 1740 histor.
764 1690 856 1753 Episc.
877 1691 995 1755 Zagrab.
1024 1691 1046 1739 I.
1075 1691 1133 1740 lrdt.
1166 1695 1223 1741 199.
1245 1693 1313 1756 lap.)

794 2423 871 2493 224.

269 2622 389 2688 tritior
404 2624 585 2688 sclavonici
601 2623 730 2688 bdnual·
746 2623 1025 2710 bizouyso'pleoele,
1054 2627 1135 2714 bopy
1154 2626 1249 2710 Aplta
1266 2636 1395 2690 nemzet·

268 2729 389 2814 sdpdeli
418 2731 516 2795 Pc'ter
540 2730 675 2796 Kozoliu
690 2732 829 2795 dirtolcctt
846 2731 955 2798 eladto
970 2755 991 2796 a
1006 2732 1144 2819 adprdbi
1159 2732 1395 2818 tcptotannat.

782 2843 880 2906 1279.

374 3035 540 3121 Nyooiaus
570 3035 682 3102 Banus
722 3037 826 3104 tocius
867 3036 1041 3103 Solanonie
1077 3036 1235 3106 universis
1273 3037 1394 3104 Christi

270 3141 420 3211 fidelibus
451 3150 619 3228 presentes
651 3143 776 3210 litteras
808 3143 1007 3227 inspecturis
1037 3145 1175 3212 salntem
1192 3147 1226 3212 in
1247 3145 1399 3212 Domino.

268 3249 320 3316 Ad
335 3249 558 3317 universorum
589 3251 743 3317 noticiam
770 3258 882 3318 tenore
897 3253 1099 3337 presencium
1114 3253 1264 3320 volumus
1280 3273 1397 3340 perve-

270 3347 350 3442 nire,
366 3357 453 3441 qnod
469 3359 573 3441 Petro,
589 3359 654 3426 filio
672 3359 785 3441 Borcb,
804 3359 846 3426 de
862 3378 978 3442 genere
998 3361 1103 3448 Agba,
1120 3346 1170 3427 errv
1193 3383 1258 3428 una
1288 3368 1397 3447 parte,

271 3474 304 3531 et
334 3465 490 3550 Magistro
530 3467 711 3554 blanfrcdo‚
750 3466 987 3533 Archidiaoono
1019 3469 1061 3535 de
1092 3467 1230 3556 Gerohe,
1263 3469 1400 3535 Decano

270 3573 416 3640 Ecclesie
432 3572 672 3658 Zagrabieusis,
704 3575 777 3641 vioe
796 3581 828 3642 ct
857 3575 988 3642 nomine
1003 3573 1146 3660 capituli
1177 3575 1324 3642 eiusdem
1356 3597 1399 3642 ex

272 3682 384 3766 altera,
402 3701 510 3747 coram
526 3681 618 3748 nobis
635 3681 853 3768 personaliter
868 3683 1063 3768 constitutis,
1080 3683 1165 3749 idem
1180 3682 1296 3751 Petrus
1313 3682 1400 3749 dixit

271 3797 303 3855 et
319 3787 487 3856 consessus
504 3795 575 3856 est:
592 3789 678 3873 quod
693 3811 764 3856 cum
781 3789 877 3856 famis
904 3790 1017 3856 inedia
1033 3798 1064 3856 et
1094 3791 1237 3875 periculo
1267 3797 1401 3876 propter

271 3897 447 3965 instantem
465 3897 618 3983 temporis
634 3897 838 3964 sterilitatem
857 3898 1031 3984 laboraret,
1048 3906 1166 3966 terram
1190 3918 1283 3966 snam
1308 3900 1400 3966 here·

272 4005 424 4071 ditariam
451 4005 594 4092 Gozolyn
610 4013 771 4092 vocatam,
796 4006 981 4073 distinctam
999 4015 1030 4073 et
1061 4008 1267 4074 terminatam
1300 4008 1401 4075 certis

273 4113 367 4178 metis
383 4112 613 4201 infrascriptis,
629 4113 821 4181 existentem
837 4116 870 4181 in
886 4115 1049 4182 montibus
1066 4135 1166 4202 supra
1182 4115 1291 4182 Caena
1307 4116 1394 4200 Capi-

272 4219 343 4305 tuli,
360 4239 463 4305 prope
478 4222 645 4288 ecclesiam
662 4221 755 4290 Boati
771 4222 903 4310 blatbei,
932 4243 1003 4289 eum
1021 4223 1170 4290 omnibns
1192 4221 1399 4308 utilitatibus,

275 4325 365 4393 siluis
390 4326 548 4414 videlicet,
572 4330 666 4398 terris
682 4329 872 4420 arabilibus,
888 4330 1085 4418 nemoribus,
1103 4330 1182 4398 locis
1197 4330 1400 4398 molendino·

274 4455 355 4520 rum,
386 4435 491 4503 vineis
521 4444 554 4502 et
584 4437 658 4506 aliis
690 4440 840 4506 omnibus
870 4439 1073 4526 appendiciis
1105 4439 1326 4524 spectantibus
1356 4437 1400 4506 ad

275 4541 422 4622 eandem,
453 4543 636 4613 vendidisse
666 4546 791 4632 prelato
824 4546 976 4634 Capitulo
1003 4567 1060 4634 pro
1077 4547 1193 4636 viginti
1208 4567 1266 4616 sex
1282 4547 1401 4617 marcis
