3148 5146
832 277 994 384 Q

348 477 381 545 in
399 475 560 546 Contactu
585 475 721 545 Albensi
747 474 868 544 Ossian
885 483 1006 545 terram
1022 475 1135 565 populi
1150 475 1259 548 (iastri
1274 477 1391 570 nostri,
1406 495 1468 548 cnm
1553 465 1555 500 ¹

347 587 449 656 tribus
480 585 597 654 insulis
629 585 741 670 paruis
780 587 866 654 inter
895 586 1074 672 predictam
1106 595 1225 656 terram
1258 599 1292 658 et
1323 591 1466 675 Magnam

346 695 490 762 Insulam
523 693 745 776 existentibus,
776 715 848 762 oum
880 697 1030 764 omuibus
1046 697 1114 765 suis
1130 698 1337 787 utilitatibus,
1357 705 1466 766 etcum

347 801 470 870 eisdem
487 801 582 870 metis
599 808 631 870 et
645 801 802 888 terminis,
817 802 933 886 quibus
949 804 1061 890 populi
1078 805 1183 874 Oastri
1209 805 1420 874 dinoscuntur
1433 807 1468 870 ab

347 909 445 976 inicio
468 908 663 998 possedisse3
679 908 829 976 similiter
847 908 1049 998 donauimns,
1072 911 1218 981 dedimus
1234 921 1267 982 et
1282 917 1467 982 contulimus

347 1019 543 1086 Monasterio
560 1015 745 1104 supradicto
761 1023 919 1102 perpetuo
935 1027 968 1088 et
976 1017 1237 1088 irreuocabiliter
1246 1021 1466 1108 possidendas.

348 1127 386 1192 In
402 1125 494 1192 cuuis
510 1125 557 1194 rei
572 1127 762 1192 memoriam
779 1131 812 1192 et
828 1132 1018 1212 perpetuam
1037 1126 1220 1195 firmitatem
1240 1133 1409 1214 presentes
1424 1127 1469 1194 de·

348 1235 454 1304 dimus
485 1235 611 1302 litteras
643 1231 784 1316 duplicis
816 1233 920 1316 sigilli
952 1235 1053 1300 nentri
1085 1235 1264 1303 munimine
1296 1239 1467 1303 roboratas.

346 1325 466 1410 Datum
496 1361 554 1427 per
569 1357 685 1406 manns
701 1338 849 1422 Magistri
868 1339 1035 1406 Benedicti
1055 1341 1217 1426 Prepositi
1232 1342 1382 1409 Eoolesie
1398 1343 1467 1409 Oro·

347 1449 468 1516 diensis
484 1448 568 1514 Aule
583 1451 692 1514 nostre
722 1444 999 1532 Vionaneellarij
1031 1447 1142 1514 dilecti
1158 1453 1191 1516 et
1221 1449 1329 1516 fidelis
1361 1447 1466 1530 nostri,

347 1576 434 1623 anno
465 1553 595 1622 Domini
627 1554 801 1621 millesimo
833 1553 1052 1623 ducentesimo
1084 1559 1338 1640 septuagesimo,
1373 1555 1466 1638 Regni

348 1669 457 1730 autem
474 1662 576 1728 nostri
593 1681 679 1727 anno
695 1663 809 1746 primo.
826 1662 894 1728 Nos
911 1661 1010 1746 igitur
1029 1662 1180 1746 precibus
1209 1661 1312 1746 ipsius
1345 1662 1466 1728 domine

348 1770 537 1840 Elisabetbc
548 1769 721 1836 karissime
731 1771 851 1836 sororis
862 1776 972 1838 nostre
983 1789 1021 1835 ao
1031 1771 1170 1836 aliarum
1183 1789 1328 1836 sororum
1338 1791 1398 1856 per
1406 1789 1466 1853 pre

347 1879 468 1946 dictum
480 1877 611 1944 fratrem
622 1875 758 1942 Paulum
771 1873 977 1963 (propositis)
988 1876 1284 1945 condescendentes
1290 1879 1394 1960 Regio
1405 1897 1466 1941 enm

346 1984 468 2073 fanore,
499 1984 620 2050 dictum
651 1982 858 2068 priuilegium
889 1990 995 2049 ratum
1012 1985 1182 2072 habentes,
1204 1984 1294 2051 etde
1311 1985 1413 2050 uerbo
1427 1983 1464 2048 ad
1554 2035 1555 2040 1

349 2093 479 2158 uerbum
497 2090 698 2176 presentibus
714 2090 813 2157 inseri
842 2090 1008 2174 incientes,
1039 2091 1236 2158 authoritate
1268 2093 1466 2176 presencium
1554 2101 1555 2112 ¹

347 2199 498 2266 duximus
513 2197 785 2278 confirmandum
801 2206 903 2263 ratam
921 2197 1078 2265 habentes
1090 2199 1314 2265 confirmatam
1326 2198 1467 2265 donacio·

348 2327 421 2372 nem
451 2304 616 2372 karissimi
646 2305 749 2390 patris
781 2306 882 2372 nostri
915 2311 946 2370 et
978 2305 1182 2390 presentibus
1218 2303 1468 2372 irreuooabititer

349 2410 575 2481 confirmando.
607 2411 726 2477 Datum
761 2435 817 2496 por
842 2432 958 2478 mantra
979 2413 1126 2495 Magistri
1152 2411 1322 2482 Benedicti
1353 2411 1466 2477 Sancte

349 2520 581 2604 strigoniensis
596 2521 738 2586 Eccleaie
750 2519 850 2585 illecti
863 2521 937 2585 acilo
949 2527 1055 2586 nostre
1066 2518 1354 2587 Viae-Oanoeliarii
1364 2517 1468 2584 dilecti

351 2635 384 2694 et
398 2623 503 2694 fidelis
534 2627 635 2694 nostri
660 2648 746 2695 anno
763 2627 897 2693 Domini
918 2626 1092 2694 millesimo
1108 2627 1332 2696 ducentesimo
1346 2633 1467 2712 septua-

351 2736 472 2822 gesimo
489 2733 598 2818 quinto
614 2735 718 2820 Regni
734 2741 842 2804 autem
859 2733 960 2801 nostri
976 2756 1062 2801 anno
1079 2735 1188 2803 tercio.

350 2934 489 2997 (Eaedetie
514 2933 699 3000 borhtrtyan,
720 2950 737 2984 a
760 2931 856 2997 pecstt
875 2933 1009 2984 elveszstt
1019 2950 1027 3002 3
1047 2949 1065 2986 a
1082 2934 1169 2990 budai
1181 2936 1235 2987 kir.
1249 2932 1480 2988 ksmsreileutb·

850 3025 971 3086 ttrban.)

776 3309 1042 3326 Ι-υ-κιι-ι--ιιιιὸ-ιῆ-ί

346 4047 403 4116 IV.
420 4047 536 4116 Ldszlo
549 4050 728 4138 kircilyaoic
745 4045 1024 4136 biaonysdqlecele,
1041 4046 1124 4148 kopp
1135 4047 1467 4115 MittesDursannat

339 4159 392 4238 fia
412 4157 567 4244 Toplicna
583 4157 781 4244 neotfb'ldet
801 4158 923 4223 iimote
945 4154 1080 4240 euprobi
1099 4157 1292 4242 pitepb’kaek
1317 4157 1468 4242 elzdlopo·

791 4270 915 4330 aitottu.
938 4259 1032 4328 1275.

429 4459 589 4526 ffialcsics,
608 4462 731 4514 Monam.
751 4461 817 4516 bist.
836 4461 927 4528 Episo.
948 4460 1143 4528 Zagrabiensis
1162 4460 1185 4510 1.
1205 4461 1263 4510 bot.
1286 4464 1346 4509 179.
1360 4461 1390 4522 l.)
