3148 5146
333 1213 372 1278 V.
382 1213 495 1279 Ietodo
509 1213 623 1299 loirctly
644 1211 1001 1298 Tereezteoyesiildtert
1022 1211 1300 1300 Toruameqyebeo
1310 1215 1452 1282 Kaobozi

565 1319 689 1385 Mokud
696 1319 835 1402 fiaioek
852 1319 1102 1406 adomdoyezza.
1131 1322 1225 1385 1272.

323 1513 364 1576 (Δ
383 1513 451 1579 gret
467 1513 557 1578 Ziohy
576 1513 669 1565 oseletd
688 1513 881 1579 Okmtnyttre
899 1515 921 1565 1.
941 1517 1001 1566 ket.
1022 1519 1065 1567 28.
1094 1518 1150 1581 lep.
1182 1517 1265 1582 Negy
1298 1518 1372 1568 Imre
1392 1519 1453 1568 kiz-

822 1605 971 1670 lemtnye.)

759 1887 1027 1904 Ἠ

868 2423 922 2490 54.

340 2623 373 2688 V.
398 2619 508 2687 loven
523 2622 703 2707 kirdlyoak
719 2645 741 2686 a
757 2623 963 2708 eomopyudri
988 2621 1149 2707 oeudeqeb
1175 2622 1329 2688 άίἰάιάνα
1354 2635 1459 2689 eonat-

705 2729 784 2794 kozo
798 2727 968 2813 okmdopa.
993 2728 1091 2793 1272.

439 2923 622 3011 Capitulum
648 2921 794 2988 Eoolesie
810 2921 962 2988 Albensis
976 2922 1037 2988 eth.
1053 2921 1203 2989 omnibus
1219 2921 1341 2990 (thristi
1357 2923 1459 2992 fideb-

330 3034 392 3101 hus
408 3033 470 3098 sth.
486 3027 572 3115 quod
587 3049 659 3096 oum
676 3029 825 3095 dominus
840 3035 949 3094 noster
966 3027 1191 3114 Sigismundus
1207 3029 1277 3098 Rex
1295 3027 1462 3117 Huugarie

332 3145 395 3206 eto.
413 3137 585 3204 ciuitatem
616 3155 709 3203 suem
735 3135 892 3220 Regalem
913 3135 1125 3224 Somogywer
1141 3145 1290 3205 voeetem
1306 3139 1342 3204 in
1359 3138 1461 3207 Comi-

333 3251 404 3315 tatu
433 3243 622 3327 Simigiensi
651 3243 843 3310 existentem
875 3262 948 3310 oum
980 3250 1087 3311 oestro
1126 3264 1251 3311 murum
1293 3245 1462 3331 antiquum

335 3355 485 3434 habente,
516 3371 556 3417 ee
570 3349 694 3437 predijs
725 3350 855 3418 Zeebur
887 3356 920 3416 et
935 3350 1019 3437 Dob,
1052 3351 1128 3418 item
1161 3351 1280 3419 tributo
1297 3353 1332 3418 in
1351 3352 1463 3420 eedem

333 3459 423 3544 exigi
439 3465 601 3544 eonsueto,
618 3457 878 3543 molendinisque
893 3477 992 3544 super
1023 3458 1121 3525 fluuio
1153 3455 1257 3526 Hidas
1290 3458 1463 3528 deourren·

335 3567 432 3650 tibus,
463 3567 700 3652 montibusque,
731 3565 836 3632 vineis
868 3573 901 3631 et
917 3566 991 3651 elijs
1024 3565 1152 3633 eunetis
1167 3563 1366 3634 utilitatibus
1383 3566 1463 3634 viris

333 3671 514 3758 Magnibeie
546 3673 684 3740 Niooleo
717 3679 750 3739 et
766 3671 922 3758 Dionysio
953 3672 1032 3758 filijs
1052 3671 1212 3756 Stephani
1229 3669 1270 3739 de
1283 3672 1473 3760 Meronaiy,

334 3779 477 3865 Georgio
492 3779 560 3848 filio
575 3779 748 3866 iohannis,
775 3779 872 3848 elteri
887 3779 1023 3846 Nieoleo
1039 3777 1106 3846 filio
1123 3779 1259 3847 altenius
1291 3778 1463 3866 Stephani,

336 3896 368 3959 et
383 3887 536 3955 Ladisloo
566 3885 632 3952 tilio
663 3885 751 3953 Petri
782 3883 936 3954 fratribus
962 3903 1082 3970 eornm,
1099 3905 1184 3952 noue
1199 3905 1258 3954 sue
1274 3884 1468 3954 donacionis

336 3999 432 4066 titulo
463 3992 660 4063 eonferendo
691 3993 754 4060 stb.
786 4001 931 4077 tempore
961 3993 1155 4060 statutionis
1187 3994 1331 4078 ipserum
1366 3993 1465 4061 dietis

336 4103 498 4172 nobilibus
529 4101 679 4168 faciende
710 4102 745 4168 in
777 4121 917 4187 persone
956 4099 1143 4168 Oonuentus
1175 4099 1320 4168 Eoelesie
1354 4101 1468 4169 Sancti

334 4209 467 4296 Eegidij
486 4209 527 4275 de
543 4208 680 4292 Simigio
700 4209 920 4276 oontrodioeio
937 4206 1026 4275 iaetu
1057 4205 1201 4290 inisset3·
1217 4213 1350 4292 propter
1385 4207 1470 4294 quod

335 4340 396 4406 pro
428 4315 617 4384 defensione
642 4317 727 4402 juris
743 4315 830 4384 dioto
846 4315 996 4384 Euolesie
1010 4315 1045 4381 iu
1061 4333 1205 4402 persone
1220 4313 1299 4380 dieti
1315 4315 1468 4386 Oonuen·

335 4433 390 4493 tus
404 4443 510 4491 eorem
541 4421 670 4490 domino
700 4423 836 4489 Nieoieo
868 4421 910 4489 de
926 4423 1014 4490 Gara
1046 4421 1125 4490 dieti
1156 4420 1264 4505 Regni
1295 4419 1470 4509 Hungerie

337 4531 492 4599 Palatino
507 4530 554 4596 uti
571 4529 688 4596 Judioe
720 4529 891 4596 Ordinorio
922 4535 1014 4598 tenor
1044 4529 1152 4597 littere
1181 4527 1343 4614 Stephani
1360 4535 1395 4596 et
1410 4531 1471 4596 Lu·

337 4637 434 4707 dislai
463 4639 588 4721 Regum
621 4637 655 4702 in
671 4637 797 4703 litteras
830 4634 951 4704 domini
982 4635 1092 4704 Geruli
1124 4633 1224 4720 Regis
1255 4633 1381 4703 inserte
1407 4635 1472 4704 stb.
