3168 5150
319 1103 354 1171 V.
376 1104 490 1171 Istudu
505 1101 618 1188 tirely
632 1100 816 1189 unapardsiti
836 1097 856 1162 l
863 1096 896 1162 V.
913 1095 998 1161 Bcla
1013 1090 1183 1179 kirdlyuck
1215 1089 1353 1176 waccar
1379 1090 1447 1155 tris·-

312 1211 415 1300 9yuzd
430 1213 628 1298 adomdnydt
645 1235 666 1276 a
682 1209 880 1295 uydloaipoti
896 1203 1124 1298 cpdczuzdrdc
1149 1205 1310 1269 eadmero.
1344 1202 1447 1270 1270.

421 1405 605 1492 Stephanus
636 1405 698 1472 Dei
729 1403 842 1488 gracia
872 1400 1054 1488 Hungarie,
1083 1397 1262 1485 Dalmacie,
1294 1396 1447 1486 (lroaeie,

314 1517 428 1596 Rama,
458 1513 581 1600 Seruis,
614 1511 762 1596 Gallicis,
792 1510 994 1597 Lodomerie,
1026 1505 1184 1574 Cumanie
1224 1505 1446 1590 Bulgariequo

314 1625 384 1691 Rex
414 1620 560 1690 omnibns
591 1618 711 1686 Christi
743 1617 890 1686 fidelibus
921 1635 1054 1702 presens
1070 1615 1225 1700 scriptum
1244 1612 1442 1698 inspecturis

315 1729 452 1798 salutem
470 1727 569 1815 ineo,
601 1729 658 1810 qni
688 1725 832 1813 Regibus
864 1727 922 1793 dat
952 1723 1102 1794 salutem.
1134 1721 1185 1787 Ad
1215 1719 1445 1789 uniuersorum

316 1845 382 1905 tum
397 1836 600 1924 presencium
617 1857 713 1922 quam
730 1841 931 1922 posterorum
952 1831 1105 1900 noticiam
1121 1829 1235 1897 harum
1252 1829 1336 1896 serie
1350 1828 1447 1896 volu-

316 1963 387 2012 mus
403 1943 590 2029 perueniro;
613 1941 698 2028 quod
729 1941 827 2010 trater
856 1941 1008 2008 Nicolaus
1037 1957 1213 2007 conuersus
1243 1936 1285 2004 de
1315 1933 1442 2005 Ordine

318 2049 469 2118 Fratrum
500 2051 733 2139 Predictorum,
759 2056 931 2136 prooratcr
947 2069 1053 2116 rerum
1069 2067 1128 2116 seu
1143 2047 1299 2114 bonomm
1316 2044 1446 2112 Munus·

318 2156 388 2241 terij
408 2159 509 2224 Beato
539 2157 642 2224 Maria
673 2157 815 2243 Virginis
847 2157 996 2226 Glorioso
1027 2157 1068 2225 de
1098 2155 1211 2222 Insula
1225 2153 1270 2220 ad
1299 2159 1447 2220 nostram

318 2261 481 2332 accedens
496 2267 712 2355 presenciam,
728 2267 876 2336 exhibuit
890 2265 984 2333 nobis
1001 2263 1160 2349 quasdam
1177 2263 1304 2332 litteras
1320 2261 1448 2330 domini

319 2371 399 2440 Belo
408 2371 493 2439 inliti
502 2373 601 2458 Regis
618 2375 787 2460 Hungarie
803 2377 907 2462 patris
923 2373 1042 2441 nostris
1059 2370 1238 2458 karissimi,
1256 2367 1448 2438 felicimime

318 2479 568 2568 recordacionis,
608 2488 761 2569 putentes
802 2503 874 2549 oum
905 2481 1015 2566 sigillo
1046 2481 1136 2549 auruli
1166 2479 1310 2546 ciusdem
1341 2477 1448 2563 patris

318 2587 422 2653 nostri
437 2587 604 2656 karissimi
620 2592 736 2676 notorij
755 2591 943 2676 impressas,
962 2597 1078 2677 petens
1093 2587 1329 2656 instantissima
1345 2587 1450 2654 verbo

320 2693 450 2762 domine
480 2695 650 2764 Elisabeth
677 2697 850 2766 karissime
866 2698 931 2766 filie
946 2707 1065 2785 nostre,
1083 2697 1286 2782 aliarumque
1301 2714 1450 2762 sororum

320 2801 415 2870 nobis
446 2803 480 2870 iu
510 2803 640 2874 Christo
680 2805 926 2875 karissimorum
958 2809 1000 2874 de
1039 2806 1151 2874 Insula
1186 2801 1381 2892 supradicta,
1411 2811 1454 2874 rt

320 2909 452 2978 easdem
483 2919 572 2981 ratas
589 2913 719 3000 habero,
737 2921 768 2982 et
783 2923 894 2984 nostro
919 2916 1127 3000 dignaremur
1144 2911 1317 3002 priuilegio
1333 2912 1453 2982 coufir-

320 3039 418 3088 marc.
433 3019 578 3099 Quarum
593 3023 724 3108 quidem
740 3024 922 3092 litterarum
938 3031 1031 3092 tenor
1046 3025 1122 3092 talis
1139 3031 1199 3092 cst.

428 3129 509 3196 Bela
540 3131 601 3198 Dei
633 3132 744 3215 gracia
775 3134 844 3200 Rex
874 3133 1045 3217 Hrrngaric
1074 3135 1136 3201 stb.
1169 3131 1379 3219 (kdvetkcaik
1400 3132 1453 3199 lv

320 3233 402 3301 Bdla
418 3234 595 3324 kiralynak
614 3239 749 3307 1268ki
765 3239 1048 3326 adnmanylevelc,
1074 3241 1154 3308 mint
1170 3238 1452 3327 Okmdnytttrunk

321 3341 410 3410 VlIl.
427 3345 542 3433 vagyis
558 3369 579 3414 a
594 3349 745 3416 masodlk
761 3349 886 3435 solyam
904 3349 962 3415 III.
980 3349 1157 3417 kotctsocn
1177 3349 1250 3418 192.
1268 3347 1306 3434 l.)

427 3451 495 3520 Nos
525 3453 625 3537 igitur
656 3456 827 3543 predictos,
860 3459 997 3540 litteras,
1027 3457 1192 3524 karissimi
1208 3456 1326 3541 partris
1342 3457 1452 3524 nostri
1535 3459 1539 3464 '

322 3564 414 3624 ratas
430 3558 596 3648 habentes,
613 3563 818 3650 presentibus
833 3565 873 3631 de
889 3566 989 3632 verbo
1005 3565 1048 3632 ad
1074 3565 1206 3632 verbum
1238 3563 1339 3632 inseri
1369 3563 1453 3630 laci-

321 3666 404 3734 endo
435 3666 477 3735 ad
506 3671 697 3756 peticionem
730 3673 858 3739 dominc
888 3673 1036 3741 Elisabet
1063 3673 1236 3742 karissime
1253 3673 1317 3740 filie
1340 3678 1455 3741 nostre

322 3775 527 3862 aliarumque
557 3798 703 3846 sororum
735 3781 962 3868 predictarum,
1010 3784 1204 3850 auctoritate
1245 3780 1454 3868 presencium

320 3885 547 3952 confirmamus
573 3908 631 3973 per
647 3889 886 3974 opposicionem
912 3890 1075 3976 dupplicis
1092 3891 1195 3974 sigilli
1212 3891 1313 3958 nostri
1329 3889 1454 3957 lacien-

322 3991 364 4058 do
381 3991 579 4059 communiri.
596 3995 716 4062 Datum
734 4017 792 4082 per
808 4019 921 4065 manus
953 3998 1103 4082 Magistri
1135 3998 1303 4065 Benedicti
1336 3997 1454 4065 Orodi-

320 4099 408 4167 ensis
438 4100 583 4168 Ecclesic
614 4102 774 4188 Propositi
804 4105 879 4170 aule
904 4111 1014 4172 nostre
1031 4105 1108 4172 Vice
1126 4104 1319 4191 Cancellarij
1336 4103 1455 4172 dilecti

325 4205 478 4274 ctfidelis
509 4207 612 4276 nostri
643 4229 730 4278 anno
761 4211 1177 4300 Dominimacdruxxr,
1209 4213 1313 4300 Regni
1343 4223 1457 4282 autem

322 4313 424 4380 nostri
440 4335 528 4383 anuo
544 4317 659 4404 primo.

324 4441 464 4502 (Eredetie
487 4443 672 4510 bdrhatrtydn,
703 4445 955 4512 sarge-violaszlntl
975 4449 1212 4514 sslyemzsindron
1239 4449 1325 4517 fdggd
1354 4449 1459 4516 penset

568 4535 641 4586 alatt
653 4553 660 4602 ;
678 4552 696 4588 a
707 4537 792 4588 budai
804 4538 858 4588 kir.
871 4538 1000 4589 kamarai
1010 4539 1206 4604 leveltarban.)

754 4699 1021 4713 u--t—fl———q
