3168 5150
652 335 812 438 ...¹.¹....

171 531 334 618 possessio
349 531 427 601 ville
443 531 610 620 Donouch,
627 538 659 600 et
673 539 864 619 patronatus
881 532 1065 618 Monasterij
1084 531 1214 602 deseth
1225 555 1296 601 cnm

169 642 236 708 suis
253 640 450 708 utilitatibus
467 647 499 708 et
514 639 725 728 pertinencijs
741 640 936 710 hereditario
955 643 1023 709 inre
1055 661 1205 726 possessa
1237 662 1295 727 per

170 748 355 817 iohannem
371 749 525 816 Comitem
544 756 576 817 et
592 749 678 816 filios
696 768 771 816 suos
789 755 987 835 prenotatos,
1012 750 1168 818 curriculo
1200 752 1293 838 parui

167 856 322 943 temporis
337 857 381 924 ad
397 857 541 942 regimen
559 853 692 925 Comitis
706 856 835 924 Nicolai
851 857 979 926 Sinistri
995 857 1193 945 deuoueret3
1211 858 1298 926 idem

164 963 364 1032 karissimus
385 970 603 1050 paternoster
620 963 1011 1052 circumspectastilitate
1036 963 1138 1052 ipsius
1171 986 1300 1052 posses·
1324 1003 1327 1010 .

169 1072 274 1139 sionis
289 1079 323 1139 et
340 1077 533 1158 patronatus
548 1073 737 1160 hlonasterij
750 1073 914 1159 antedicti,
934 1072 1020 1139 dioto
1032 1069 1150 1140 Comiti
1160 1072 1297 1140 Nicolao

167 1182 201 1247 in
217 1181 442 1249 concambium
460 1181 636 1250 eorundem
655 1181 789 1249 contulit
804 1187 837 1248 et
853 1180 945 1248 dedit
976 1181 1058 1247 duos
1089 1180 1199 1266 villas,
1232 1183 1297 1247 lllo·

165 1286 244 1354 nied
260 1287 412 1356 videlieet
429 1297 462 1356 et
478 1285 654 1356 Scederees
671 1296 815 1369 vocatas,
847 1288 979 1356 adiecta
996 1289 1129 1373 insuper
1145 1309 1208 1355 non
1229 1310 1296 1356 mo·

175 1395 251 1462 dica
267 1397 402 1481 pecunie
417 1395 608 1480 quontitate.
634 1395 855 1466 Oonsideratis
872 1401 983 1482 itaque
999 1395 1086 1464 idem
1106 1395 1301 1466 karissimus

176 1510 271 1589 pater
296 1511 406 1571 noster
431 1509 463 1572 ct
493 1508 637 1590 pensatis
667 1503 880 1575 fidelitatibus
911 1525 951 1573 ae
982 1503 1135 1590 seruicijs
1166 1504 1302 1574 Comitis

173 1609 274 1678 sone
291 1617 324 1678 et
338 1611 472 1678 fratrum
489 1632 628 1696 snorum,
646 1621 845 1702 congregata
862 1610 904 1680 ad
915 1612 1050 1679 eandem
1062 1612 1301 1698 possessionem

175 1719 332 1786 Donouoh
348 1717 556 1786 multitudine
572 1722 763 1806 populorum
782 1721 843 1788 snb
873 1719 1002 1788 nomine
1034 1726 1067 1786 et
1097 1720 1302 1804 proteccione

174 1827 290 1915 Regia,
308 1827 452 1894 restituit
469 1827 604 1910 eisdem,
621 1833 717 1913 prout
732 1837 831 1896 antea
846 1829 917 1896 iure
935 1826 1130 1895 hereditario
1154 1827 1301 1912 posside·

174 1933 496 2021 tant.veru1nquia
523 1935 608 2002 idern
641 1936 756 2002 Comes
786 1933 884 2004 Selhe
915 1933 1044 2003 uiuente
1074 1931 1180 2001 adhuc
1210 1942 1303 2022 patre

175 2051 287 2112 nostro
304 2044 490 2134 karissimo,
517 2052 650 2132 propter
665 2045 842 2133 specialem
869 2047 937 2114 eius
969 2044 1178 2113 dilectionem
1209 2043 1303 2113 nobis

177 2153 295 2221 multas
311 2153 449 2219 iniurias
466 2160 499 2220 et
515 2153 767 2238 ingratitudines
783 2153 943 2222 interebat
959 2175 967 2238 3
1002 2150 1185 2224 omnimode
1200 2152 1303 2219 inten-

177 2261 280 2330 cionis
296 2265 404 2328 nostre
420 2268 500 2348 erat,
515 2261 622 2346 ipsum
640 2261 680 2330 de
696 2262 843 2348 predicta
860 2259 1070 2347 possessione
1085 2260 1244 2330 Donouch
1270 2265 1304 2328 et

175 2373 350 2455 patronatu
366 2369 556 2454 hlonasterij
574 2369 614 2437 de
631 2369 728 2437 Soeth
745 2369 915 2438 eliminare
931 2375 963 2437 et
977 2370 1109 2456 penitus
1126 2369 1300 2456 extirpare.
1390 2369 1393 2374 ’

178 2475 244 2544 Sed
260 2475 337 2560 quia
353 2475 426 2543 fidei
443 2483 553 2546 nostre
570 2476 717 2544 nolentes
734 2496 806 2545 esse
831 2481 1103 2561 transgressores,
1135 2481 1167 2543 et
1198 2477 1304 2544 multi-

178 2575 279 2670 plicia
298 2605 337 2651 ao
352 2585 463 2652 fidelia
478 2585 619 2682 seruicia
643 2585 779 2653 fratrum
811 2605 943 2654 snorum
974 2583 1095 2672 pietate
1125 2586 1231 2670 Regia
1262 2585 1306 2651 ad

178 2693 323 2760 animum
338 2693 582 2780 reuocauimur3
606 2693 807 2781 sepedictam
824 2693 1061 2784 possessionem
1079 2693 1245 2778 Donouch,
1272 2701 1305 2759 et

176 2807 387 2886 patronatum
402 2801 590 2886 Monasterij
609 2805 650 2872 de
666 2803 746 2870 Seth
761 2823 833 2870 enm
865 2804 933 2872 suis
964 2801 1179 2890 appendicijs,
1209 2806 1306 2889 prout

177 2910 209 2975 in
227 2909 402 2996 priuilegio
418 2911 554 2996 predicti
571 2909 673 2995 patris
688 2913 789 2978 nostri
806 2909 973 2999 karissimi
1005 2908 1134 2994 plenius
1165 2907 1305 2977 uidimus

179 3017 347 3104 contineri,
374 3019 446 3106 sihi,
479 3025 511 3086 et
526 3020 593 3086 suis
610 3017 795 3106 heredibus,
827 3017 1048 3101 heredumque
1064 3018 1304 3085 successorihus

178 3124 369 3210 reliquimus
385 3131 418 3191 et
433 3124 641 3209 permisimus
657 3123 919 3194 inreuooahiliter
934 3123 1112 3213 possidere,
1138 3128 1305 3208 presentes

181 3231 344 3318 dupplieis
360 3229 460 3316 sigilli
476 3232 577 3299 nostri
593 3231 772 3300 monimine
786 3232 979 3302 roborando.
1019 3232 1138 3298 Datum
1156 3251 1214 3317 per
1239 3251 1306 3297 ma·

179 3363 239 3412 nus
254 3341 405 3428 Magistri
421 3342 588 3411 Benedicti
604 3343 763 3429 Prepesiti
780 3343 982 3424 Orodiensis,
998 3343 1073 3409 anle
1089 3347 1198 3410 nostre
1213 3339 1306 3409 Vice-

182 3452 390 3540 (laneellarij,
407 3453 519 3521 dilecti
535 3457 567 3519 et
581 3449 809 3541 fidelisnostri,
820 3473 907 3520 anno
917 3451 1048 3519 Domini
1058 3449 1308 3519 M⁰OG⁰LXIX⁰

182 3559 420 3648 (helyesohben
439 3557 562 3647 lete),
578 3559 686 3644 Regni
701 3565 810 3628 autem
825 3560 927 3629 nostri
943 3580 1029 3627 anno
1054 3560 1169 3646 primo.
1206 3555 1306 3625 Vene-

180 3670 339 3738 rabilibus
356 3668 501 3755 patribus
527 3665 675 3754 Philippo
701 3667 929 3757 strigoniensi,
961 3668 1010 3734 St.
1043 3667 1223 3750 Golooensi,
1254 3665 1308 3733 Jo-

179 3778 287 3844 hanne
313 3777 499 3861 Spalatensi
531 3773 843 3864 (Archiepiscopis);
864 3775 926 3844 Job
959 3773 1308 3860 Quinqueecclesiensi,

177 3885 329 3972 Philippo
345 3883 521 3971 Waeiensi,
538 3883 733 3951 Lodomerio
749 3881 969 3969 waradiensi,
986 3881 1177 3948 'l'himotheo
1187 3881 1308 3965 Zagro-

177 3993 281 4061 hiensi
298 3992 468 4078 Episcopie
484 3991 650 4059 Ecclesiae
665 3991 727 4058 Dei
757 3991 1034 4077 gubernantibus;
1057 3987 1176 4075 Egidio
1200 3986 1304 4071 hlagi·

179 4109 248 4171 stro
263 4101 544 4186 Tawernicornm,
562 4101 655 4186 hloys
686 4101 849 4188 Palatino,
882 4097 1016 4166 Inaneh
1047 4097 1148 4183 Bano,
1178 4093 1308 4163 Matheo

177 4207 619 4297 WoynodaTranssiluanu,
651 4214 684 4275 et
712 4207 789 4297 alijs
821 4227 918 4293 quam
949 4205 1095 4293 pluribus
1128 4204 1308 4273 Comitatus

173 4317 282 4401 Regni
298 4318 404 4384 nostri
420 4317 608 4386 tenentibus
625 4324 657 4382 et
671 4316 819 4385 honores.

176 4445 214 4508 (Δ
231 4445 329 4498 vtradi
343 4445 525 4500 konusutnelr
541 4445 652 4496 tett-ki
665 4443 827 4509 ttirattbol,
847 4443 984 4496 eldmelt.
1001 4443 1121 4507 herezag
1134 4439 1307 4506 Eszterhtzy

584 4535 680 4589 caaltd
696 4533 912 4600 levelttntban.)
