3068 5150
546 361 706 458 *4¹3-

72 554 237 642 Episcopus
253 556 483 641 Zugrabiensis
500 557 601 642 possit
618 564 651 624 et
676 554 795 624 debeat
828 554 932 642 ipsurn
965 553 1100 622 fundum
1131 575 1189 620 seu

71 661 165 728 locum
197 664 321 731 munire
337 700 616 714 -----
636 685 695 751 pro
713 663 867 731 iratribus
894 663 1040 731 Ecclesie
1066 683 1134 750 sue,
1149 683 1190 730 ne

71 779 190 856 propter
205 773 401 839 vacuitatem
418 773 521 860 ipsius
537 773 625 840 curie
649 773 701 839 vel
718 770 822 856 fundi,
853 789 924 838 oum
958 769 1125 838 desolatus
1157 776 1190 836 et

69 897 178 944 vacuus
195 879 387 948 remanserit
403 881 552 974 evdecem
569 881 665 948 annis
682 881 814 967 etcitrc,
836 879 1022 947 'leotonicis
1041 879 1092 946 vel
1111 878 1188 944 eliis

72 983 199 1054 inimicis
215 1007 274 1054 seu
290 1009 405 1056 nocere
432 989 613 1056 uolentibus
644 1009 703 1075 per
733 989 839 1074 ipsum
871 990 941 1056 loeo
974 985 1188 1070 Zegrabiensi

70 1092 166 1160 editus
196 1104 309 1181 pateat
323 1097 366 1163 ad
382 1097 571 1166 nocendum.
589 1098 743 1167 Volentes
759 1096 990 1165 nichilominus
1007 1105 1039 1163 et
1055 1095 1189 1162 firmiter

72 1203 284 1290 precipientes,
303 1210 462 1290 quatenus
479 1208 590 1274 nullus
607 1207 718 1274 Bonus
735 1228 793 1294 pro
810 1213 953 1292 ternpore
985 1203 1187 1287 constitutus,

70 1309 177 1378 lictum
209 1314 407 1402 Episcopum
423 1315 679 1401 Zagrabiensem
696 1318 748 1384 vel
767 1317 837 1384 eius
855 1315 1038 1402 Capitulum
1056 1313 1185 1381 racione

69 1419 226 1505 prescripti
243 1420 336 1489 fundi
354 1424 510 1510 molestet,
526 1426 578 1492 vcl
596 1430 764 1508 presumat
780 1424 813 1490 in
846 1424 956 1508 aliquo
988 1422 1185 1509 perturbere,

68 1524 91 1590 si
104 1527 235 1612 Regiam
262 1529 399 1597 uoluerit
414 1530 560 1616 effugere
576 1533 746 1600 ulcionem.
762 1527 801 1597 In
823 1533 915 1599 cuius
931 1531 978 1598 rei
994 1529 1184 1596 memoriam

70 1639 96 1697 et
108 1641 294 1722 perpetuom
310 1637 494 1704 firmitatem
511 1645 678 1724 presentes
693 1635 944 1727 (eon)eessimus
970 1638 1096 1706 litteras
1127 1637 1185 1704 du·

70 1741 153 1826 plicis
180 1743 285 1830 sigilli
317 1745 419 1812 nostri
449 1746 626 1814 munimine
658 1749 837 1815 roboratas.
857 1748 978 1814 Datum
995 1768 1054 1832 per
1070 1767 1186 1814 manus

70 1849 249 1920 uenerabilis
265 1853 369 1938 petris
402 1853 537 1942 Thome,
570 1855 631 1923 Dei
662 1855 774 1939 grecie
805 1854 960 1942 Episcopi
992 1853 1184 1939 Weciensie,

69 1959 140 2026 lule
171 1967 281 2030 nostro
297 1961 503 2048 Cancellarii,
530 1961 640 2031 dilecti
658 1970 690 2031 et
705 1960 813 2030 ederis
829 1961 931 2030 nostri
947 1981 1035 2028 anno
1053 1961 1183 2028 Domini

69 2064 152 2133 MCC.
169 2071 393 2153 octuagesimo
410 2077 535 2157 quarto,
552 2072 690 2158 septimo
707 2072 780 2140 idus
805 2069 906 2152 lunii,
938 2070 1044 2154 Regni
1075 2075 1183 2136 cutem

70 2175 159 2242 nostri
176 2197 262 2244 unno
283 2177 484 2246 duodecimo.

114 2372 270 2442 (chlcsics,
290 2377 415 2429 Menum.
435 2378 571 2428 historica
590 2378 682 2443 Epioe.
701 2377 894 2443 Zegrcbiensis
914 2380 937 2431 1.
957 2379 1015 2430 kur.
1038 2383 1097 2430 211.
1117 2379 1148 2443 l.)

485 2659 751 2674 Μ

584 3199 659 3269 347.

70 3391 116 3458 IV.
131 3395 239 3464 Loezld
254 3399 366 3484 leireily
385 3400 480 3464 Peter*
495 3403 613 3465 reeelre
629 3401 761 3466 ktcdou
778 3400 974 3486 orlomdnyc‘t
998 3403 1179 3468 vicocecoru-

68 3503 133 3586 ven,
151 3503 262 3571 Horlcc
280 3508 476 3592 meolfoldet
502 3509 608 3592 Frctop
634 3519 744 3573 mester
764 3509 899 3590 ficiculo
930 3510 1179 3593 odorrrrr'cpozzu.

567 3617 662 3681 1284.

120 3805 211 3862 OEnzei
231 3809 406 3874 Okmlnytlr
425 3811 462 3860 Il.
481 3811 539 3861 kot.
562 3815 601 3861 16.
621 3811 677 3875 lep.
710 3813 791 3876 ngy
823 3812 897 3862 lmre
915 3811 1118 3876 koelemtnye.)

161 4785 257 4827 ΙΟΧΠΙ.
271 4789 353 4828 num.
369 4791 439 4828 nunu.
462 4799 498 4811 ····
522 4791 593 4830 nuru.
609 4792 676 4830 1111.
