3096 5160
787 297 946 398 jap—

304 492 409 559 adhue
424 513 488 558 non
506 500 724 578 exposuerant
739 494 933 580 venditioni,
963 493 1059 562 cessit
1075 502 1108 561 et
1123 495 1282 563 remansit
1298 495 1433 565 Kiliano

303 606 336 666 et
351 601 474 668 Jaoobo
489 600 565 686 fitijs
581 600 723 688 Kiliani3
748 603 854 687 Petro,
870 601 934 670 Sur
949 609 982 670 et
998 602 1129 668 Andree
1144 603 1224 690 filijs
1241 603 1359 672 Jaoobi
1376 626 1433 690 pa·

303 706 459 776 truelibus
474 707 508 772 in
525 717 717 793 perpetuum
733 709 868 795 panitiae
883 707 1091 796 possidenda.
1132 709 1203 778 Hoa
1234 717 1346 778 tamen
1378 729 1433 778 ex-

303 834 430 902 presso,
447 813 534 898 quod
550 815 593 882 ab
610 817 760 885 omnibus
786 816 1037 902 impetitoribus,
1063 835 1255 904 quoeunque
1285 819 1433 906 peroinm

305 923 490 1011 impetente,
505 943 604 1012 super
620 926 708 993 santo
723 930 809 993 terre
833 925 921 994 Bika
952 933 1088 1010 utraque
1118 946 1195 1012 pars
1226 945 1262 996 se
1293 925 1435 994 inuioem

305 1031 526 1117 communiter,
539 1033 692 1100 videlieet
707 1035 868 1101 communi
883 1053 956 1101 oum
972 1033 1087 1101 labore
1103 1041 1135 1101 et
1158 1035 1310 1120 expensis
1341 1041 1434 1103 tene·

305 1147 357 1208 tur
373 1138 539 1225 expedire,
569 1139 743 1210 defendere
759 1139 893 1210 obtueri
907 1161 1034 1228 semper
1050 1147 1084 1210 et
1114 1141 1244 1229 ubique,
1276 1144 1361 1212 siout
1391 1144 1436 1210 ad

305 1249 366 1315 hoo
381 1254 490 1333 partes
506 1268 542 1317 se
558 1249 744 1333 obligarunt
760 1257 939 1336 spontanea
954 1251 1128 1318 voluntate.
1166 1249 1237 1317 Hoo
1262 1273 1327 1318 non
1359 1271 1437 1336 pre·
1546 1305 1547 1318 ,

306 1356 465 1438 termisso,
497 1357 582 1442 quod
598 1358 805 1442 supradictas
822 1358 935 1426 denem
952 1377 1079 1426 mareas
1095 1359 1312 1444 prenominati
1328 1359 1438 1427 Comi-

306 1471 356 1534 tes
370 1462 544 1532 Ladintens
560 1472 592 1532 et
608 1465 765 1532 Nioolaus
782 1464 902 1534 debent
917 1465 1054 1532 reddere
1070 1471 1102 1532 et
1127 1464 1298 1534 refundere
1329 1467 1439 1551 predi-

307 1573 367 1640 otis
383 1573 548 1641 Demetrio
565 1581 598 1641 et
614 1573 779 1660 Stephano
795 1575 872 1660 fitijs
886 1573 1011 1642 Mathei
1037 1575 1071 1641 in
1101 1573 1261 1658 vigesimo
1292 1577 1438 1643 morundo

308 1681 362 1748 die
379 1679 631 1768 Epiphaniamm
649 1682 782 1748 Domini
798 1701 908 1749 eoram
934 1681 1028 1749 nobis
1044 1681 1077 1747 in
1110 1681 1274 1766 condigna
1304 1682 1439 1750 estima-

309 1788 547 1876 oionepartim,
561 1795 593 1858 et
608 1791 728 1876 partim
744 1791 778 1858 in
794 1791 939 1876 denarijs
956 1791 1137 1874 banalibus,
1156 1810 1215 1857 sex
1230 1807 1354 1875 pensas
1371 1812 1436 1877 pro

311 1916 423 1964 maroa
440 1895 672 1982 computando;
695 1898 890 1982 adquorum
906 1899 1037 1982 quidem
1054 1915 1113 1965 sex
1128 1915 1303 1983 pensaram
1326 1917 1441 1964 nume·

308 2025 377 2072 rum
403 2005 459 2072 fiet
490 2003 657 2070 estimaoio
688 2001 886 2088 supradieta.
927 2005 1084 2092 Dicimus,
1114 2003 1199 2088 quod
1232 2009 1343 2088 partes
1377 2007 1440 2072 snb

309 2111 422 2178 eadem
441 2131 526 2196 pena
542 2112 778 2197 qninquaginta
803 2131 987 2180 marearum
1017 2113 1158 2178 tolerant
1188 2119 1221 2179 et
1250 2113 1442 2180 tolerabunt

313 2221 374 2286 hoo
390 2219 558 2288 arbitrium
574 2220 607 2286 in
623 2227 691 2288 toto
707 2222 759 2288 vel
775 2221 809 2286 in
827 2209 931 2308 parte,
954 2219 1040 2287 siout
1056 2219 1204 2304 superius
1235 2219 1440 2306 deelaratnr,

310 2332 342 2394 et
357 2325 461 2392 seiam
478 2325 512 2392 in
528 2327 769 2396 memorialibus
785 2327 903 2394 nostris
917 2327 1047 2395 litteras
1063 2325 1224 2413 prioribus
1235 2328 1442 2409 eontinetnr3

310 2433 519 2500 nihilominus
536 2435 680 2516 utrisque
696 2436 855 2522 partibus,
870 2454 891 2500 a
906 2435 1001 2502 modo
1018 2436 1113 2504 simul
1129 2435 1181 2502 vel
1198 2454 1256 2521 per
1272 2455 1308 2502 se
1323 2435 1367 2501 ad
1379 2455 1443 2502 nos

309 2537 516 2608 redeuntibus
532 2541 641 2608 littera
657 2541 891 2628 componenti,
908 2541 1057 2610 dabimus
1069 2539 1279 2626 priuilegium
1291 2550 1444 2609 nostrum

310 2645 487 2716 seeundum
503 2653 648 2715 tenorem
665 2647 870 2732 presencium
902 2649 1094 2716 litterarum.
1134 2649 1298 2734 Sepedioti
1328 2655 1445 2718 autem

309 2755 368 2842 titij
386 2755 508 2823 Mntbei
526 2755 600 2824 bnio
616 2755 712 2823 totali
728 2755 862 2823 arbitrio
877 2755 911 2822 in
927 2755 1017 2823 nullo
1034 2758 1165 2844 penitus
1176 2755 1446 2826 nontradioentes

311 2886 368 2951 per
384 2863 493 2930 omnia
509 2869 543 2930 et
557 2864 689 2950 singula
705 2871 774 2930 tum
790 2883 984 2932 eonsensum
1000 2866 1195 2932 beneuolum
1221 2863 1449 2934 adhibuerunt

311 2975 542 3059 approbantes.
566 2975 688 3040 Datum
704 2971 738 3038 in
754 2973 839 3040 sesto
857 2972 958 3040 Beate
973 2973 1120 3059 Virginis
1146 2972 1324 3042 Catherine
1350 2995 1448 3041 anno

310 3081 441 3150 Domini
458 3080 630 3149 millesimo
645 3079 865 3148 ducentesimo
882 3083 1092 3166 nonagesimo
1107 3081 1221 3166 primo.

347 3279 384 3340 (A
403 3280 478 3344 poesi
497 3280 690 3344 kdptalannek
712 3279 823 3329 rauu-ki
841 3277 1006 3338 dtiratatbbl,
1026 3279 1099 3330 mint
1118 3279 1202 3332 altbb
1221 3283 1283 3332 444.
1304 3295 1344 3332 ez.
1370 3281 1412 3348 a.)
