3112 5154
613 317 775 418 1—2-3-9—

120 514 241 584 cedeus
257 513 353 582 uenit
365 513 410 580 ad
425 513 513 580 riam
529 531 625 582 eruce
641 512 822 598 signatam
845 509 922 579 inde
936 512 971 578 in
986 512 1041 580 nia
1058 511 1201 580 declinat
1215 515 1262 582 ad

125 629 241 690 metam
256 627 402 690 terream
417 621 516 703 sitam
533 619 624 688 iuxta
639 621 774 688 fluuium
791 619 988 706 Jawarawa,
1011 618 1045 686 in
1062 639 1125 705 quo
1151 639 1263 706 proce·

126 730 202 798 dens
218 730 374 816 superius
390 729 425 796 in
442 727 570 798 modico
586 727 700 814 spacio
715 727 804 796 uenit
819 725 864 796 ad
879 725 1043 814 quendam
1059 727 1210 816 riuulum,
1226 729 1262 797 in

124 857 185 920 quo
200 835 342 904 tendens
358 836 510 922 superius
526 835 755 902 iuxtaterram
771 833 914 902 filiorum
932 833 1084 902 Guerden
1116 836 1183 904 exit
1215 838 1260 904 ad

122 948 243 1010 metam
259 950 420 1028 terream;
445 942 524 1008 inde
550 941 642 1008 iuxta
673 940 792 1008 siluam
825 959 940 1008 uersus
970 949 1097 1027 partem
1127 943 1261 1011 orientis

124 1035 307 1139 procedens
324 1049 416 1128 uenit
430 1048 475 1116 ad
489 1047 640 1116 arborem
656 1048 717 1114 has
743 1049 1000 1131 crucesignatum
1033 1057 1120 1117 meta
1152 1058 1261 1118 terrea

122 1157 374 1242 circumfusam
398 1155 475 1224 inde
489 1155 534 1222 ad
549 1156 649 1223 aliam
681 1157 832 1224 arborem
863 1154 946 1224 haas
977 1157 1260 1242 crucesignatam;

123 1265 198 1330 inde
214 1285 277 1351 per
292 1265 413 1332 siluam
444 1263 625 1350 procedens
655 1281 769 1332 uersus
799 1263 1061 1349 septemtrionem
1094 1265 1185 1332 uenit
1216 1264 1260 1332 ad

121 1371 273 1438 arborem
289 1369 348 1438 bik
364 1369 642 1454 eruoesiguatam3
666 1369 742 1438 indo
758 1369 880 1436 direote
898 1370 987 1437 uenit
1002 1371 1046 1437 ad
1062 1381 1181 1438 metam
1198 1380 1259 1442 ter·

121 1498 231 1560 ream5
253 1475 393 1552 indeed
410 1475 538 1564 siloam,
554 1477 589 1543 in
605 1497 670 1562 qua
687 1477 866 1562 procedens
881 1497 940 1564 per
966 1477 1138 1545 continuas
1168 1481 1262 1548 arbo·

121 1606 173 1654 res
189 1584 439 1669 crucesignatus
457 1585 550 1652 iuxta
566 1590 685 1652 terram
711 1583 851 1668 predicti
883 1583 1042 1671 Stephani
1073 1585 1107 1652 in
1139 1607 1259 1672 magno

122 1693 237 1781 spacio
253 1692 347 1759 uenit
362 1692 405 1758 ad
421 1689 571 1759 arborem
587 1691 660 1758 ibor
677 1691 938 1774 crucesignatam
954 1699 1042 1758 meta
1066 1697 1173 1760 terreo
1200 1693 1258 1760 oir-

122 1800 317 1887 onmfusam,
332 1799 388 1866 ubi
403 1799 568 1868 vicinatur
584 1805 668 1868 terre
682 1799 800 1867 Jacobi
816 1799 875 1886 filij
894 1799 1018 1886 Stepk;
1043 1799 1119 1868 inde
1146 1820 1259 1868 uersus

124 1918 254 1994 partem
271 1908 409 1976 orientis
424 1927 483 1994 per
498 1908 632 1976 arbores
646 1908 893 1994 crucesignatos
909 1907 1090 1994 procedens
1108 1911 1197 1976 uenit
1213 1909 1257 1976 ad

121 2020 274 2086 arborem
291 2022 410 2101 garten
426 2015 683 2102 crucesignatum
698 2041 706 2102 3
727 2016 804 2082 inde
820 2016 855 2082 iu
872 2005 1156 2084 commetaneitate
1172 2025 1258 2084 terre

122 2125 203 2192 dieti
220 2124 382 2211 Stephani
398 2143 456 2209 per
472 2123 643 2191 continuas
660 2124 793 2192 arbores
809 2125 1053 2208 crucesignatos
1070 2125 1104 2191 in
1135 2144 1254 2209 magno

123 2235 239 2316 spacio
258 2238 346 2300 venit
362 2233 406 2298 ad
422 2233 565 2316 priorem
581 2240 708 2316 metam,
735 2232 845 2316 ibique
861 2216 1062 2300 terminatur.
1099 2233 1138 2298 In
1164 2233 1256 2300 cuius

121 2339 331 2408 uendicicnis
347 2340 536 2406 memoriam
552 2341 731 2424 pleniorem
748 2347 781 2406 et
796 2340 893 2407 robur
907 2346 1078 2428 presentes
1094 2341 1257 2408 eoncessi-

119 2468 196 2516 mus
212 2447 315 2533 sigilli
344 2445 446 2514 nostri
476 2447 660 2532 patrocinio
694 2448 917 2516 communitas.
957 2449 1081 2514 Daturn
1112 2448 1145 2514 in
1176 2449 1258 2516 festo

119 2556 219 2624 Beati
235 2555 397 2625 Jobannis
413 2555 561 2640 Baptiste
577 2575 663 2622 anno
679 2556 809 2621 Domini
826 2555 1059 2624 M⁰OO⁰LXX⁰
1074 2563 1200 2622 octauo.

114 2752 268 2815 (madetis
286 2752 471 2818 bdrhtrtydm
490 2753 621 2816 melynek
640 2751 763 2836 peosetje
782 2753 1035 2804 viriis-ieher-zdld
1059 2753 1257 2818 selyemzsinb·

324 2857 378 2893 ron
397 2842 485 2908 fiigg;
504 2856 522 2892 a
540 2841 627 2894 budai
646 2842 699 2892 iric.
719 2843 847 2894 kamarai
864 2841 1059 2904 levdltdrban.)

561 3128 828 3140 m

662 3662 737 3731 199.

117 3867 153 3932 Α
170 3869 328 3933 caaarmar'
344 3867 574 3950 keptaieeeat
589 3869 865 3958 biacoyadpleoete,
897 3875 979 3960 kopp
995 3875 1110 3961 Epyed
1125 3877 1259 3964 Rappo-

114 3973 254 4057 eatfia
270 3977 303 4042 da
318 3973 482 4042 Demoleos
497 3977 710 4060 Ivdanakfia
742 3979 916 4065 radlejr'tlret
946 3981 1079 4049 eladtdlo
1114 3983 1256 4050 Odovicb

542 4088 725 4151 -ccrnearrrlc
749 4087 844 4154 1278.

233 4277 302 4343 Nos
318 4273 504 4362 Capitulum
520 4277 728 4346 Obuzmensis
743 4281 889 4348 Ecclesia
913 4289 1024 4350 tencre
1055 4284 1258 4366 presencium

117 4381 347 4470 significamus
362 4383 479 4466 quibus
496 4383 627 4470 expedit
643 4389 812 4474 uniuersis,
845 4388 932 4472 quod
949 4387 1065 4473 Egidio
1097 4388 1163 4456 filio
1193 4392 1258 4457 Ra·

115 4511 224 4580 guyn,
257 4497 291 4559 et
306 4489 478 4558 Dominieo
493 4493 559 4560 filio
577 4493 668 4562 Iuran
684 4503 907 4584 aporema,
938 4499 980 4565 ab
1012 4497 1117 4564 altera
1148 4505 1258 4566 eutem

116 4601 251 4669 Gemite
267 4597 416 4668 Odouich
433 4600 498 4667 filio
515 4599 646 4688 surgun
661 4611 728 4671 tam
745 4623 804 4692 pro
819 4621 855 4671 se
870 4623 967 4689 quam
983 4625 1041 4692 pro
1057 4603 1142 4693 Elya
1157 4606 1258 4675 fratre
