3124 5152
636 1203 713 1272 268.

121 1460 263 1526 licemini
278 1445 411 1541 Maria,
424 1457 537 1525 Osaero
552 1457 730 1524 dalmatiai
739 1460 839 1544 szipct
846 1457 969 1546 prdfja,
981 1459 1110 1546 httsdpet
1117 1455 1224 1546 fopal

365 1593 385 1634 a
401 1567 553 1634 celcncaec'
568 1567 852 1654 lcdztdrsnsdpnnk.
877 1568 977 1635 1280.

212 1817 428 1888 MCCLXXX.
460 1817 535 1885 VII.
566 1825 705 1886 exeunte
736 1817 862 1904 Martio,
899 1815 1075 1886 indictione
1105 1823 1231 1884 octava.

119 1929 187 1994 Post
200 1935 319 1995 cartam
336 1927 565 2010 concessionis,
582 1946 679 2010 quam
696 1946 753 1993 vos
770 1925 901 1994 domine
917 1925 1062 1994 loannes
1078 1925 1232 1993 Danrdulo

119 2037 186 2102 Dux
199 2035 405 2102 Venetiarum
422 2041 454 2101 et
470 2055 540 2104 oum
553 2035 669 2102 vestris
680 2033 850 2101 ludicibus
865 2039 897 2100 et
912 2032 1122 2120 Sapientibns
1138 2035 1234 2100 vestri

120 2140 252 2232 Consilii,
267 2142 445 2229 populique
461 2141 668 2210 venetiarum
680 2141 931 2230 collaudatione,
950 2149 982 2211 et
997 2143 1236 2210 successoribus

119 2252 225 2318 restris
241 2248 339 2316 michi
362 2251 490 2316 Marino
506 2251 697 2318 Mauroceuo
714 2249 830 2317 Comiti
845 2249 1020 2318 duserensi
1035 2249 1159 2318 lecistis
1175 2249 1236 2317 hoc

119 2377 205 2442 supra
219 2357 341 2442 scripto
357 2377 444 2424 nuno
460 2363 618 2424 otmense
650 2377 707 2442 per
738 2357 993 2443 suprascriptam
1023 2357 1235 2424 indictionem

120 2467 147 2532 iu
163 2466 321 2552 Rivoalto,
336 2483 394 2551 per
410 2485 506 2550 quarn
521 2465 618 2532 michi
639 2465 774 2534 dedistis
785 2471 816 2532 et
828 2467 1034 2534 concessistis
1051 2465 1236 2534 universnm

25 2657 26 2664 ἵ
119 2570 298 2641 Comitstnm
315 2573 430 2640 Auseri
446 2593 516 2640 oum
535 2573 643 2640 insula
657 2571 837 2660 Leporaria
853 2581 886 2641 et
901 2574 1035 2644 Aurioln
1055 2583 1087 2642 et
1097 2575 1236 2642 Sarhoa·

118 2701 156 2748 na
169 2689 199 2749 et
228 2681 341 2748 esteris
371 2680 487 2748 insulis
519 2679 661 2748 eiusdem
692 2679 883 2768 Comitatus,
899 2683 1075 2752 secuudum
1092 2683 1177 2768 quod
1194 2682 1236 2749 ad

119 2788 282 2856 Commune
298 2786 508 2855 Veneriorum
525 2796 557 2855 et
573 2789 614 2854 ad
632 2788 737 2874 ipsum
758 2789 953 2858 Comitatum
984 2791 1132 2878 pertinet,
1164 2810 1235 2857 cum

119 2897 256 2964 omnibus
272 2896 431 2965 reditibus
448 2903 481 2964 et
495 2895 752 2965 honorificentiis
767 2899 810 2966 ad
827 2899 945 2966 dictum
957 2896 1151 2966 Comitatum
1167 2920 1235 2986 pcr-

118 3005 294 3090 tinentibus,
310 3007 405 3072 salua
421 3005 556 3090 Regalis
571 3011 681 3093 vestra
711 3027 771 3094 per
802 3009 920 3086 omnia,
938 3015 972 3074 et
1001 3007 1062 3093 his,
1094 3027 1157 3092 qne
1189 3008 1232 3074 ad

121 3114 270 3181 Duostum
304 3120 447 3182 vestrum
477 3112 650 3199 pertinent,
675 3119 707 3180 et
736 3114 914 3184 rationibus
947 3114 1172 3201 Ecclesiarum,
1205 3123 1237 3182 et

119 3222 253 3309 exceptis
267 3221 384 3290 insulis
399 3221 475 3310 Nic,
492 3220 643 3307 Scnsigo,
661 3221 830 3290 Canidnlis
846 3230 878 3290 et
894 3223 1039 3311 Nenmis,
1057 3241 1138 3307 quas
1156 3223 1235 3289 milri

117 3348 173 3396 nou
201 3331 416 3412 concessistis,
432 3334 464 3396 et
480 3329 521 3397 de
537 3328 583 3396 eis
599 3330 690 3396 nullo
716 3330 810 3398 modo
828 3330 931 3400 debeo
948 3353 999 3400 mc
1013 3331 1237 3414 intromittere,

118 3445 316 3524 propterque
332 3437 526 3506 Comitatum
542 3437 723 3524 predictum
740 3445 772 3506 et
787 3439 1027 3526 suprascriptos
1053 3441 1123 3508 eins
1148 3439 1236 3508 iusu-

120 3544 161 3611 las
186 3567 309 3635 regere,
340 3566 535 3616 conservare
565 3567 605 3614 ac
621 3553 789 3616 manutere
820 3555 852 3615 et
868 3549 1040 3618 defensare
1060 3549 1171 3636 debeo,
1193 3550 1236 3619 ad

121 3661 250 3722 oneum
281 3657 448 3741 vestrique
479 3654 665 3724 Communis
695 3655 859 3742 honorem,
875 3664 908 3724 et
937 3657 1041 3743 ipsius
1058 3655 1236 3728 Comitatus

119 3764 288 3844 utilitatem,
298 3764 475 3832 secundum
492 3763 757 3832 consuetudinem
772 3767 891 3832 bonam
908 3765 950 3830 ab
967 3763 1117 3832 omuibus
1132 3765 1233 3833 homi-

119 3870 201 3942 uibus
215 3881 249 3941 et
263 3873 352 3940 omui
367 3878 463 3958 gente
477 3872 549 3939 sine
565 3877 673 3940 restro
699 3878 945 3955 vestrorumque
960 3891 1184 3940 successorum
1202 3881 1233 3940 et

119 3977 293 4049 Communis
308 3979 410 4048 vestri
425 3979 558 4066 auxilio,
574 3979 720 4066 exeeptis
737 3982 900 4049 coronatis
910 3981 1058 4068 personis
1074 3987 1232 4048 eteorum

120 4089 251 4158 exercitu
281 4087 453 4157 manifesto
484 4087 556 4156 sine
587 4087 704 4156 fraude
735 4095 767 4158 et
797 4089 884 4157 malo
924 4091 1075 4174 iugeno;
1109 4107 1233 4155 mecum

119 4213 233 4284 qunque
248 4198 371 4266 hahere
386 4201 419 4264 ct
434 4196 564 4264 nouere
588 4196 690 4264 debeo
707 4198 819 4265 decem
836 4199 1067 4266 convenienter
1083 4205 1235 4276 armatos

121 4305 193 4374 iuter
207 4327 289 4392 quos
304 4305 426 4374 habere
442 4312 474 4373 et
488 4313 596 4374 trnero
612 4304 715 4375 debeo
747 4326 847 4374 uuum
871 4305 1071 4375 sufficientem
1102 4305 1234 4373 socium.

122 4412 159 4478 m
202 4421 326 4484 vestros
370 4414 506 4482 nuncios
551 4413 653 4482 debeo
694 4413 866 4482 honorifice
906 4415 1052 4501 recipere
1091 4421 1123 4481 ct
1153 4422 1235 4482 trac·

120 4523 181 4589 tare
195 4542 233 4590 ac
248 4523 419 4607 deducere,
443 4522 558 4606 galeas
589 4527 717 4589 vestras
747 4521 916 4603 similiter,
946 4521 1094 4592 inimicos
1125 4529 1234 4602 autem

119 4627 293 4702 mononis
307 4629 514 4700 venetiarum
525 4635 559 4698 ut
575 4628 723 4716 proprios
740 4629 888 4698 inimicos
905 4630 1035 4699 habore.
1051 4630 1120 4698 Nec
1131 4631 1235 4700 debeo

1065 4739 1128 4809 21*
