3148 5146
671 904 743 970 108.

139 1105 243 1169 Debes
261 1103 394 1168 bunnar
404 1105 552 1188 jalaate'se
571 1124 760 1188 apportares
771 1079 965 1187 tdrpybarrl
971 1099 1005 1162 V.
1016 1099 1132 1164 Lu'szld
1142 1099 1271 1182 totu-cly-

613 1214 677 1275 boz.
703 1211 799 1276 1274.

242 1404 527 1472 Excellentissimo
553 1409 584 1470 et
599 1401 796 1468 benefactori
817 1420 876 1468 suo
894 1399 1050 1468 Ladiulao
1070 1400 1131 1468 Dei
1149 1400 1262 1483 grauia

134 1512 257 1578 illustri
274 1511 354 1594 Regi
373 1511 516 1594 Vngarie
532 1509 711 1594 Dyouislus
727 1509 839 1574 Banus
871 1509 975 1576 tocius
1008 1507 1179 1574 Sclanonie
1195 1525 1266 1592 per·

132 1626 233 1703 petue
256 1617 424 1684 fidelitatis
440 1617 628 1702 obsequium
645 1615 856 1682 indefessum.
877 1616 1004 1684 Litaras
1022 1615 1136 1682 Vestra
1151 1612 1268 1682 Excel-

133 1725 237 1792 lencie
268 1725 375 1810 recepi
407 1724 517 1791 debito
549 1744 620 1790 cum
651 1723 784 1809 honore,
816 1723 850 1787 in
883 1723 1000 1807 quibus
1032 1719 1267 1805 continebatur,

135 1833 221 1915 quod
256 1852 329 1898 eum
361 1831 511 1898 dominus
543 1831 636 1915 Bela,
667 1849 750 1897 avus
781 1835 897 1914 vester,
914 1837 947 1896 ot
962 1828 1159 1913 Stephanus,
1177 1835 1269 1912 pater

135 1945 256 2024 vester,
273 1939 414 2005 illustres
440 1939 545 2020 Reges
575 1937 746 2020 Hungarie
778 1935 961 2002 inclitarum
993 1935 1270 2018 recordacionum,

135 2041 301 2128 quandum
333 2052 454 2112 terram
487 2045 593 2112 Oastri
626 2044 729 2110 nostri
746 2041 978 2126 Zagrabiensis
1004 2043 1160 2109 Tornaua
1176 2059 1271 2108 voca·

133 2157 214 2234 tam,
230 2171 332 2236 prope
346 2150 543 2236 Zagrabiam
561 2151 762 2235 existentem,
795 2151 951 2234 Magistro
986 2149 1145 2236 (letardo,
1178 2146 1266 2214 fideli

134 2259 225 2325 fisico
258 2265 377 2344 vestro,
409 2258 633 2344 contulissent,
666 2261 697 2322 et
715 2258 819 2324 eciam
852 2278 909 2324 vos
926 2255 1183 2340 contullissetis3
1207 2274 1269 2338 ego

134 2367 274 2434 eandem
289 2385 361 2433 cum
377 2365 525 2432 omnibus
542 2365 739 2432 utilitatibus
757 2371 789 2431 et
814 2365 1025 2449 pertinenciis
1042 2364 1110 2431 suis
1141 2361 1267 2430 uniuer-

134 2474 179 2541 sis
211 2475 278 2560 ipsi
294 2473 449 2556 Magistro
481 2471 628 2540 Gerardo
661 2479 805 2540 statuere
821 2478 854 2540 et
869 2472 1039 2555 assignare
1056 2471 1216 2556 deberem,
1235 2475 1269 2536 et

135 2581 242 2666 ipsum
285 2581 502 2649 introductum
530 2581 565 2647 in
597 2579 736 2648 eandem
768 2579 964 2662 auctoritate
996 2583 1105 2646 vestra
1135 2575 1268 2643 firmiter

135 2707 337 2756 conservare.
370 2687 439 2772 Ego
469 2687 569 2771 igitur·
595 2687 713 2755 vestris
744 2685 908 2754 mandatis
924 2685 1059 2752 obedire
1075 2684 1269 2752 desiderans

135 2795 277 2864 fideliter
293 2803 326 2864 et
340 2796 466 2882 devote,
483 2795 591 2881 ipsum
607 2795 801 2878 Magistrum
822 2793 1001 2861 (leuandum
1019 2812 1077 2876 per
1110 2789 1265 2858 Comitem

137 2903 416 2988 Bartholcmeum,
449 2899 626 2969 officialem
657 2921 762 2968 meum
796 2901 836 2966 de
852 2899 1003 2987 Pybyna,
1018 2899 1053 2964 in
1068 2897 1269 2984 corporalem

141 3011 387 3098 possessionem
404 3009 507 3096 ipsius
523 3015 608 3075 terre
624 3005 688 3074 secl
704 3006 873 3074 introduci.
907 3005 971 3083 Qui
1003 3004 1132 3072 demum
1163 3023 1269 3069 meam

139 3121 253 3187 adiens
294 3115 508 3203 presenciam,
555 3113 694 3184 asseruit
711 3141 717 3180 :
734 3113 822 3199 quod
860 3113 1041 3199 predictum
1080 3111 1269 3196 Magistrum

139 3225 323 3294 Gerardum
338 3225 372 3290 iu
390 3224 592 3308 corporalem
609 3225 851 3308 possessionem
872 3229 958 3288 terre
975 3225 1154 3289 memorate
1169 3217 1269 3284 intro-

139 3335 296 3419 duxisset,
327 3331 529 3419 presentibus
561 3332 787 3414 commetaneis
820 3339 852 3396 et
875 3327 1001 3415 vicinis,
1034 3327 1123 3393 nullo
1140 3330 1267 3392 contra-

138 3442 262 3509 dictore
278 3440 410 3528 penitus
427 3438 597 3522 existente,
615 3439 722 3522 ipsam
750 3444 868 3503 terram
884 3435 918 3500 in
949 3431 1043 3500 metis
1060 3439 1093 3500 et
1125 3431 1272 3499 terminis

139 3550 302 3635 prioribus
318 3548 422 3616 eidem
443 3547 653 3632 assignando.

223 3747 385 3812 (Thalassius,
405 3749 527 3798 Menum.
551 3749 615 3797 bist.
633 3746 725 3810 Epicu.
745 3743 939 3809 Zagrabiensls
959 3743 980 3791 I.
1002 3741 1059 3790 kur.
1083 3743 1141 3790 174.
1165 3739 1195 3803 l.)
