3124 5152
649 958 725 1028 ete.

123 1162 178 1227 IV.
199 1163 316 1228 Ltezlt
330 1162 505 1238 kiretyveale
527 1158 625 1244 Telky
642 1159 799 1246 helyetpet
814 1158 969 1243 ta'rpyaztt
980 1157 1249 1242 iktata'sipae·an·

161 1293 211 1336 eea
226 1294 249 1334 a
264 1270 409 1356 eonnopye'
425 1268 625 1349 konvemtez,
642 1269 755 1332 nivere
772 1265 915 1332 meamet
929 1266 1084 1332 emmam.
1101 1265 1201 1328 1280.

217 1463 396 1530 Ledizlans
427 1463 490 1529 Dei
521 1464 635 1544 gracia
675 1464 745 1529 Rex
790 1459 958 1544 Hungarie
995 1459 1147 1527 fidelibus
1178 1459 1246 1528 suis
1308 1489 1309 1494 ¹

118 1571 230 1637 Abbati
248 1576 281 1638 et
313 1569 495 1636 Oennentni
526 1567 725 1654 symigiensi
757 1569 947 1634 salutemet
977 1567 1135 1652 greciam.
1168 1564 1247 1632 Onm

118 1699 170 1745 nes
200 1677 411 1746 Ghnmotenm
443 1697 515 1744 enm
548 1675 654 1743 tribus
685 1675 763 1762 filijs
780 1676 857 1762 suis,
882 1676 1015 1743 Petrum
1032 1693 1103 1740 enm
1120 1673 1247 1740 duobus

21 1813 22 1872 3
118 1785 263 1854 tratribus
280 1785 363 1868 suis,
374 1790 406 1852 et
424 1785 546 1852 Bnhtns
564 1805 636 1851 enm
654 1783 808 1851 fratribus
824 1782 1103 1868 suis,vdnornieos
1118 1788 1246 1850 nostros

21 1967 22 1976 ἵ
120 1891 249 1960 devilia
278 1891 386 1978 Telky
409 1893 441 1958 in
459 1890 620 1960 comitatu
636 1890 834 1976 Symigiensi
850 1892 1038 1978 existentes,
1056 1891 1117 1958 sub
1134 1890 1245 1957 eadem

21 1985 22 2014 ³
120 1999 303 2068 condicione
319 2005 352 2066 et
367 2001 529 2088 libertate,
548 2021 611 2084 qna
627 1997 720 2068 nobis
738 2005 898 2087 tenentur,
914 1999 1014 2066 simul
1044 2017 1117 2064 enm
1149 1998 1245 2066 terris

117 2107 187 2194 nnis,
218 2108 349 2175 domine
382 2108 570 2196 Elysabeth,
600 2107 703 2175 sorori
730 2115 840 2176 nostre
856 2107 1042 2190 karissime,
1058 2105 1245 2176 duxerimus

121 2214 348 2298 conferendos3
370 2215 527 2306 fidelitati
543 2221 652 2283 nestre
671 2215 863 2284 mandamns
882 2215 1102 2302 precipiendo,
1133 2223 1244 2300 qnate-

116 2342 169 2390 nns
201 2323 337 2391 mittatis
377 2324 596 2392 testimoninm
639 2330 780 2392 nestrum
818 2321 994 2412 ydoneum,
1026 2344 1133 2393 eoram
1166 2333 1243 2411 quot

118 2428 265 2498 Nicolans
282 2432 367 2498 filins
386 2432 466 2498 Vros
487 2429 582 2500 homo
615 2438 734 2518 noster,
766 2433 855 2518 ipsos
886 2433 1079 2500 vduomieos
1112 2440 1238 2500 nostros

119 2537 208 2604 simul
239 2557 311 2607 enm
344 2541 438 2608 terris
470 2541 537 2608 suis
569 2546 696 2608 statuet
726 2539 830 2608 eidem
857 2541 987 2611 domine
1005 2543 1184 2631 Elysabeth
1199 2542 1242 2610 ed

21 2639 22 2654 ³
117 2645 248 2714 sernieie
277 2667 388 2716 eornm
419 2659 574 2716 consueta
605 2649 799 2736 exercenda,
840 2671 901 2735 que
933 2651 1026 2718 nobis
1057 2649 1236 2747 inpendere

21 2819 22 2824 ,
118 2762 346 2822 consumerent
377 2757 420 2822 ab
436 2755 582 2843 antiqno,
613 2756 641 2824 si
657 2777 722 2824 non
736 2756 821 2824 fierit
847 2757 1093 2845 eontrndietnm,
1111 2766 1236 2826 eontra-

117 2857 249 2928 dietores
266 2868 375 2930 nutem
393 2864 422 2930 si
438 2863 493 2947 qni
509 2862 631 2951 fierent,
649 2864 691 2932 ed
708 2870 851 2934 nostram
872 2867 947 2934 eitet
967 2865 1170 2952 preseneiem
1196 2864 1239 2934 ad

118 2969 278 3034 terminum
310 2977 555 3060 competentem,
587 2972 673 3040 diem
705 2973 875 3042 eitaeionis
892 2980 925 3043 et
955 2977 1128 3042 terminum
1145 2974 1237 3041 nobis

117 3075 298 3145 reseribatin
319 3080 440 3145 Datum
456 3079 490 3145 in
510 3079 673 3149 Gnmseed
691 3081 724 3148 in
742 3082 907 3150 dominiea
928 3083 1107 3150 Inuoennit.

229 3273 264 3335 (A
283 3277 413 3344 somogyi
432 3277 556 3331 konvent
571 3279 763 3346 jelentesebttl,
774 3281 848 3333 mint
859 3282 942 3334 altbb
956 3285 1016 3334 205.
1031 3297 1069 3336 sn.
1080 3287 1116 3349 a.)
