3124 5152
602 931 679 1002 280.

90 1131 271 1220 Apossdpos'
286 1133 515 1221 kdptalonook
530 1119 804 1220 omonympteoete,
835 1134 922 1220 hopy
936 1131 1052 1200 Modo
1076 1133 1199 1203 Istocin-

92 1239 146 1303 παῖε
160 1241 191 1304 e's
212 1239 340 1305 Miletos
365 1239 581 1308 anebndrrak
601 1240 670 1324 fias'
699 1239 830 1308 Bossod
859 1240 1019 1328 helyse'pet
1049 1241 1199 1310 Daezian

206 1358 322 1428 mester
336 1352 370 1415 ἑο
385 1345 528 1435 Krirtds,
542 1351 646 1418 chrsos
654 1349 791 1433 fiaioofs
806 1348 946 1416 dadtot.
964 1350 1064 1418 1279.
1179 1401 1180 1409 ,

176 1539 364 1632 capitulum
403 1545 548 1614 Eoolssie
575 1545 668 1614 Beati
699 1547 788 1615 Pstri
818 1545 859 1615 de
888 1548 1015 1632 Posogs
1046 1549 1193 1618 omnibns

86 1653 190 1722 christi
205 1652 360 1722 fidelibus
376 1661 442 1721 tam
462 1655 668 1740 presentibus
682 1675 779 1741 quom
798 1654 914 1725 foturis
933 1657 1071 1725 salntem
1089 1656 1122 1723 in
1133 1655 1197 1726 Do

15 1769 17 1854 g
84 1761 158 1828 mino
187 1762 432 1849 sempiternam.
463 1761 516 1827 Ad
546 1762 767 1832 rninersornm
799 1763 954 1832 noticiam
979 1765 1094 1833 horum
1112 1766 1197 1834 serie

15 1873 17 1896 ι

15 2029 17 2070 i

85 1875 216 1938 notumne
230 1869 405 1958 peruenire
423 1895 430 1936 :
447 1869 536 1955 pnod
554 1870 730 1941 Lsdinlsns
755 1871 840 1940 filius
872 1871 1004 1942 Comitis
1035 1873 1149 1954 Panos,
1166 1878 1198 1940 et

84 1979 221 2047 birotam
253 1978 344 2046 filius
368 1977 514 2045 Emohud
531 1980 573 2046 ab
590 1998 655 2047 uns
669 1987 783 2065 parte;
806 1981 962 2066 Magister
978 1981 1148 2049 Daoisnns
1165 1987 1198 2049 et

84 2085 286 2154 christoforus
301 2088 359 2172 filij
378 2086 548 2172 Johannis,
565 2087 749 2156 consobrini
765 2089 899 2156 Comitis
914 2091 1020 2158 Pases
1045 2089 1088 2156 ob
1119 2089 1195 2157 alte

84 2214 131 2279 rs;
146 2214 251 2263 eoram
278 2195 373 2262 nobis
387 2195 604 2281 porsonaiiter
619 2201 845 2282 comparentes
860 2195 958 2281 ijdom
975 2195 1148 2266 Lsdizinus
1166 2205 1197 2265 et
1327 2201 1332 2208 '

15 2311 16 2320 ’
82 2301 221 2372 bieolnns
236 2299 382 2370 confessi
398 2308 474 2370 sont
490 2305 565 2370 vina
582 2323 673 2390 vooe,
690 2303 775 2386 quod
801 2309 919 2372 terram
950 2303 1072 2374 Borsod
1105 2325 1196 2373 roos·

82 2417 137 2476 tam
150 2412 183 2478 in
213 2409 380 2479 Comitnto
397 2410 438 2477 de
454 2408 593 2479 Woikon
611 2411 813 2495 existentem,
832 2431 929 2496 qnsm
945 2412 1015 2479 Rex
1030 2411 1113 2480 Bois
1128 2411 1195 2480 feli-

15 2497 16 2526 ³
82 2517 372 2587 oisreoordseionis
388 2518 496 2586 ndbne
511 2525 654 2604 tempore
684 2518 735 2586 sni
766 2519 911 2587 Duostus
943 2517 1060 2588 comiti
1090 2521 1196 2588 Passa

81 2627 153 2710 pstri
181 2625 331 2696 eiusdem
362 2625 511 2696 Lodislsi
545 2625 743 2712 eontnIsrot3
767 2627 857 2696 euius
882 2633 967 2696 terre
986 2627 1195 2696 medietatem

81 2733 153 2802 idom
181 2734 361 2804 Lodixlsns
392 2733 577 2820 supradioto
608 2732 743 2802 Niooino
774 2753 815 2801 ex
847 2735 1058 2804 ooneessione
1087 2735 1195 2820 Regis

83 2841 205 2912 dederst
231 2851 265 2911 et
281 2842 479 2929 assignaret,
495 2840 690 2927 supradietis
709 2840 866 2926 Magistro
882 2843 1042 2929 Dseysno
1052 2849 1092 2912 ,et
1106 2841 1195 2910 chri·

83 2952 187 3022 stoioro
203 2973 264 3039 pro
279 2949 497 3036 qnadraginta
511 2955 545 3016 et
560 2949 687 3019 duabus
703 2949 833 3036 merois,
851 2951 970 3037 partim
987 2951 1022 3017 in
1047 2951 1194 3037 densrijs

82 3068 108 3126 et
120 3061 234 3145 psrtim
250 3060 286 3126 in
301 3059 510 3128 estimatione
525 3057 690 3144 condigne
705 3058 801 3146 plene
816 3059 953 3146 receptis
972 3057 1194 3129 vendidissent

82 3174 221 3254 perpetuo
237 3165 489 3256 possidendsm3
513 3184 595 3252 ques
610 3171 718 3234 temen
735 3165 799 3234 XL
815 3173 847 3236 et
864 3164 946 3236 duos
970 3187 1097 3236 morsos
1128 3169 1195 3236 bia-

15 3339 16 3372 r
80 3275 168 3358 gister
190 3276 369 3363 Dsoyonns
402 3279 434 3344 et
452 3273 670 3344 christoforus
700 3273 925 3362 persoluerunt
955 3295 1064 3345 eoram
1094 3277 1191 3346 nobis

15 3417 16 3432 κ
81 3380 225 3452 Lsdixlso
240 3391 275 3452 et
289 3383 426 3453 Niooino
443 3383 632 3470 prenotatis.
648 3383 742 3451 Dixit
761 3385 865 3452 seiam
888 3381 1074 3474 Lsdirlsus,
1106 3387 1193 3470 qnod

81 3511 134 3559 non
161 3495 269 3562 solum
300 3490 480 3578 prediotnm
509 3499 629 3558 terram
660 3490 787 3560 Borsod
816 3511 876 3578 pro
894 3491 1042 3579 predioto
1066 3513 1194 3564 somma

80 3601 203 3684 peoonie
220 3599 438 3682 vendidisset,
461 3599 694 3670 verumetiam
713 3598 855 3668 maxime
869 3619 928 3686 pro
959 3621 998 3668 eo
1029 3600 1193 3684 dedisset;

80 3707 155 3788 qnod
183 3728 257 3778 oum
273 3708 389 3776 comes
408 3705 517 3776 Pssks
531 3711 624 3793 poter
640 3707 787 3776 eiusdem
803 3708 836 3774 in
853 3709 1005 3776 extremis
1021 3709 1195 3796 laboraret,

80 3823 204 3899 potems
220 3814 452 3886 benediseions
467 3815 531 3886 sibi
550 3815 763 3898 minuisset,
787 3822 822 3884 rt
837 3816 865 3884 si
885 3815 1040 3886 heredum
1070 3817 1192 3886 solaoio

80 3924 241 3994 destitutos
270 3925 366 4012 foret,
391 3924 512 3994 nemini
528 3923 568 3991 de
583 3923 731 4011 cognatis
746 3923 815 3992 suis
831 3921 967 3992 eandem
982 3929 1101 3994 terrem
1116 3946 1192 3994 ren·

80 4029 144 4100 dere
158 4054 217 4102 sen
231 4034 311 4101 dsre
327 4039 595 4121 presumpmsret,
615 4031 680 4102 nisi
709 4031 786 4119 filijs
817 4031 977 4101 iohannis
1008 4031 1192 4102 consobrini

79 4139 129 4224 sni,
144 4141 298 4209 videlieet
312 4141 471 4225 Magistro
486 4142 644 4227 Dsoysno
659 4146 692 4209 st
706 4137 905 4209 christoforo
920 4141 1107 4227 prenotatis.
1123 4143 1192 4209 Neo

79 4241 129 4313 boe
142 4248 416 4336 pretermittimus,
448 4248 533 4333 qnod
563 4249 738 4316 Lodixleus
768 4256 802 4318 ot
830 4247 986 4316 Nieolsns
1016 4247 1192 4334 prenotati,

15 4377 17 4386 ’
78 4362 196 4440 reoepto
220 4356 308 4424 diota
330 4357 470 4444 peennis
489 4357 646 4444 plenarie,
662 4355 868 4442 priuilegium
883 4355 984 4438 Regis
999 4354 1078 4423 Belo
1093 4373 1192 4440 sopor

79 4461 247 4533 toltsoione
261 4463 406 4534 eiusdem
421 4471 506 4534 terre
520 4463 699 4534 oonfeotnm
715 4465 749 4532 in
765 4484 881 4532 mnnns
897 4461 1046 4550 Magistri
1062 4463 1190 4550 Donys-

78 4570 148 4640 niet
161 4569 351 4642 christofori
381 4579 566 4642 statuerunt
596 4593 705 4644 sorem
730 4573 834 4662 nobis,
854 4571 1053 4663 sepedietsm
1069 4577 1187 4640 terram
1324 4651 1327 4656 ,
