3168 5150
279 1170 313 1237 V.
324 1171 431 1238 latoria
441 1170 616 1256 tirctpual
625 1171 804 1258 Resporryt,
815 1165 1020 1254 lincefelda,
1033 1165 1280 1255 Ldpaepotolrot
1290 1169 1322 1234 ris
1331 1167 1400 1234 teet

272 1284 341 1344 mdc
350 1277 490 1363 jaculat
507 1281 664 1366 tdrpyazd
680 1279 863 1364 cdomdrryo
878 1276 1027 1342 Ruinam
1042 1297 1141 1344 corase
1166 1276 1293 1362 biretpi
1309 1275 1400 1364 fdic-

594 1391 782 1453 odaamestcr
796 1389 955 1452 sacimdra.
972 1382 1069 1450 1270.

381 1581 567 1666 Stephanus
596 1581 658 1649 Dei
690 1579 803 1668 gracia
833 1577 1011 1664 Huugarie,
1042 1574 1223 1663 Dalmaeie,
1252 1573 1400 1660 Oroaeie,

274 1689 388 1778 Rome,
420 1685 545 1774 Seruis,
576 1687 727 1777 Gallicis,
753 1685 952 1772 Ledomerie,
991 1685 1158 1768 Cumanis,
1183 1681 1401 1770 Bulgarieqne

273 1798 343 1864 Rex
370 1795 517 1864 omuibus
548 1796 667 1866 Christi
701 1795 853 1863 lidelibus
883 1813 1017 1880 presens
1034 1793 1188 1878 scriptum
1206 1789 1399 1878 inspecturis

274 1908 411 1974 salntem
429 1905 463 1972 iu
478 1904 594 1974 salutis
625 1905 790 1990 largitore.
822 1902 874 1970 Ad
906 1901 1127 1970 uniuersorum
1159 1899 1315 1968 noticiam
1331 1905 1398 1966 tam

274 2015 475 2102 presencium
494 2033 589 2098 qnam
608 2021 809 2099 posterorum
820 2009 1031 2078 barumseric
1046 2007 1193 2076 volumus
1208 2009 1400 2094 peruenire;

275 2121 361 2208 quod
393 2142 464 2189 eum
497 2121 637 2189 dilectus
668 2129 700 2188 et
730 2119 837 2186 fidelis
879 2122 988 2186 noster
1026 2115 1214 2202 Reyuoldus
1244 2113 1401 2199 Magister

275 2227 501 2314 Dapiierorum
533 2231 633 2296 Ducis
666 2227 826 2312 Ladinlay
857 2225 1023 2294 karissimi
1055 2223 1113 2310 filij
1145 2223 1258 2312 nostri,
1284 2224 1401 2292 comm

275 2340 461 2422 Agasouum
478 2344 668 2424 nostrornm,
686 2343 718 2405 et
734 2337 775 2405 de
790 2335 945 2422 Zaboleb‚
963 2355 982 2400 u
999 2333 1153 2421 primeuls
1169 2353 1227 2403 sue
1242 2337 1275 2401 et
1290 2337 1401 2400 nostre

276 2446 418 2530 puericie
449 2445 657 2536 temporibus,
674 2453 705 2514 et
721 2446 906 2532 specialiter
931 2446 973 2512 ab
990 2465 1028 2510 eo
1045 2450 1198 2530 tempore,
1216 2461 1279 2528 quc
1295 2443 1402 2510 Dura·

275 2563 343 2622 tnm
354 2555 670 2644 Styrieteuebamue
681 2562 746 2624 tam
757 2554 789 2620 in
801 2553 972 2640 Teutonis,
988 2550 1174 2640 Kariutbya
1190 2557 1222 2618 ct
1232 2550 1400 2636 Bobemia,

276 2685 373 2748 quam
404 2663 555 2732 cciumiu
587 2663 662 2750 alijs
693 2661 843 2730 omnibns
874 2659 1139 2747 expediciouibus
1171 2659 1299 2748 nostris,
1316 2678 1400 2742 quas

277 2772 451 2840 seeundum
469 2770 718 2838 mutabilitatem
735 2779 913 2858 temporum
943 2777 975 2837 et
1000 2768 1207 2853 negociorum
1233 2767 1402 2834 karissimi

277 2880 379 2966 patris
410 2881 512 2947 nostri
543 2879 655 2949 inclite
686 2877 937 2966 recordacionis,
954 2884 987 2946 el
1001 2883 1183 2946 nostrorum
1209 2877 1402 2962 qualitatem

277 2987 397 3056 babere
427 3008 488 3056 nos
518 2989 671 3075 oportuit,
705 2987 799 3055 fidele
828 3005 954 3074 semper
971 2994 1003 3054 et
1033 2984 1199 3054 laudabile
1229 2985 1403 3054 seruicium

280 3094 506 3184 impendendo,
537 3117 574 3163 se
607 3094 726 3162 uostris
757 3093 973 3182 beneplacitis
1004 3100 1036 3161 et
1066 3093 1170 3178 Regni
1201 3091 1403 3161 utilitatibus

278 3204 566 3272 commendabilem
595 3203 678 3272 adeo
710 3201 870 3271 studuerit
907 3201 1070 3287 exhibere,
1087 3212 1122 3268 rt
1153 3221 1262 3268 eoram
1294 3209 1404 3268 nostre

277 3313 460 3382 Maiestatis
486 3311 589 3379 oeulis
605 3318 736 3400 propter
751 3310 919 3377 meritoria
934 3331 994 3378 sua
1011 3309 1155 3378 seruicia
1172 3330 1235 3376 non
1250 3308 1404 3376 inmerito

278 3421 426 3508 placidus
457 3418 571 3488 haberi
590 3418 701 3486 debuit
731 3427 763 3485 ct
793 3425 966 3504 acceptus3
991 3438 1054 3504 que
1070 3417 1145 3486 lieet
1175 3436 1233 3504 per
1266 3416 1400 3501 singula

276 3529 409 3612 longum
424 3535 510 3595 esset
526 3546 690 3612 enarrare,
708 3524 846 3611 quedam
864 3533 971 3594 tamen
984 3526 1179 3612 specialiora
1194 3525 1401 3613 presentibus

278 3635 429 3703 duximus
464 3635 650 3704 inserenda.
692 3636 811 3704 Uerum
852 3655 926 3702 enm
966 3634 1043 3702 olim
1084 3635 1256 3721 superstite
1296 3633 1404 3702 adhuc

278 3741 423 3831 predicto
454 3744 626 3812 karissimo
669 3751 760 3828 patre
791 3747 900 3810 nostro
930 3744 1089 3810 Ducatum
1134 3742 1405 3810 'lraussiluannm

279 3861 479 3938 teneremus,
503 3853 588 3921 idem
606 3851 762 3936 Magister
777 3851 965 3938 Reynoldns
984 3871 1056 3918 enm
1072 3850 1211 3918 honesta
1227 3858 1260 3918 ct
1275 3859 1408 3920 armata

278 3959 403 4027 familia
433 3961 466 4026 in
484 3959 625 4028 exercitu
657 3966 777 4046 nostro,
794 3979 888 4045 quem
905 3959 939 4025 in
956 3959 1105 4027 Greeiam
1122 3959 1216 4030 simul
1232 3980 1306 4027 cnm
1323 3960 1406 4044 alijs

279 4069 459 4137 Beronibus
474 4069 593 4138 nostris
610 4069 813 4154 miseramus,
827 4087 935 4136 coram
953 4067 1101 4136 omuibus
1116 4067 1150 4136 in
1182 4070 1253 4153 ipso
1283 4065 1409 4136 insultu

279 4197 336 4245 sen
353 4175 584 4245 deuastaeione
599 4177 702 4262 Regni
721 4175 837 4245 Grecis
860 4175 976 4244 claruit
1011 4181 1174 4260 tamquam
1205 4175 1297 4243 miles
1328 4181 1410 4244 stre-

278 4305 371 4352 nuus.
397 4284 522 4352 Exinde
553 4285 757 4352 successibus
791 4285 955 4372 prosperis
996 4282 1171 4369 redeundo,
1202 4281 1410 4371 postmodum

278 4392 381 4460 eciam
413 4391 557 4476 quinque
588 4392 724 4480 vicibus,
755 4388 796 4459 de
812 4391 971 4477 Bulgaria
996 4391 1120 4460 scilieet
1135 4391 1187 4460 bis
1203 4410 1275 4458 cum
1291 4393 1412 4458 nostra

279 4519 429 4587 persona,
443 4506 475 4566 et
490 4506 539 4568 ter
554 4520 625 4566 cum
643 4499 718 4584 alijs
734 4499 914 4566 Beronibus
931 4499 1050 4568 uostris
1066 4517 1125 4584 per
1141 4517 1200 4566 nos
1217 4497 1251 4563 iu
1284 4496 1409 4583 Bulga·

278 4609 362 4676 riam
393 4629 466 4677 cnm
498 4606 639 4676 exercitu
672 4605 851 4697 destinatis,
884 4606 991 4676 dietus
1022 4607 1179 4695 Magister
1218 4605 1412 4695 Reyuolrlus
