<?xml version="1.0" encoding="UTF-8"?>
<!DOCTYPE html PUBLIC "-//W3C//DTD XHTML 1.0 Transitional//EN"
    "http://www.w3.org/TR/xhtml1/DTD/xhtml1-transitional.dtd">
<html xmlns="http://www.w3.org/1999/xhtml" xml:lang="en" lang="en">
 <head>
  <title>
</title>
<meta http-equiv="Content-Type" content="text/html;charset=utf-8" />
  <meta name='ocr-system' content='tesseract 3.04.00' />
  <meta name='ocr-capabilities' content='ocr_page ocr_carea ocr_par ocr_line ocrx_word'/>
</head>
<body>
  <div class='ocr_page' id='page_1' title='image "./codexdiplomatic06wenzgoog_0742.png"; bbox 0 0 3170 5166; ppageno 0'>
   <div class='ocr_carea' id='block_1_1' title="bbox 699 979 778 1048">
    <p class='ocr_par' dir='ltr' id='par_1_1' title="bbox 699 979 778 1048">
     <span class='ocr_line' id='line_1_1' title="bbox 699 979 778 1048; baseline 0.025 -2"><span class='ocrx_word' id='word_1_1' title='bbox 699 979 778 1048; x_wconf 77' lang='lat'>545.</span> 
     </span>
    </p>
   </div>
   <div class='ocr_carea' id='block_1_2' title="bbox 166 1179 1312 1377">
    <p class='ocr_par' dir='ltr' id='par_1_2' title="bbox 166 1179 1312 1377">
     <span class='ocr_line' id='line_1_2' title="bbox 167 1179 1312 1267; baseline -0.005 -18"><span class='ocrx_word' id='word_1_2' title='bbox 167 1185 190 1249; x_wconf 90' lang='lat'><em>1</em></span> <span class='ocrx_word' id='word_1_3' title='bbox 197 1181 229 1246; x_wconf 87' lang='lat' dir='ltr'>V.</span> <span class='ocrx_word' id='word_1_4' title='bbox 246 1181 330 1248; x_wconf 70' lang='lat' dir='ltr'>Belo</span> <span class='ocrx_word' id='word_1_5' title='bbox 347 1181 463 1267; x_wconf 76' lang='lat' dir='ltr'>kirclp</span> <span class='ocrx_word' id='word_1_6' title='bbox 478 1181 663 1267; x_wconf 77' lang='lat' dir='ltr'>maperlisiti</span> <span class='ocrx_word' id='word_1_7' title='bbox 679 1181 871 1245; x_wconf 69' lang='lat' dir='ltr'>tastoertmk</span> <span class='ocrx_word' id='word_1_8' title='bbox 888 1179 1030 1246; x_wconf 72' lang='lat' dir='ltr'>liutmun</span> <span class='ocrx_word' id='word_1_9' title='bbox 1046 1181 1312 1247; x_wconf 65' lang='lat' dir='ltr'>calumniation-</span> 
     </span>
     <span class='ocr_line' id='line_1_3' title="bbox 166 1288 1310 1377; baseline -0.003 -21"><span class='ocrx_word' id='word_1_10' title='bbox 166 1291 301 1377; x_wconf 76' lang='lat' dir='ltr'>czepnelt</span> <span class='ocrx_word' id='word_1_11' title='bbox 327 1289 584 1376; x_wconf 71' lang='lat' dir='ltr'>privileya&#39;umdt</span> <span class='ocrx_word' id='word_1_12' title='bbox 614 1311 636 1353; x_wconf 87' lang='lat' dir='ltr'>o</span> <span class='ocrx_word' id='word_1_13' title='bbox 664 1288 816 1372; x_wconf 77' lang='lat' dir='ltr'>petriaaa&#39;</span> <span class='ocrx_word' id='word_1_14' title='bbox 841 1288 999 1374; x_wconf 62' lang='lat' dir='ltr'>vendopelc</span> <span class='ocrx_word' id='word_1_15' title='bbox 1024 1291 1183 1353; x_wconf 72' lang='lat' dir='ltr'>raumara.</span> <span class='ocrx_word' id='word_1_16' title='bbox 1208 1289 1310 1354; x_wconf 79' lang='lat'><em>1242.</em></span> 
     </span>
    </p>
   </div>
   <div class='ocr_carea' id='block_1_3' title="bbox 169 1481 1314 2210">
    <p class='ocr_par' dir='ltr' id='par_1_3' title="bbox 169 1481 1314 2210">
     <span class='ocr_line' id='line_1_4' title="bbox 275 1481 1311 1570; baseline 0.002 -20"><span class='ocrx_word' id='word_1_17' title='bbox 275 1485 358 1552; x_wconf 83' lang='lat' dir='ltr'>Belo</span> <span class='ocrx_word' id='word_1_18' title='bbox 388 1482 452 1551; x_wconf 89' lang='lat' dir='ltr'>Dei</span> <span class='ocrx_word' id='word_1_19' title='bbox 484 1483 596 1567; x_wconf 81' lang='lat' dir='ltr'>gracia</span> <span class='ocrx_word' id='word_1_20' title='bbox 629 1482 807 1567; x_wconf 82' lang='lat' dir='ltr'>Hungarie‚</span> <span class='ocrx_word' id='word_1_21' title='bbox 823 1482 1009 1568; x_wconf 89' lang='lat' dir='ltr'>Dalmacie,</span> <span class='ocrx_word' id='word_1_22' title='bbox 1026 1481 1172 1570; x_wconf 83' lang='lat' dir='ltr'>Groacie,</span> <span class='ocrx_word' id='word_1_23' title='bbox 1189 1485 1311 1569; x_wconf 67' lang='lat' dir='ltr'>Rame,</span> 
     </span>
     <span class='ocr_line' id='line_1_5' title="bbox 170 1589 1314 1678; baseline -0.003 -20"><span class='ocrx_word' id='word_1_24' title='bbox 170 1592 297 1678; x_wconf 72' lang='lat' dir='ltr'>Serme,</span> <span class='ocrx_word' id='word_1_25' title='bbox 315 1589 453 1658; x_wconf 81' lang='lat' dir='ltr'>Gallicis</span> <span class='ocrx_word' id='word_1_26' title='bbox 469 1589 674 1676; x_wconf 85' lang='lat' dir='ltr'>Lodomerie,</span> <span class='ocrx_word' id='word_1_27' title='bbox 690 1589 911 1672; x_wconf 80' lang='lat' dir='ltr'>Comanieque</span> <span class='ocrx_word' id='word_1_28' title='bbox 942 1589 1012 1655; x_wconf 88' lang='lat' dir='ltr'>Rex</span> <span class='ocrx_word' id='word_1_29' title='bbox 1043 1589 1205 1658; x_wconf 83' lang='lat' dir='ltr'>uniuersis</span> <span class='ocrx_word' id='word_1_30' title='bbox 1238 1611 1314 1676; x_wconf 88' lang='lat' dir='ltr'>pre·</span> 
     </span>
     <span class='ocr_line' id='line_1_6' title="bbox 170 1694 1313 1784; baseline -0.003 -17"><span class='ocrx_word' id='word_1_31' title='bbox 170 1707 294 1767; x_wconf 87' lang='lat' dir='ltr'>sentem</span> <span class='ocrx_word' id='word_1_32' title='bbox 312 1697 467 1784; x_wconf 75' lang='lat' dir='ltr'><strong>paginam</strong></span> <span class='ocrx_word' id='word_1_33' title='bbox 484 1697 680 1782; x_wconf 88' lang='lat' dir='ltr'>inspecturis</span> <span class='ocrx_word' id='word_1_34' title='bbox 705 1698 843 1764; x_wconf 82' lang='lat' dir='ltr'>salutem</span> <span class='ocrx_word' id='word_1_35' title='bbox 860 1702 893 1763; x_wconf 90' lang='lat' dir='ltr'>et</span> <span class='ocrx_word' id='word_1_36' title='bbox 907 1715 1001 1762; x_wconf 90' lang='lat' dir='ltr'>omne</span> <span class='ocrx_word' id='word_1_37' title='bbox 1017 1694 1150 1763; x_wconf 91' lang='lat' dir='ltr'>honum.</span> <span class='ocrx_word' id='word_1_38' title='bbox 1166 1695 1313 1766; x_wconf 82' lang='lat' dir='ltr'>Vbicun-</span> 
     </span>
     <span class='ocr_line' id='line_1_7' title="bbox 169 1801 1306 1887; baseline 0 -15"><span class='ocrx_word' id='word_1_39' title='bbox 169 1825 234 1887; x_wconf 86' lang='lat' dir='ltr'>que</span> <span class='ocrx_word' id='word_1_40' title='bbox 249 1803 353 1871; x_wconf 82' lang='lat' dir='ltr'>nostri</span> <span class='ocrx_word' id='word_1_41' title='bbox 369 1802 509 1872; x_wconf 90' lang='lat' dir='ltr'>nominis</span> <span class='ocrx_word' id='word_1_42' title='bbox 525 1801 709 1868; x_wconf 85' lang='lat' dir='ltr'>interuentu</span> <span class='ocrx_word' id='word_1_43' title='bbox 726 1821 822 1886; x_wconf 90' lang='lat' dir='ltr'>posse</span> <span class='ocrx_word' id='word_1_44' title='bbox 843 1801 1004 1870; x_wconf 90' lang='lat' dir='ltr'>eredimus</span> <span class='ocrx_word' id='word_1_45' title='bbox 1035 1803 1203 1886; x_wconf 81' lang='lat' dir='ltr'>aliquibus</span> <span class='ocrx_word' id='word_1_46' title='bbox 1235 1807 1306 1874; x_wconf 89' lang='lat' dir='ltr'>sub·</span> 
     </span>
     <span class='ocr_line' id='line_1_8' title="bbox 172 1907 1307 1998; baseline -0.001 -21"><span class='ocrx_word' id='word_1_47' title='bbox 172 1911 286 1998; x_wconf 83' lang='lat' dir='ltr'>ueniri,</span> <span class='ocrx_word' id='word_1_48' title='bbox 318 1912 408 1997; x_wconf 89' lang='lat' dir='ltr'>pium</span> <span class='ocrx_word' id='word_1_49' title='bbox 424 1929 483 1976; x_wconf 87' lang='lat' dir='ltr'>nos</span> <span class='ocrx_word' id='word_1_50' title='bbox 501 1909 595 1976; x_wconf 88' lang='lat' dir='ltr'>decet</span> <span class='ocrx_word' id='word_1_51' title='bbox 626 1907 781 1974; x_wconf 83' lang='lat' dir='ltr'>adhihere</span> <span class='ocrx_word' id='word_1_52' title='bbox 813 1908 968 1990; x_wconf 86' lang='lat' dir='ltr'>sanorem,</span> <span class='ocrx_word' id='word_1_53' title='bbox 1000 1911 1171 1992; x_wconf 79' lang='lat' dir='ltr'>presertim</span> <span class='ocrx_word' id='word_1_54' title='bbox 1192 1931 1235 1978; x_wconf 88' lang='lat' dir='ltr'>ne</span> <span class='ocrx_word' id='word_1_55' title='bbox 1250 1912 1307 1977; x_wconf 87' lang='lat' dir='ltr'>vel·</span> 
     </span>
     <span class='ocr_line' id='line_1_9' title="bbox 174 2015 1312 2100; baseline 0 -16"><span class='ocrx_word' id='word_1_56' title='bbox 174 2019 296 2086; x_wconf 87' lang='lat' dir='ltr'>ueritas</span> <span class='ocrx_word' id='word_1_57' title='bbox 312 2018 500 2100; x_wconf 80' lang='lat' dir='ltr'><strong>occultetur,</strong></span> <span class='ocrx_word' id='word_1_58' title='bbox 516 2023 574 2082; x_wconf 86' lang='lat' dir='ltr'>aut</span> <span class='ocrx_word' id='word_1_59' title='bbox 590 2015 746 2099; x_wconf 89' lang='lat' dir='ltr'>iniquitas</span> <span class='ocrx_word' id='word_1_60' title='bbox 776 2016 946 2099; x_wconf 88' lang='lat' dir='ltr'>preualeat</span> <span class='ocrx_word' id='word_1_61' title='bbox 977 2015 1124 2098; x_wconf 85' lang='lat' dir='ltr'>equitati.</span> <span class='ocrx_word' id='word_1_62' title='bbox 1158 2018 1243 2085; x_wconf 86' lang='lat' dir='ltr'>Hinc</span> <span class='ocrx_word' id='word_1_63' title='bbox 1258 2027 1312 2086; x_wconf 90' lang='lat' dir='ltr'>est·</span> 
     </span>
     <span class='ocr_line' id='line_1_10' title="bbox 173 2120 1313 2210; baseline -0.001 -18"><span class='ocrx_word' id='word_1_64' title='bbox 173 2124 264 2209; x_wconf 83' lang='lat' dir='ltr'>qood</span> <span class='ocrx_word' id='word_1_65' title='bbox 295 2125 338 2192; x_wconf 86' lang='lat' dir='ltr'>ad</span> <span class='ocrx_word' id='word_1_66' title='bbox 368 2123 594 2191; x_wconf 81' lang='lat' dir='ltr'>uniuersorum</span> <span class='ocrx_word' id='word_1_67' title='bbox 625 2121 778 2189; x_wconf 84' lang='lat' dir='ltr'>noticiam</span> <span class='ocrx_word' id='word_1_68' title='bbox 796 2120 909 2188; x_wconf 89' lang='lat' dir='ltr'>harum</span> <span class='ocrx_word' id='word_1_69' title='bbox 926 2122 1011 2189; x_wconf 88' lang='lat' dir='ltr'>serie</span> <span class='ocrx_word' id='word_1_70' title='bbox 1026 2123 1177 2192; x_wconf 90' lang='lat' dir='ltr'>nolumus</span> <span class='ocrx_word' id='word_1_71' title='bbox 1194 2143 1313 2210; x_wconf 83' lang='lat' dir='ltr'>perue-</span> 
     </span>
    </p>
   </div>
   <div class='ocr_carea' id='block_1_4' title="bbox 172 2227 1426 2322">
    <p class='ocr_par' dir='ltr' id='par_1_4' title="bbox 172 2227 1426 2322">
     <span class='ocr_line' id='line_1_11' title="bbox 172 2227 1426 2322; baseline 0 -22"><span class='ocrx_word' id='word_1_72' title='bbox 172 2233 255 2322; x_wconf 85' lang='lat' dir='ltr'>nire,</span> <span class='ocrx_word' id='word_1_73' title='bbox 273 2231 360 2316; x_wconf 87' lang='lat' dir='ltr'>quod</span> <span class='ocrx_word' id='word_1_74' title='bbox 377 2231 573 2298; x_wconf 85' lang='lat' dir='ltr'>accedentes</span> <span class='ocrx_word' id='word_1_75' title='bbox 589 2227 635 2294; x_wconf 77' lang='lat' dir='ltr'>ud</span> <span class='ocrx_word' id='word_1_76' title='bbox 651 2247 711 2296; x_wconf 86' lang='lat' dir='ltr'>nos</span> <span class='ocrx_word' id='word_1_77' title='bbox 728 2229 872 2314; x_wconf 80' lang='lat' dir='ltr'>hospites</span> <span class='ocrx_word' id='word_1_78' title='bbox 890 2227 929 2294; x_wconf 89' lang='lat' dir='ltr'>de</span> <span class='ocrx_word' id='word_1_79' title='bbox 946 2229 1078 2298; x_wconf 89' lang='lat' dir='ltr'>Petrine</span> <span class='ocrx_word' id='word_1_80' title='bbox 1094 2233 1129 2298; x_wconf 89' lang='lat' dir='ltr'>in</span> <span class='ocrx_word' id='word_1_81' title='bbox 1160 2232 1314 2316; x_wconf 84' lang='lat' dir='ltr'>partibus·</span> <span class='ocrx_word' id='word_1_82' title='bbox 1423 2235 1426 2240; x_wconf 80' lang='grc'><strong>’</strong></span> 
     </span>
    </p>
   </div>
   <div class='ocr_carea' id='block_1_5' title="bbox 171 2335 1406 3287">
    <p class='ocr_par' dir='ltr' id='par_1_5' title="bbox 171 2335 1406 3072">
     <span class='ocr_line' id='line_1_12' title="bbox 174 2335 1311 2416; baseline -0.002 -10"><span class='ocrx_word' id='word_1_83' title='bbox 174 2340 348 2410; x_wconf 87' lang='lat' dir='ltr'>Solanonie</span> <span class='ocrx_word' id='word_1_84' title='bbox 364 2336 540 2416; x_wconf 90' lang='lat' dir='ltr'>constituti,</span> <span class='ocrx_word' id='word_1_85' title='bbox 556 2335 683 2404; x_wconf 83' lang='lat' dir='ltr'>litteras</span> <span class='ocrx_word' id='word_1_86' title='bbox 699 2335 865 2403; x_wconf 81' lang='lat' dir='ltr'>karissimi</span> <span class='ocrx_word' id='word_1_87' title='bbox 882 2335 995 2403; x_wconf 85' lang='lat' dir='ltr'>fratris</span> <span class='ocrx_word' id='word_1_88' title='bbox 1011 2339 1113 2406; x_wconf 89' lang='lat' dir='ltr'>nostri</span> <span class='ocrx_word' id='word_1_89' title='bbox 1140 2337 1311 2404; x_wconf 82' lang='lat' dir='ltr'>Oolomani</span> 
     </span>
     <span class='ocr_line' id='line_1_13' title="bbox 171 2444 1316 2533; baseline -0.002 -18"><span class='ocrx_word' id='word_1_90' title='bbox 171 2447 283 2533; x_wconf 79' lang='lat' dir='ltr'>Regis,</span> <span class='ocrx_word' id='word_1_91' title='bbox 316 2453 348 2513; x_wconf 91' lang='lat' dir='ltr'>et</span> <span class='ocrx_word' id='word_1_92' title='bbox 378 2447 479 2514; x_wconf 91' lang='lat' dir='ltr'>Ducis</span> <span class='ocrx_word' id='word_1_93' title='bbox 510 2445 614 2513; x_wconf 90' lang='lat' dir='ltr'>tocius</span> <span class='ocrx_word' id='word_1_94' title='bbox 655 2444 841 2531; x_wconf 84' lang='lat' dir='ltr'>Solanonie,</span> <span class='ocrx_word' id='word_1_95' title='bbox 884 2451 1029 2514; x_wconf 87' lang='lat' dir='ltr'>tenorem</span> <span class='ocrx_word' id='word_1_96' title='bbox 1061 2465 1120 2514; x_wconf 89' lang='lat' dir='ltr'>sue</span> <span class='ocrx_word' id='word_1_97' title='bbox 1151 2447 1316 2514; x_wconf 77' lang='lat' dir='ltr'>libertatis</span> 
     </span>
     <span class='ocr_line' id='line_1_14' title="bbox 174 2551 1406 2638; baseline -0.002 -16"><span class='ocrx_word' id='word_1_98' title='bbox 174 2557 378 2622; x_wconf 81' lang='lat' dir='ltr'>continentes</span> <span class='ocrx_word' id='word_1_99' title='bbox 392 2554 488 2621; x_wconf 92' lang='lat' dir='ltr'>nohis</span> <span class='ocrx_word' id='word_1_100' title='bbox 505 2551 699 2638; x_wconf 84' lang='lat' dir='ltr'>obtulerunt,</span> <span class='ocrx_word' id='word_1_101' title='bbox 715 2558 864 2637; x_wconf 83' lang='lat' dir='ltr'>petentes</span> <span class='ocrx_word' id='word_1_102' title='bbox 880 2571 937 2620; x_wconf 87' lang='lat' dir='ltr'>eas</span> <span class='ocrx_word' id='word_1_103' title='bbox 969 2553 1166 2622; x_wconf 83' lang='lat' dir='ltr'>auctoritate</span> <span class='ocrx_word' id='word_1_104' title='bbox 1197 2563 1314 2621; x_wconf 87' lang='lat' dir='ltr'>nostra</span> <span class='ocrx_word' id='word_1_105' title='bbox 1402 2598 1406 2612; x_wconf 81' lang='lat'>·</span> 
     </span>
     <span class='ocr_line' id='line_1_15' title="bbox 176 2659 1310 2748; baseline -0.004 -18"><span class='ocrx_word' id='word_1_106' title='bbox 176 2661 372 2731; x_wconf 88' lang='lat' dir='ltr'>confirmari.</span> <span class='ocrx_word' id='word_1_107' title='bbox 389 2659 530 2739; x_wconf 77' lang='lat' dir='ltr'>Quorum</span> <span class='ocrx_word' id='word_1_108' title='bbox 548 2680 607 2726; x_wconf 90' lang='lat' dir='ltr'>nos</span> <span class='ocrx_word' id='word_1_109' title='bbox 623 2659 776 2746; x_wconf 87' lang='lat' dir='ltr'>precihus</span> <span class='ocrx_word' id='word_1_110' title='bbox 801 2659 1024 2727; x_wconf 85' lang='lat' dir='ltr'>fauorabiliter</span> <span class='ocrx_word' id='word_1_111' title='bbox 1040 2660 1203 2746; x_wconf 85' lang='lat' dir='ltr'>inclinati,</span> <span class='ocrx_word' id='word_1_112' title='bbox 1220 2663 1310 2748; x_wconf 75' lang='lat' dir='ltr'>ipsas</span> 
     </span>
     <span class='ocr_line' id='line_1_16' title="bbox 173 2765 1314 2853; baseline -0.002 -15"><span class='ocrx_word' id='word_1_113' title='bbox 173 2773 298 2838; x_wconf 83' lang='lat' dir='ltr'>litteras</span> <span class='ocrx_word' id='word_1_114' title='bbox 324 2769 365 2836; x_wconf 88' lang='lat' dir='ltr'>de</span> <span class='ocrx_word' id='word_1_115' title='bbox 396 2768 496 2836; x_wconf 89' lang='lat' dir='ltr'>uerbo</span> <span class='ocrx_word' id='word_1_116' title='bbox 526 2770 570 2835; x_wconf 88' lang='lat' dir='ltr'>ad</span> <span class='ocrx_word' id='word_1_117' title='bbox 601 2767 734 2838; x_wconf 88' lang='lat' dir='ltr'>verhum</span> <span class='ocrx_word' id='word_1_118' title='bbox 764 2767 827 2852; x_wconf 81' lang='lat' dir='ltr'>hys</span> <span class='ocrx_word' id='word_1_119' title='bbox 858 2766 1010 2834; x_wconf 83' lang='lat' dir='ltr'>duximus</span> <span class='ocrx_word' id='word_1_120' title='bbox 1041 2765 1243 2853; x_wconf 88' lang='lat' dir='ltr'>inserendas,</span> <span class='ocrx_word' id='word_1_121' title='bbox 1270 2789 1314 2837; x_wconf 86' lang='lat' dir='ltr'>ac</span> 
     </span>
     <span class='ocr_line' id='line_1_17' title="bbox 173 2871 1314 2962; baseline -0.001 -15"><span class='ocrx_word' id='word_1_122' title='bbox 173 2877 279 2962; x_wconf 81' lang='lat' dir='ltr'>sigilli</span> <span class='ocrx_word' id='word_1_123' title='bbox 314 2876 416 2944; x_wconf 91' lang='lat' dir='ltr'>nostri</span> <span class='ocrx_word' id='word_1_124' title='bbox 455 2877 632 2944; x_wconf 89' lang='lat' dir='ltr'>munimine</span> <span class='ocrx_word' id='word_1_125' title='bbox 671 2871 915 2960; x_wconf 88' lang='lat' dir='ltr'>perhempnlter</span> <span class='ocrx_word' id='word_1_126' title='bbox 955 2874 1168 2942; x_wconf 88' lang='lat' dir='ltr'>roborandas.</span> <span class='ocrx_word' id='word_1_127' title='bbox 1201 2875 1314 2946; x_wconf 76' lang='lat' dir='ltr'>senor</span> 
     </span>
     <span class='ocr_line' id='line_1_18' title="bbox 173 2981 854 3072; baseline -0.009 -18"><span class='ocrx_word' id='word_1_128' title='bbox 173 2989 287 3071; x_wconf 81' lang='lat' dir='ltr'>itaque</span> <span class='ocrx_word' id='word_1_129' title='bbox 303 2986 447 3072; x_wconf 88' lang='lat' dir='ltr'>ipsarum</span> <span class='ocrx_word' id='word_1_130' title='bbox 464 2983 641 3050; x_wconf 84' lang='lat' dir='ltr'>litterarum</span> <span class='ocrx_word' id='word_1_131' title='bbox 674 2981 751 3048; x_wconf 85' lang='lat' dir='ltr'>talis</span> <span class='ocrx_word' id='word_1_132' title='bbox 782 2989 830 3048; x_wconf 89' lang='lat' dir='ltr'>est</span> <span class='ocrx_word' id='word_1_133' title='bbox 847 3006 854 3048; x_wconf 92' lang='lat'><strong>:</strong></span> 
     </span>
    </p>

    <p class='ocr_par' dir='ltr' id='par_1_6' title="bbox 172 3088 1315 3287">
     <span class='ocr_line' id='line_1_19' title="bbox 283 3088 1313 3175; baseline -0.001 -16"><span class='ocrx_word' id='word_1_134' title='bbox 283 3091 478 3160; x_wconf 73' lang='lat' dir='ltr'>colomanus</span> <span class='ocrx_word' id='word_1_135' title='bbox 494 3091 534 3156; x_wconf 91' lang='lat' dir='ltr'>D.</span> <span class='ocrx_word' id='word_1_136' title='bbox 552 3111 600 3175; x_wconf 84' lang='lat' dir='ltr'>gr.</span> <span class='ocrx_word' id='word_1_137' title='bbox 611 3091 680 3156; x_wconf 85' lang='lat' dir='ltr'>Rex</span> <span class='ocrx_word' id='word_1_138' title='bbox 697 3089 916 3157; x_wconf 84' lang='lat' dir='ltr'>Ruthenorum</span> <span class='ocrx_word' id='word_1_139' title='bbox 931 3094 964 3155; x_wconf 90' lang='lat' dir='ltr'>et</span> <span class='ocrx_word' id='word_1_140' title='bbox 975 3089 1050 3156; x_wconf 87' lang='lat' dir='ltr'>Dux</span> <span class='ocrx_word' id='word_1_141' title='bbox 1065 3089 1169 3156; x_wconf 89' lang='lat' dir='ltr'>tocius</span> <span class='ocrx_word' id='word_1_142' title='bbox 1180 3088 1313 3158; x_wconf 84' lang='lat' dir='ltr'>Solano-</span> 
     </span>
     <span class='ocr_line' id='line_1_20' title="bbox 172 3195 1315 3287; baseline -0.005 -18"><span class='ocrx_word' id='word_1_143' title='bbox 172 3201 228 3269; x_wconf 90' lang='lat' dir='ltr'>nie</span> <span class='ocrx_word' id='word_1_144' title='bbox 239 3200 300 3268; x_wconf 82' lang='lat' dir='ltr'>sih.</span> <span class='ocrx_word' id='word_1_145' title='bbox 311 3197 680 3287; x_wconf 76' lang='lat' dir='ltr'>(horethezithlman</span> <span class='ocrx_word' id='word_1_146' title='bbox 697 3195 874 3264; x_wconf 82' lang='lat' dir='ltr'>szlavoniai</span> <span class='ocrx_word' id='word_1_147' title='bbox 892 3196 1078 3281; x_wconf 85' lang='lat' dir='ltr'>heroegnek</span> <span class='ocrx_word' id='word_1_148' title='bbox 1098 3195 1236 3266; x_wconf 81' lang='lat' dir='ltr'>1240-lri</span> <span class='ocrx_word' id='word_1_149' title='bbox 1248 3199 1315 3283; x_wconf 91' lang='lat' dir='ltr'>pri-</span> 
     </span>
    </p>
   </div>
   <div class='ocr_carea' id='block_1_6' title="bbox 172 3302 1313 3393">
    <p class='ocr_par' dir='ltr' id='par_1_7' title="bbox 172 3302 1313 3393">
     <span class='ocr_line' id='line_1_21' title="bbox 172 3302 1313 3393; baseline -0.004 -15"><span class='ocrx_word' id='word_1_150' title='bbox 172 3308 362 3393; x_wconf 81' lang='lat' dir='ltr'>vilegiuma,</span> <span class='ocrx_word' id='word_1_151' title='bbox 377 3307 460 3372; x_wconf 88' lang='lat' dir='ltr'>mint</span> <span class='ocrx_word' id='word_1_152' title='bbox 475 3303 752 3392; x_wconf 75' lang='lat' dir='ltr'>Okmanythrunlr</span> <span class='ocrx_word' id='word_1_153' title='bbox 763 3303 812 3370; x_wconf 87' lang='lat' dir='ltr'>XI</span> <span class='ocrx_word' id='word_1_154' title='bbox 828 3305 948 3388; x_wconf 80' lang='lat' dir='ltr'>rugyis</span> <span class='ocrx_word' id='word_1_155' title='bbox 965 3302 1171 3371; x_wconf 81' lang='lat' dir='ltr'>aharmadik</span> <span class='ocrx_word' id='word_1_156' title='bbox 1187 3305 1313 3392; x_wconf 83' lang='lat' dir='ltr'>solyam</span> 
     </span>
    </p>
   </div>
   <div class='ocr_carea' id='block_1_7' title="bbox 165 3414 1314 3605">
    <p class='ocr_par' dir='ltr' id='par_1_8' title="bbox 165 3414 1314 3605">
     <span class='ocr_line' id='line_1_22' title="bbox 165 3414 539 3492; baseline -0.016 -7"><span class='ocrx_word' id='word_1_157' title='bbox 165 3419 200 3485; x_wconf 86' lang='lat' dir='ltr'>l.</span> <span class='ocrx_word' id='word_1_158' title='bbox 217 3416 392 3484; x_wconf 78' lang='lat' dir='ltr'>hoteteben</span> <span class='ocrx_word' id='word_1_159' title='bbox 408 3415 485 3482; x_wconf 79' lang='lat'><strong>313.</strong></span> <span class='ocrx_word' id='word_1_160' title='bbox 503 3414 539 3492; x_wconf 89' lang='lat' dir='ltr'>l.)</span> 
     </span>
     <span class='ocr_line' id='line_1_23' title="bbox 282 3516 1314 3605; baseline -0.002 -16"><span class='ocrx_word' id='word_1_161' title='bbox 282 3521 382 3589; x_wconf 89' lang='lat' dir='ltr'>Porro</span> <span class='ocrx_word' id='word_1_162' title='bbox 398 3519 487 3588; x_wconf 86' lang='lat' dir='ltr'>lacta</span> <span class='ocrx_word' id='word_1_163' title='bbox 502 3523 553 3586; x_wconf 88' lang='lat' dir='ltr'>est</span> <span class='ocrx_word' id='word_1_164' title='bbox 567 3517 630 3586; x_wconf 90' lang='lat' dir='ltr'>hec</span> <span class='ocrx_word' id='word_1_165' title='bbox 648 3516 819 3585; x_wconf 83' lang='lat' dir='ltr'>anastacio</span> <span class='ocrx_word' id='word_1_166' title='bbox 835 3535 875 3582; x_wconf 89' lang='lat' dir='ltr'>ao</span> <span class='ocrx_word' id='word_1_167' title='bbox 891 3517 1097 3585; x_wconf 86' lang='lat' dir='ltr'>confirmacio</span> <span class='ocrx_word' id='word_1_168' title='bbox 1114 3539 1173 3605; x_wconf 90' lang='lat' dir='ltr'>per</span> <span class='ocrx_word' id='word_1_169' title='bbox 1190 3539 1314 3588; x_wconf 85' lang='lat' dir='ltr'>manus</span> 
     </span>
    </p>
   </div>
   <div class='ocr_carea' id='block_1_8' title="bbox 170 3625 1317 4774">
    <p class='ocr_par' dir='ltr' id='par_1_9' title="bbox 170 3625 1317 4774">
     <span class='ocr_line' id='line_1_24' title="bbox 173 3625 1312 3714; baseline -0.004 -13"><span class='ocrx_word' id='word_1_170' title='bbox 173 3629 283 3701; x_wconf 79' lang='lat' dir='ltr'>dilecti</span> <span class='ocrx_word' id='word_1_171' title='bbox 299 3635 332 3696; x_wconf 91' lang='lat' dir='ltr'>et</span> <span class='ocrx_word' id='word_1_172' title='bbox 346 3627 453 3696; x_wconf 86' lang='lat' dir='ltr'>fidelis</span> <span class='ocrx_word' id='word_1_173' title='bbox 469 3627 570 3695; x_wconf 87' lang='lat' dir='ltr'>nostri</span> <span class='ocrx_word' id='word_1_174' title='bbox 587 3626 738 3710; x_wconf 76' lang='lat' dir='ltr'>Magistri</span> <span class='ocrx_word' id='word_1_175' title='bbox 765 3625 929 3710; x_wconf 88' lang='lat' dir='ltr'>Benedictj</span> <span class='ocrx_word' id='word_1_176' title='bbox 964 3626 1127 3714; x_wconf 84' lang='lat' dir='ltr'>Propositi</span> <span class='ocrx_word' id='word_1_177' title='bbox 1157 3627 1312 3698; x_wconf 81' lang='lat' dir='ltr'>Albensis</span> 
     </span>
     <span class='ocr_line' id='line_1_25' title="bbox 172 3732 1314 3818; baseline -0.001 -11"><span class='ocrx_word' id='word_1_178' title='bbox 172 3748 207 3807; x_wconf 89' lang='lat' dir='ltr'>et</span> <span class='ocrx_word' id='word_1_179' title='bbox 222 3740 308 3806; x_wconf 86' lang='lat' dir='ltr'>Aulo</span> <span class='ocrx_word' id='word_1_180' title='bbox 322 3741 432 3805; x_wconf 89' lang='lat' dir='ltr'>nostre</span> <span class='ocrx_word' id='word_1_181' title='bbox 465 3733 673 3818; x_wconf 71' lang='lat' dir='ltr'>cancellarij.</span> <span class='ocrx_word' id='word_1_182' title='bbox 698 3732 918 3818; x_wconf 80' lang='lat' dir='ltr'>Strigonlensi</span> <span class='ocrx_word' id='word_1_183' title='bbox 934 3739 966 3801; x_wconf 89' lang='lat' dir='ltr'>et</span> <span class='ocrx_word' id='word_1_184' title='bbox 981 3733 1154 3803; x_wconf 78' lang='lat' dir='ltr'>Coloceusi</span> <span class='ocrx_word' id='word_1_185' title='bbox 1164 3735 1314 3812; x_wconf 81' lang='lat' dir='ltr'>Sedibus</span> 
     </span>
     <span class='ocr_line' id='line_1_26' title="bbox 172 3839 1312 3929; baseline -0.003 -14"><span class='ocrx_word' id='word_1_186' title='bbox 172 3845 372 3915; x_wconf 83' lang='lat' dir='ltr'>vacantibus</span> <span class='ocrx_word' id='word_1_187' title='bbox 386 3865 394 3926; x_wconf 90' lang='lat'>;</span> <span class='ocrx_word' id='word_1_188' title='bbox 418 3841 646 3910; x_wconf 87' lang='lat' dir='ltr'>Bartholomeo</span> <span class='ocrx_word' id='word_1_189' title='bbox 663 3839 1020 3927; x_wconf 80' lang='lat' dir='ltr'>Quinqueecelesiensi‚</span> <span class='ocrx_word' id='word_1_190' title='bbox 1037 3842 1128 3910; x_wconf 84' lang='lat' dir='ltr'>Clelo</span> <span class='ocrx_word' id='word_1_191' title='bbox 1147 3843 1312 3929; x_wconf 81' lang='lat' dir='ltr'>Agriensi‚</span> 
     </span>
     <span class='ocr_line' id='line_1_27' title="bbox 172 3947 1316 4040; baseline 0 -18"><span class='ocrx_word' id='word_1_192' title='bbox 172 3951 341 4040; x_wconf 88' lang='lat' dir='ltr'>Stephano</span> <span class='ocrx_word' id='word_1_193' title='bbox 373 3951 596 4036; x_wconf 80' lang='lat' dir='ltr'>Zagrabiensi‚</span> <span class='ocrx_word' id='word_1_194' title='bbox 630 3949 753 4017; x_wconf 81' lang='lat' dir='ltr'>Basilio</span> <span class='ocrx_word' id='word_1_195' title='bbox 785 3947 995 4036; x_wconf 77' lang='lat' dir='ltr'>Canadiensi,</span> <span class='ocrx_word' id='word_1_196' title='bbox 1016 3948 1194 4019; x_wconf 60' lang='lat' dir='ltr'>&amp;aedicto</span> <span class='ocrx_word' id='word_1_197' title='bbox 1210 3953 1316 4022; x_wconf 88' lang='lat' dir='ltr'>Vara-</span> 
     </span>
     <span class='ocr_line' id='line_1_28' title="bbox 171 4057 1316 4148; baseline 0.001 -23"><span class='ocrx_word' id='word_1_198' title='bbox 171 4059 279 4130; x_wconf 89' lang='lat' dir='ltr'>diensi</span> <span class='ocrx_word' id='word_1_199' title='bbox 311 4065 344 4126; x_wconf 89' lang='lat' dir='ltr'>et</span> <span class='ocrx_word' id='word_1_200' title='bbox 378 4057 543 4143; x_wconf 84' lang='lat' dir='ltr'>postulato</span> <span class='ocrx_word' id='word_1_201' title='bbox 585 4057 768 4143; x_wconf 88' lang='lat' dir='ltr'>Yeuriensi,</span> <span class='ocrx_word' id='word_1_202' title='bbox 804 4057 1013 4127; x_wconf 86' lang='lat' dir='ltr'>Bartolomeo</span> <span class='ocrx_word' id='word_1_203' title='bbox 1053 4059 1316 4148; x_wconf 72' lang='lat' dir='ltr'>Wesprimiensi,</span> 
     </span>
     <span class='ocr_line' id='line_1_29' title="bbox 170 4164 1314 4254; baseline 0.001 -19"><span class='ocrx_word' id='word_1_204' title='bbox 170 4167 337 4253; x_wconf 86' lang='lat' dir='ltr'>Stephano</span> <span class='ocrx_word' id='word_1_205' title='bbox 353 4165 516 4233; x_wconf 84' lang='lat' dir='ltr'>Waoiensi</span> <span class='ocrx_word' id='word_1_206' title='bbox 533 4173 565 4233; x_wconf 92' lang='lat' dir='ltr'>ct</span> <span class='ocrx_word' id='word_1_207' title='bbox 581 4167 749 4252; x_wconf 89' lang='lat' dir='ltr'>postulato</span> <span class='ocrx_word' id='word_1_208' title='bbox 780 4164 996 4250; x_wconf 84' lang='lat' dir='ltr'>Strigoniensi</span> <span class='ocrx_word' id='word_1_209' title='bbox 1012 4168 1185 4254; x_wconf 78' lang='lat' dir='ltr'>lipisoopis</span> <span class='ocrx_word' id='word_1_210' title='bbox 1199 4169 1314 4236; x_wconf 82' lang='lat' dir='ltr'>Eccle-</span> 
     </span>
     <span class='ocr_line' id='line_1_30' title="bbox 172 4273 1310 4359; baseline -0.001 -14"><span class='ocrx_word' id='word_1_211' title='bbox 172 4278 243 4345; x_wconf 86' lang='lat' dir='ltr'>siae</span> <span class='ocrx_word' id='word_1_212' title='bbox 275 4274 337 4344; x_wconf 90' lang='lat' dir='ltr'>Dei</span> <span class='ocrx_word' id='word_1_213' title='bbox 371 4274 639 4359; x_wconf 84' lang='lat' dir='ltr'>gubernantibus.</span> <span class='ocrx_word' id='word_1_214' title='bbox 681 4273 810 4342; x_wconf 89' lang='lat' dir='ltr'>Dilecto</span> <span class='ocrx_word' id='word_1_215' title='bbox 844 4281 985 4359; x_wconf 79' lang='lat' dir='ltr'>cognato</span> <span class='ocrx_word' id='word_1_216' title='bbox 1017 4283 1128 4344; x_wconf 86' lang='lat' dir='ltr'>nostro</span> <span class='ocrx_word' id='word_1_217' title='bbox 1159 4275 1310 4344; x_wconf 89' lang='lat' dir='ltr'>Johanne</span> 
     </span>
     <span class='ocr_line' id='line_1_31' title="bbox 171 4381 1315 4470; baseline -0.001 -17"><span class='ocrx_word' id='word_1_218' title='bbox 171 4383 313 4453; x_wconf 91' lang='lat' dir='ltr'>Domino</span> <span class='ocrx_word' id='word_1_219' title='bbox 328 4382 455 4470; x_wconf 85' lang='lat' dir='ltr'>Syrmie</span> <span class='ocrx_word' id='word_1_220' title='bbox 472 4381 596 4451; x_wconf 79' lang='lat' dir='ltr'>Gemite</span> <span class='ocrx_word' id='word_1_221' title='bbox 612 4383 773 4470; x_wconf 87' lang='lat' dir='ltr'>Baciensi,</span> <span class='ocrx_word' id='word_1_222' title='bbox 790 4381 933 4450; x_wconf 82' lang='lat' dir='ltr'>Amoldo</span> <span class='ocrx_word' id='word_1_223' title='bbox 950 4381 1106 4452; x_wconf 88' lang='lat' dir='ltr'>Palatino</span> <span class='ocrx_word' id='word_1_224' title='bbox 1123 4389 1155 4452; x_wconf 89' lang='lat' dir='ltr'>et</span> <span class='ocrx_word' id='word_1_225' title='bbox 1186 4383 1315 4452; x_wconf 82' lang='lat' dir='ltr'>Gemite</span> 
     </span>
     <span class='ocr_line' id='line_1_32' title="bbox 174 4491 1313 4580; baseline 0.001 -21"><span class='ocrx_word' id='word_1_226' title='bbox 174 4492 383 4580; x_wconf 81' lang='lat' dir='ltr'>Symigiensi‚</span> <span class='ocrx_word' id='word_1_227' title='bbox 413 4491 570 4559; x_wconf 84' lang='lat' dir='ltr'>Ladialuo</span> <span class='ocrx_word' id='word_1_228' title='bbox 603 4491 795 4560; x_wconf 80' lang='lat' dir='ltr'>Uioeiuoioe</span> <span class='ocrx_word' id='word_1_229' title='bbox 820 4499 940 4579; x_wconf 89' lang='lat' dir='ltr'>nostro,</span> <span class='ocrx_word' id='word_1_230' title='bbox 956 4491 1088 4559; x_wconf 83' lang='lat' dir='ltr'>Matheo</span> <span class='ocrx_word' id='word_1_231' title='bbox 1104 4493 1313 4560; x_wconf 79' lang='lat' dir='ltr'>Towarnico·</span> 
     </span>
     <span class='ocr_line' id='line_1_33' title="bbox 172 4599 1317 4687; baseline -0.003 -16"><span class='ocrx_word' id='word_1_232' title='bbox 172 4621 252 4687; x_wconf 83' lang='lat' dir='ltr'>rum,</span> <span class='ocrx_word' id='word_1_233' title='bbox 269 4599 416 4668; x_wconf 89' lang='lat' dir='ltr'>Rolando</span> <span class='ocrx_word' id='word_1_234' title='bbox 433 4600 673 4687; x_wconf 87' lang='lat' dir='ltr'>Dapilerorum,</span> <span class='ocrx_word' id='word_1_235' title='bbox 691 4599 853 4668; x_wconf 78' lang='lat' dir='ltr'>Mauricio</span> <span class='ocrx_word' id='word_1_236' title='bbox 870 4599 1112 4687; x_wconf 73' lang='lat' dir='ltr'>pincernarum,</span> <span class='ocrx_word' id='word_1_237' title='bbox 1146 4600 1317 4687; x_wconf 87' lang='lat' dir='ltr'>Stephano</span> 
     </span>
     <span class='ocr_line' id='line_1_34' title="bbox 281 4710 1206 4774; baseline 0.002 -2"><span class='ocrx_word' id='word_1_238' title='bbox 281 4737 385 4774; x_wconf 70' lang='lat' dir='ltr'>uorum</span> <span class='ocrx_word' id='word_1_239' title='bbox 403 4735 487 4774; x_wconf 76' lang='lat' dir='ltr'>uuus.</span> <span class='ocrx_word' id='word_1_240' title='bbox 503 4737 574 4773; x_wconf 81' lang='lat' dir='ltr'>uror.</span> <span class='ocrx_word' id='word_1_241' title='bbox 596 4727 634 4757; x_wconf 75' lang='grc'>’-</span> <span class='ocrx_word' id='word_1_242' title='bbox 652 4736 725 4774; x_wconf 80' lang='lat' dir='ltr'>nrrr.</span> <span class='ocrx_word' id='word_1_243' title='bbox 744 4735 811 4772; x_wconf 80' lang='lat' dir='ltr'>xxrr.</span> <span class='ocrx_word' id='word_1_244' title='bbox 1160 4710 1206 4774; x_wconf 86' lang='grc'>44</span> 
     </span>
    </p>
   </div>
   <div class='ocr_carea' id='block_1_9' title="bbox 0 0 1590 5166">
    <p class='ocr_par' dir='ltr' id='par_1_10' title="bbox 0 0 1590 5166">
     <span class='ocr_line' id='line_1_35' title="bbox 0 0 1590 5166; baseline 0 0"><span class='ocrx_word' id='word_1_245' title='bbox 0 0 1590 5166; x_wconf 95' lang='lat' dir='ltr'> </span> 
     </span>
    </p>
   </div>
  </div>
 </body>
</html>
