3096 5160
839 257 904 324 ult-2

304 473 345 520 cx
361 453 506 521 ueridica
523 453 685 521 relacione
700 454 862 522 iohannis
877 454 1027 540 Magistri
1044 455 1300 524 Tanaruicorum
1310 462 1440 524 nostro·

304 583 375 630 rum
394 561 529 630 Comitis
545 562 787 648 Suproniensis,
819 571 852 630 et
866 562 995 632 Nicolai
1011 562 1154 632 Palatini
1170 563 1304 633 Comitis
1330 565 1440 651 Symi-

303 670 437 758 giensis,
453 669 645 738 dilectorum
662 677 695 738 et
710 669 852 739 fidelium
869 679 1061 758 nostrorum,
1078 678 1111 740 et
1126 670 1264 740 aliorum
1275 673 1436 741 nobilium

305 779 412 864 Regni
442 777 547 847 nostri
578 778 724 848 constitit
754 777 938 848 manifeste.
988 779 1138 848 Ceterum
1185 781 1439 851 succedentibus

305 885 408 953 Nobis
423 883 545 954 Diuino
561 905 693 952 munere
708 887 741 952 in
757 888 862 972 Regni
878 887 995 956 solium
1012 895 1044 955 et
1074 887 1332 973 gubernaculum
1364 888 1440 956 iure

306 1001 339 1060 ct
354 991 468 1062 ordine
485 994 644 1079 geniture,
670 1015 741 1062 cum
758 995 932 1063 exercitum
948 1003 1097 1064 nostrum
1123 1000 1235 1064 contra
1265 997 1439 1064 Albertum

306 1101 430 1170 Ducem
446 1099 578 1169 Austris
592 1123 652 1188 pro
669 1103 789 1171 iniuria
805 1103 917 1188 Regno
944 1111 1054 1170 nostro
1081 1123 1138 1190 per
1170 1105 1277 1190 ipsum
1309 1105 1439 1172 Ducem

305 1207 402 1275 illata
431 1208 686 1294 amouissemus3
710 1211 794 1278 idem
812 1211 967 1297 Magister
991 1211 1125 1298 chhov
1156 1211 1308 1280 ulnutem
1340 1231 1439 1279 accu-

306 1317 436 1384 mulans
455 1317 641 1399 virtutibus,
672 1319 706 1384 in
724 1319 969 1406 expuguuoione
986 1321 1083 1388 castri
1101 1319 1179 1387 dieti
1195 1319 1295 1388 Ducis
1325 1323 1438 1388 Rorov

307 1425 424 1514 vocati,
441 1426 525 1512 quod
542 1428 651 1494 labore
668 1435 850 1496 nostrorum
876 1429 1020 1498 fidelium
1046 1437 1078 1496 et
1108 1429 1195 1496 bello
1226 1429 1438 1516 optinuimus,

306 1535 369 1604 duo
386 1535 566 1604 sentientes
581 1537 685 1620 ipsius
703 1539 763 1606 sub
781 1539 894 1605 eodem
910 1545 1016 1605 castro
1033 1537 1209 1606 extiterunt
1238 1537 1437 1624 interempti.

305 1643 343 1710 In
382 1645 722 1730 recompensacionem
752 1647 963 1714 scruioiorum
994 1647 1097 1733 ipsius
1128 1645 1277 1732 Magistri
1309 1645 1436 1712 Bichou

306 1750 436 1818 domino
453 1749 619 1838 Stephano
637 1757 669 1818 ct
685 1754 844 1823 Ladialao
860 1755 1001 1840 Regibus
1016 1755 1194 1842 Hungarie‚
1226 1753 1437 1842 predecesso-

306 1859 394 1929 ribus
410 1862 528 1930 nostris
545 1861 686 1931 felicium
703 1863 976 1950 recordacionum,
1007 1871 1039 1930 ct
1065 1865 1176 1948 Regno
1208 1863 1368 1948 primitus,
1403 1868 1438 1928 et

307 1967 434 2036 demum
451 1969 555 2054 nobis,
580 1977 615 2037 vt
631 1969 845 2058 premisimus,
871 1973 1101 2059 impensorum,
1132 1978 1164 2038 ct
1178 1971 1318 2040 aliorum
1334 1989 1438 2056 quam

241 2156 244 2167 Ι
307 2077 517 2160 plurimorum
533 2079 627 2147 hellis
643 2079 830 2146 intrinsecis
846 2085 878 2146 et
894 2078 1084 2146 extrinsecis
1109 2077 1334 2164 exhibitorum,
1361 2076 1439 2144 licet

308 2203 413 2270 parua
428 2203 486 2269 pro
504 2189 641 2273 magnis,
671 2185 833 2255 modicum
851 2209 908 2274 pro
924 2187 1075 2256 maximis
1101 2189 1210 2255 facere
1242 2185 1437 2268 videamur;

308 2287 474 2375 quandam
491 2291 602 2358 villam
620 2293 726 2361 Casiri
743 2295 853 2363 Ferrei
869 2295 1084 2363 Zoruuskend
1100 2301 1249 2363 vocatam
1266 2293 1358 2359 iuxta
1373 2290 1436 2357 flu·

308 2397 396 2465 uium
413 2399 504 2466 Rsba
520 2401 719 2486 existentem,
738 2423 810 2470 cum
828 2403 976 2472 omnibus
992 2403 1189 2472 utilitatibus
1214 2407 1246 2467 et
1271 2399 1438 2486 pertinen-

308 2506 368 2590 cijs
383 2505 450 2576 suis
465 2509 635 2596 uniuersis,
652 2531 708 2596 per
724 2512 891 2579 doruiuuru
906 2513 1027 2598 Regem
1045 2511 1245 2599 Stephanum
1263 2511 1302 2576 cb
1320 2507 1439 2574 merita

307 2613 515 2683 seruiciorum
532 2637 663 2686 suorum
680 2620 784 2688 eidem
801 2623 965 2709 collatam,
984 2627 1017 2688 ct
1033 2640 1133 2706 usque
1150 2619 1193 2686 ad
1208 2619 1269 2685 hec
1286 2623 1437 2701 tempora

307 2739 503 2812 possessam,
520 2725 625 2794 eidem
642 2727 798 2814 Magistro
816 2727 947 2817 Bichov,
967 2739 998 2796 et
1015 2749 1072 2816 per
1088 2749 1160 2796 eum
1171 2723 1437 2806 suisheredibns,

307 2831 523 2919 heredumque
555 2857 684 2904 suorum
717 2839 957 2906 successoribus
988 2837 1186 2924 reliquimus,
1218 2833 1369 2902 dedimus
1403 2837 1439 2896 et

307 2939 500 3010 contulimus
519 2943 590 3011 iure
606 2959 762 3031 perpetuo
778 2945 1008 3030 possidendam
1027 2953 1057 3013 ct
1073 2945 1270 3029 habendum,
1285 2941 1357 3007 sub
1373 2938 1438 3004 eis·

307 3047 382 3114 dem
398 3048 492 3117 metis
508 3057 541 3116 et
558 3050 701 3118 terminis
718 3053 871 3141 antiquis,
905 3051 1021 3137 quibus
1037 3051 1150 3120 eadem
1177 3050 1257 3118 villa
1288 3049 1439 3114 Zorwos·

307 3155 397 3224 lrerrd
413 3157 562 3242 primitus
580 3157 692 3225 habita
708 3159 888 3226 dinoscitur
903 3169 935 3226 et
950 3179 1110 3245 possessa.
1133 3159 1206 3226 Non
1223 3157 1371 3225 obstante
1388 3171 1439 3237 ec,

307 3264 395 3348 quod
411 3264 619 3352 priuilegium
652 3265 774 3334 domini
805 3267 961 3353 Stephani
993 3269 1092 3353 Regis
1125 3287 1222 3354 super
1253 3263 1441 3332 collacione

306 3371 415 3458 priore
430 3373 506 3440 ville
522 3373 743 3443 Zorwoskend
760 3376 794 3442 in
810 3377 1029 3463 occupacioue
1045 3377 1144 3444 castri
1161 3373 1264 3460 ipsius
1280 3369 1440 3453 Magistri

305 3479 449 3570 Bychov,
465 3489 499 3550 vt
517 3483 706 3569 premissum
725 3491 784 3572 cst,
816 3487 858 3551 sit
873 3492 1038 3572 receptum
1056 3491 1088 3550 et
1104 3481 1278 3563 amissum3
1303 3498 1376 3544 cnm
1395 3475 1442 3542 de

307 3589 480 3659 emissione
495 3591 739 3678 priuilegiorum
754 3615 884 3661 suorum
903 3615 961 3680 per
976 3591 1162 3680 Capitulum
1188 3587 1296 3657 (lustri
1321 3584 1441 3651 Ferrci

307 3697 489 3766 Beronibus
506 3705 537 3768 ct
553 3701 723 3768 Nobilibus
741 3701 845 3786 Regni
862 3705 964 3769 nostri
980 3700 1157 3769 constiterit
1173 3697 1355 3766 manifeste.
1398 3692 1442 3757 In

306 3805 398 3876 ouius
416 3807 462 3875 roi
479 3807 666 3876 memoriam
683 3817 938 3895 perpetuamque
955 3809 1137 3876 firmitatem
1163 3812 1327 3893 presentes
1359 3821 1442 3868 con-

306 3915 462 3983 cessimus
477 3917 579 4003 sigilli
597 3919 699 3985 nostri
716 3919 893 3986 munimine
909 3917 1086 3986 roboratus.
1104 3919 1223 3983 Datum
1240 3933 1299 4000 per
1314 3928 1441 3978 manns

305 4023 436 4091 discreti
451 4025 512 4092 viri
528 4027 677 4112 Magistri
702 4025 865 4094 'dheodori
896 4026 1050 4094 Albensis
1082 4022 1227 4092 Ecclesie
1257 4017 1440 4106 Prepositi,

303 4133 388 4200 Aule
403 4141 513 4202 nostre
529 4133 802 4220 vicecancellerrj
821 4135 932 4203 dilecti
947 4142 979 4202 et
994 4133 1103 4202 fidelis
1120 4132 1231 4212 nostri,
1256 4147 1344 4196 anno
1368 4127 1442 4195 Do·

305 4241 382 4308 mirri
398 4242 448 4308 Μο
464 4241 684 4311 ducentesimo
700 4244 911 4328 nonagesimo
928 4243 1039 4329 primo,

307 4371 448 4426 (Eredetie
478 4373 663 4438 burhartyain,
694 4373 824 4439 mclynek
857 4373 1007 4425 vitriis-keil
1039 4369 1276 4437 selysmzsiubron
1317 4366 1441 4430 fiiggtttt

306 4461 426 4527 pecse'tje
445 4463 600 4528 elveszett;
627 4481 643 4516 a
662 4463 769 4515 rumclt.
790 4465 909 4529 herczeg
927 4463 1083 4530 Batthyetni
1103 4459 1199 4514 cuulad
1217 4455 1441 4520 reverteremur.)

737 4629 744 4634 .
761 4627 976 4636 --——-....--——-0-½
985 4631 1002 4638 -·
