3148 5164
786 301 946 406 „isi-

298 495 463 563 raeionem
488 494 654 583 predictus
678 491 834 578 Magister
863 491 1004 579 Vgrinus
1030 502 1163 565 estuans
1189 495 1439 567 meritissime

301 601 434 670 euobis
449 600 612 668 humiliter
637 599 825 685 postulauit,
849 607 885 668 vt
908 597 1074 684 quandam
1098 607 1222 670 terram
1246 601 1357 672 Pabar
1381 627 1439 674 uo-

302 715 411 776 catam
437 708 472 772 in
487 703 650 774 Occium
675 705 717 772 de
739 704 860 772 Wollso
884 705 1086 794 existentem,
1103 727 1176 775 cem
1199 711 1283 777 loeis
1298 719 1439 795 quatuor

299 813 453 882 uillarum
497 809 541 878 ad
582 809 720 878 eandem
761 809 874 878 uillam
914 810 1025 879 Pabar
1053 812 1280 902 altinensium,
1323 817 1438 902 Jelnn,

299 919 416 1005 Tugia,
449 918 579 1004 Mihaly
611 923 644 983 et
676 917 836 983 Erectuen
878 922 1077 1006 necatarum,
1108 925 1216 987 nostm
1257 921 1436 996 collationi

302 1027 548 1114 pertinencium,
571 1025 604 1090 in
636 1023 974 1110 recompensacionem
999 1026 1205 1095 seruioiorum
1238 1029 1363 1096 Matbei
1395 1050 1438 1095 ac

301 1137 437 1203 fratrum
468 1151 602 1202 suorum
632 1131 860 1217 predictorum,
892 1152 964 1199 cum
981 1133 1131 1200 omnibns
1155 1133 1223 1202 suis
1238 1135 1442 1204 militaiibus

301 1244 388 1330 ipsis
404 1241 445 1310 de
463 1240 570 1326 Regia
583 1237 811 1308 beniuoleuoia
841 1235 964 1307 donare
994 1239 1212 1324 dignaremur.
1243 1243 1312 1309 Nos
1344 1262 1437 1329 uero,

300 1349 357 1435 qui
390 1368 432 1417 cx
461 1347 566 1416 officio
598 1347 741 1432 succepti
772 1345 942 1431 regiminis
975 1349 1092 1414 merita
1106 1347 1308 1432 singulorum
1326 1351 1436 1416 meliri

300 1457 468 1542 debemus,
484 1453 588 1541 ipsius
602 1453 750 1538 Magistri
765 1451 879 1538 Vgriui
894 1441 1095 1539 peticionem
1106 1453 1237 1542 iustam,
1264 1453 1434 1539 legitmam

300 1571 335 1632 et
351 1561 584 1630 racionabilem
617 1580 688 1628 esse
720 1560 975 1646 considerantes,
1000 1560 1181 1647 predictam
1197 1560 1311 1629 uillam
1328 1561 1439 1630 Pabar

300 1677 462 1758 uocatam,
479 1689 552 1736 cum
568 1667 765 1735 utilitatibus
781 1667 850 1736 suis
868 1667 1031 1736 uniuersis
1047 1675 1081 1735 et
1106 1667 1246 1755 tributis,
1279 1687 1320 1735 ae
1352 1670 1438 1737 loeis

300 1783 440 1862 quatuor
469 1775 620 1844 uillarum
652 1781 914 1862 memoratarum,
943 1783 978 1841 et
1010 1794 1123 1842 earnm
1155 1775 1299 1842 omnium
1321 1775 1438 1845 usibus

302 1884 475 1972 uniuersis,
491 1885 582 1952 iuxta
613 1887 739 1950 ueteres
771 1887 875 1950 metes
891 1888 924 1950 et
954 1882 1118 1965 antiquas,
1150 1881 1265 1966 quibus
1297 1881 1433 1952 heodem

299 1999 400 2060 antea
429 1989 568 2058 limitata
599 1986 727 2056 luerent
757 1995 791 2056 et
806 2007 966 2074 possesse,
998 1987 1040 2054 de
1055 1987 1190 2056 oonsilio
1215 1987 1433 2077 Prelatornm,

297 2100 460 2167 Beronum
477 2103 509 2166 et
523 2093 688 2164 Nobilium
712 2095 816 2180 Regni
847 2095 949 2164 nostri
979 2094 1122 2162 fidelium
1153 2095 1326 2163 nobiscnm
1358 2117 1435 2166 oon·

299 2205 497 2288 sedenoium,
528 2201 659 2272 Matheo
690 2207 723 2271 et
738 2200 894 2270 iratribus
925 2201 993 2269 suis
1009 2199 1194 2282 antedictis,
1211 2219 1252 2267 ae
1268 2220 1327 2286 per
1343 2201 1435 2289 ipsos

300 2331 412 2380 eornm
437 2309 609 2379 heredibus
641 2308 838 2378 heredumue
868 2329 998 2378 suorum
1030 2309 1272 2378 successoribus
1304 2306 1431 2396 damus,

298 2417 460 2486 tradimus
500 2422 533 2481 et
562 2415 757 2484 conferimus
796 2416 867 2482 iure
908 2421 1064 2502 perpetuo
1096 2423 1130 2483 et
1168 2415 1433 2484 inreuooabiliter

302 2521 533 2611 possidendas,
550 2521 710 2592 tenendas
724 2522 845 2610 pariter
861 2531 894 2591 et
925 2521 1103 2591 habendus.
1135 2521 1174 2589 In
1206 2521 1299 2588 euius
1330 2521 1433 2589 dona·

300 2629 404 2699 olonis
435 2630 656 2699 testimouium
686 2637 941 2726 perpetuamque
970 2630 1157 2698 firmitatem
1172 2635 1345 2716 presentes
1361 2649 1433 2697 eou-

83 2721 85 2727 ’
165 2805 166 2809 ,
301 2737 458 2806 cessimus
474 2737 600 2806 litteras
616 2737 838 2826 priuilegiales
854 2738 1016 2824 dupplicis
1046 2735 1148 2822 sigilli
1179 2739 1283 2805 nostri
1316 2741 1433 2808 robore

301 2846 515 2916 communitas
546 2865 606 2914 ser
636 2847 814 2914 roboratas.
845 2845 968 2913 Datum
998 2864 1056 2931 per
1087 2863 1204 2911 manus
1228 2845 1436 2914 venerabilis

299 2955 402 3040 patris
418 2952 529 3022 fratris
545 2951 699 3038 Anthonij
716 2952 871 3040 Episcopi
900 2951 1046 3020 Ecclesia
1075 2947 1317 3020 Obauediensis
1343 2952 1434 3020 Aule

300 3069 412 3130 nostre
438 3059 711 3146 vicecancellarij
731 3073 817 3128 anno
840 3059 882 3128 ab
897 3057 1130 3126 Ineamacione
1159 3057 1294 3124 Domini
1309 3055 1429 3126 ΜιΟΟο

299 3170 513 3254 nonogesimo
528 3175 653 3252 octauo,
669 3167 771 3237 tercio
787 3167 861 3237 idus
877 3167 968 3255 Julij,
984 3166 1088 3252 Regni
1111 3165 1432 3235 antemnoatrianuo

299 3275 449 3345 similiter
467 3283 595 3347 octauo.

299 3473 442 3534 (Eredetie
460 3474 645 3542 berhtrtytm
673 3489 691 3526 a
710 3475 796 3540 liiggd
820 3474 915 3541 peeset
939 3473 1091 3540 elvesueit5
1121 3489 1138 3526 a
1161 3473 1240 3526 mett.
1272 3470 1341 3538 grbi
1368 3470 1423 3534 zay

693 3563 789 3616 cealtd
808 3563 1022 3628 levtltartbau.)
