3096 5160
810 953 886 1026 ete.

281 1153 328 1219 Aa
358 1158 429 1241 apri
460 1155 686 1240 kdptalannuk
701 1154 970 1256 diuonysdplevele
996 1157 1142 1242 biznnyna
1168 1153 1409 1220 birlokeeere‘rdl

279 1259 434 1345 Guynreri
449 1261 562 1328 Ertdre
579 1263 756 1345 enmeafiua'
772 1266 805 1328 da
821 1287 843 1329 u
869 1262 1017 1329 Mardtlrr'
1041 1259 1107 1327 kun
1139 1263 1308 1347 neuuetadp
1338 1261 1407 1328 tddd

592 1369 771 1454 dereaztye'n
787 1371 882 1456 tapja
898 1370 977 1436 ledat
1002 1369 1098 1434 1292.

385 1669 551 1740 Universis
568 1678 737 1756 presentes
753 1669 880 1738 litterae
903 1668 1098 1756 inspecturis
1128 1667 1313 1757 Capitulum
1346 1671 1406 1739 En·

277 1777 375 1848 elesie
405 1779 573 1865 Auriensis
590 1780 729 1847 sulutem
747 1781 781 1846 iu
797 1778 936 1846 Domino
951 1777 1194 1863 sempiternam.
1207 1777 1261 1844 nd
1277 1779 1407 1846 rniuer·

276 1907 385 1956 eornm
400 1885 553 1955 netieiam
570 1894 682 1952 tenore
698 1886 899 1972 preaeueium
924 1885 1075 1952 velumus
1105 1885 1285 1970 peruenire,
1315 1886 1407 1969 qued

276 1995 433 2082 Magister
471 1993 620 2060 Andreae
660 1998 692 2059 et
723 1991 876 2061 Nicolaus
916 1991 978 2078 filij
1010 1991 1143 2060 Comitis
1184 1991 1315 2062 Andree
1344 1994 1405 2082 iilij

278 2105 402 2171 Joanee
427 2101 469 2168 de
501 2101 644 2190 Cuymer
675 2105 718 2168 ab
748 2122 814 2169 uua
843 2109 946 2187 parte,
975 2108 1006 2167 et
1036 2099 1151 2168 Petrus
1181 2100 1267 2168 filins
1296 2099 1407 2188 Beier,

276 2209 427 2280 Keldenh
459 2209 544 2276 illius
578 2209 729 2297 Cyulma,
762 2227 802 2274 aa
833 2207 966 2276 domina
995 2205 1073 2274 Jula
1098 2205 1212 2275 relicta
1228 2205 1407 2294 Cuelrmek,

276 2319 402 2386 habens
418 2337 528 2385 senum
546 2317 716 2402 paruulum
732 2315 832 2385 lilium
849 2335 941 2384 snum
958 2316 1089 2384 nemine
1106 2315 1287 2400 Nieelaum,
1314 2316 1407 2384 vide·

275 2426 353 2494 lieet
383 2424 520 2493 Cumani
535 2425 713 2494 Christiani
736 2425 814 2492 dieti
830 2423 870 2492 de
885 2426 1046 2516 Cornuti,
1061 2425 1193 2494 numine
1208 2443 1269 2492 sne
1284 2431 1316 2490 et
1332 2425 1406 2492 viee

275 2534 434 2603 Jnhanuis
453 2533 509 2619 filij
526 2533 610 2621 Itek,
628 2543 661 2600 et
676 2535 777 2620 Byter
792 2533 847 2618 lilij
866 2532 1019 2602 Teraneh
1040 2534 1081 2600 de
1096 2532 1194 2616 Thes,
1212 2543 1244 2598 et
1259 2532 1405 2600 emnium

277 2641 415 2710 aliorum
456 2647 666 2727 pugnaturum
707 2661 848 2729 suornm,
888 2643 1074 2709 abseneium
1106 2641 1337 2726 Cumanorum,
1364 2658 1409 2706 ex

276 2757 372 2837 parte
389 2771 523 2836 quorum
539 2750 582 2817 ad
599 2749 660 2818 hee
689 2749 811 2817 santum
842 2749 876 2815 iu
909 2749 1022 2816 litteris
1055 2747 1198 2834 Capituli
1236 2747 1410 2832 dgriensis

275 2859 441 2929 habebant
470 2859 601 2945 plenum
634 2857 831 2945 mandatnm,
862 2857 904 2925 ad
922 2865 1063 2926 nostram
1095 2854 1299 2943 presenciam
1314 2871 1409 2922 aene·

275 2967 389 3036 dentes
405 2967 573 3052 dixeruut3
598 2972 633 3033 vt
649 2965 787 3052 predieti
804 2965 940 3034 Cumani
957 2973 1058 3033 terrae
1074 2964 1146 3033 sine
1176 2963 1404 3050 possessiones

276 3093 397 3163 eornm,
428 3076 470 3144 ad
501 3095 637 3162 presens
669 3095 791 3144 naenas
821 3081 854 3141 et
883 3073 1122 3143 habitatoribus
1142 3073 1339 3154 'destitutas,
1369 3072 1409 3136 in

278 3179 438 3250 Comitatu
470 3181 633 3251 Borsiensi
667 3180 853 3271 existentes,
885 3201 968 3269 quas
1000 3201 1041 3248 ex
1071 3179 1253 3249 dunanione
1284 3177 1413 3246 donnini

276 3289 355 3356 Bele
386 3290 483 3374 Regis
498 3289 615 3370 Quarti
631 3291 684 3377 pie
700 3291 853 3359 memorie
880 3289 1102 3378 possidebant,
1119 3287 1270 3358 videlieet
1284 3286 1412 3374 Kyme,

275 3397 411 3483 aneeh‚
426 3397 678 3485 Pathbantelulr,
694 3387 786 3487 Sylk,
804 3397 939 3486 Celban,
956 3404 987 3467 et
1002 3393 1169 3467 Weuelren
1186 3400 1413 3482 nuncupem,

275 3513 307 3571 et
322 3505 455 3573 terciam
487 3514 612 3592 partem
637 3517 722 3576 terre
736 3507 954 3596 Ruhnenyehu
966 3515 1089 3596 uoeate,
1107 3505 1230 3574 eisdem
1246 3503 1416 3590 Magistro

277 3611 407 3682 Audree
424 3621 455 3682 et
482 3613 629 3696 Nienlan,
660 3623 693 3684 et
724 3635 834 3682 eorum
866 3615 1005 3702 pesteris
1035 3616 1069 3682 in
1100 3613 1345 3700 permutacione
1376 3617 1418 3678 et

277 3724 468 3814 eoueambio
500 3729 658 3792 terrarum
673 3723 955 3810 infrascriptarum
975 3722 1141 3791 dedissent
1154 3727 1189 3788 et
1202 3719 1417 3804 statuissent,

277 3828 374 3898 simul
392 3848 463 3896 num
481 3833 548 3897 suis
565 3830 759 3898 utilitatibus
774 3831 923 3898 omnibus
955 3831 988 3897 iu
1019 3835 1209 3917 perpetuum
1242 3827 1417 3915 possiden-

278 3935 347 4020 das,
380 3935 586 4022 priuilegium
618 3937 761 4006 eiusdem
794 3937 917 4006 domini
934 3937 1012 4006 Bele
1028 3937 1141 4023 Regis,
1157 3935 1249 4004 euius
1266 3934 1417 4002 auetori-

278 4054 345 4110 late
363 4043 526 4129 predictus
543 4051 646 4114 terrae
673 4045 838 4131 tenebant,
873 4045 994 4113 eisdem
1027 4043 1183 4126 Magistro
1214 4042 1347 4108 Andree
1383 4050 1422 4108 et

223 4175 226 4181 ’
277 4152 413 4219 Nicolao
439 4159 620 4237 spontanee
637 4173 743 4219 eoram
760 4153 853 4220 nobis
870 4152 1067 4220 manualiter
1083 4151 1312 4234 assignantes3
1338 4155 1371 4216 et
1394 4171 1419 4218 e

273 4279 430 4326 conuerso
445 4259 545 4346 ijdem
562 4257 720 4343 Magister
737 4259 885 4328 Andreas
901 4267 934 4326 et
951 4259 1107 4327 Nicolaue
1125 4255 1207 4325 duas
1225 4263 1331 4325 terras
1348 4276 1419 4324 seu

275 4367 498 4452 possessiones
511 4387 630 4452 eorum,
649 4387 744 4434 vnarn
757 4368 997 4435 videlieetllese
1010 4383 1104 4434 suam
1120 4363 1355 4433 hereditariam
1372 4363 1425 4432 de

275 4477 437 4542 Comitatu
456 4474 630 4559 Borsiensi,
657 4483 687 4540 et
720 4476 819 4542 aliam
851 4475 954 4542 Belad
985 4477 1027 4542 de
1058 4471 1220 4542 Comitatu
1249 4471 1424 4541 Nitriensi

275 4601 367 4647 suam
399 4581 595 4669 empticium,
627 4583 742 4650 ambas
763 4585 879 4670 plenae
897 4584 1027 4671 populis
1044 4589 1076 4651 et
1092 4581 1244 4668 refertas,
1262 4587 1295 4652 et
1316 4584 1430 4650 certis
