3168 5150
302 1003 456 1070 Ersse'bet
471 1001 691 1090 kirdlyotnak
707 1003 793 1068 Boos
810 1006 840 1069 e's
855 978 969 1088 Arpos
985 1001 1175 1088 belysdpekst
1190 999 1347 1086 torppaao
1355 997 1426 1062 ado·

441 1115 561 1197 metopo
575 1109 732 1190 Lotbard,
752 1107 935 1178 omodsaak
942 1109 996 1192 fia
1011 1113 1173 1192 asumma,
1196 1106 1294 1174 1270.

338 1304 441 1366 (Huni
461 1303 671 1370 onmsnytsrl.
692 1301 779 1354 hotot.
800 1306 843 1353 48.
863 1302 919 1366 lap.
941 1301 1080 1368 nghslyi
1092 1303 1184 1354 Denso
1196 1299 1393 1362 kbzlsmtnys.)

306 2319 417 2384 latonia
431 2314 661 2382 boloma-boam
674 2313 817 2380 srseknst
841 2313 1048 2380 azabodalma
1075 2311 1339 2397 Rima-Boaya-s'
1363 2335 1428 2376 ooa-

670 2420 762 2506 ἁδροί
786 2424 944 2486 szdmdra.
969 2421 1065 2486 1270.

416 2617 600 2702 Stephanus
630 2619 693 2685 Dei
709 2615 823 2702 gracia
849 2615 1036 2683 Goloosnsis
1053 2623 1086 2684 st
1111 2615 1300 2684 Baohiensis
1326 2615 1434 2683 Arabi·

307 2723 491 2811 opisoopns,
507 2723 590 2791 Aulo
605 2725 706 2808 Regio
722 2720 946 2789 Canosilarins
957 2721 1120 2791 vniuersis
1131 2729 1298 2808 presentes
1307 2723 1434 2791 litteras

308 2829 504 2919 inspecturis
535 2831 672 2899 salntem
704 2829 738 2895 in
770 2830 919 2897 Domino.
951 2829 1002 2896 Ad
1028 2828 1250 2898 uniuersorum
1280 2830 1435 2897 notioiam

308 2941 426 3008 barum
443 2938 528 3005 serio
560 2937 709 3004 volumus
740 2939 926 3024 peruenire,
958 2936 1045 3020 quod
1076 2937 1223 3004 omnibns
1252 2937 1436 3024 hospitibus
1561 2943 1562 2992 i

308 3047 425 3114 nostris
456 3046 491 3112 in
507 3046 588 3111 villa
603 3045 696 3111 Banu
727 3043 998 3111 commorantibus
1022 3043 1107 3110 bano
1127 3042 1273 3128 grauiam
1288 3043 1437 3112 duximus

308 3152 504 3236 faciendam,
522 3151 608 3236 quod
624 3151 667 3218 ab
684 3151 771 3220 omni
787 3151 933 3237 oolleota,
948 3170 1011 3235 qus
1028 3170 1087 3234 pro
1103 3155 1265 3220 oommuni
1280 3149 1438 3220 dosoonsn

308 3265 358 3329 inv
372 3259 675 3346 Rymoa-Zumbota
705 3258 775 3325 fiori
806 3259 983 3342 consueuit,
1015 3260 1081 3326 sint
1111 3259 1240 3345 ponitus
1274 3259 1371 3326 libori
1405 3267 1436 3327 ot

308 3367 462 3454 exempti,
473 3375 506 3433 st
514 3365 622 3433 nullus
638 3363 826 3432 officialium
843 3373 1026 3432 nostrornm
1044 3364 1134 3451 ipsos
1149 3365 1295 3450 hospites
1310 3373 1437 3434 nostros
1561 3375 1562 3444 i

310 3492 368 3559 pro
400 3475 472 3556 ipsa
503 3473 638 3538 oolleota
669 3479 838 3557 presumat
869 3473 1050 3540 molestare.
1080 3474 1131 3539 Ita
1147 3479 1255 3539 tamon
1273 3471 1360 3558 qnod
1375 3473 1437 3560 ipsi
1561 3459 1562 3550 ἒ

309 3579 455 3663 hospites
471 3578 574 3644 nostri
590 3597 757 3646 numsrnm
772 3578 984 3664 jobagionnm
997 3585 1028 3646 st
1039 3580 1241 3664 mansionum
1258 3587 1439 3648 nostrornm

309 3688 353 3754 ob
367 3683 558 3752 fidelitatem
590 3684 683 3752 nobis
700 3684 842 3752 debitam
857 3690 1032 3753 teneantur
1062 3693 1283 3770 augmentare.
1301 3687 1439 3756 Conoas·

309 3798 415 3864 simus
426 3793 539 3882 osiam,
556 3799 712 3861 vtomnos
729 3796 929 3878 onmniones,
947 3793 1001 3879 qui
1018 3794 1052 3858 in
1069 3795 1231 3866 ueteribus
1246 3795 1441 3866 anrisoriinis

310 3920 455 3970 oresoers
486 3906 732 3986 oonsnonsrnnt,
765 3900 829 3986 ipsi
845 3899 990 3987 hospitas
1010 3903 1112 3970 nostri
1128 3923 1168 3970 ao
1185 3922 1296 3971 eornm
1310 3921 1443 3972 suooos·

309 4028 401 4076 soros
418 4007 573 4093 oolligors
600 4009 725 4092 possint
754 4007 892 4092 paoifios
913 4007 947 4075 in
977 4015 1166 4095 perpetuum
1184 4017 1218 4078 ot
1248 4009 1445 4098 quietantia

309 4119 403 4200 ipsos
435 4115 553 4201 aliquis
585 4114 777 4183 officialium
795 4121 990 4204 nostrornm,
1008 4124 1064 4183 aut
1081 4117 1185 4186 eoiam
1201 4116 1241 4184 ds
1256 4117 1446 4187 onstodibns

312 4223 468 4290 siluarum
485 4228 670 4292 nostrarum
685 4222 816 4290 rsoiono
849 4223 1055 4293 onmulonnm
1086 4223 1302 4310 prediotornm
1333 4245 1445 4311 presu-

313 4341 382 4396 mat
414 4330 592 4416 molsstare,
624 4337 681 4398 ant
696 4329 738 4397 do
763 4336 870 4398 ostoro
902 4331 936 4398 in
953 4333 1065 4417 aliquo
1097 4331 1252 4417 inpedire.
1284 4331 1326 4398 Vt
1342 4333 1447 4418 igitur

314 4433 509 4520 suprodiotis
527 4437 708 4523 hospitibus
725 4437 844 4506 nostris
860 4437 921 4506 hoo
937 4461 958 4508 a
974 4440 1068 4508 nobis
1083 4439 1173 4509 faota
1191 4439 1304 4525 grania
1336 4439 1445 4509 innio·
