3096 5160
808 297 966 402 Q

324 513 359 560 so
375 493 578 562 continentes
595 494 687 564 nobis
705 503 899 582 presentarit
916 522 923 563 :
940 499 1124 580 inquorum
1157 495 1290 581 quidem
1320 495 1443 565 litters·

324 621 394 668 rum
411 602 629 670 nemoralium
647 601 724 669 dieti
740 602 883 689 Capituli
899 603 1069 692 Agriensis
1086 611 1197 672 tenore
1223 604 1307 671 inter
1339 613 1446 671 cetere

324 708 514 794 habebatur,
531 709 619 792 quod
634 708 745 776 Andre
760 710 828 776 filio
844 711 966 796 Bedelr,
984 717 1017 778 et
1030 713 1219 780 Alexandro
1235 713 1301 778 filio
1326 711 1446 778 illelius

323 815 564 900 consanguineo
580 836 639 883 suo
655 818 697 884 de
714 817 984 906 Harnednemptj‚
1000 820 1056 902 qui
1070 841 1131 906 pro
1147 825 1231 887 sest
1262 839 1320 904 pro
1353 820 1446 885 Petro

322 942 361 989 ae
377 923 543 1008 Stephano
560 921 638 1006 filijs
653 923 778 991 Thone
793 923 854 1006 filij
871 925 975 1010 ipsius
1000 926 1115 993 Bedelr
1145 926 1187 992 de
1217 923 1331 992 eadem
1363 943 1446 991 eom·

323 1029 485 1114 paruisset
500 1048 540 1094 ex
557 1047 622 1096 una
638 1037 740 1118 parte,
757 1032 799 1097 ub
817 1033 921 1098 altera
938 1051 1014 1098 vero
1030 1031 1166 1099 Nieoluo
1181 1031 1247 1100 tilio
1263 1029 1402 1118 Naday‚
1418 1039 1448 1096 et

322 1135 488 1203 Ramnete
503 1135 570 1202 filio
585 1136 742 1222 Nymhez,
774 1137 851 1204 item
867 1139 977 1206 Meroe
994 1145 1027 1204 et
1041 1137 1217 1206 Benediete
1232 1136 1311 1220 filiis
1342 1135 1449 1203 'Pheo-

323 1245 391 1312 dori
409 1264 469 1328 pro
485 1261 522 1310 se
537 1249 570 1312 et
585 1263 643 1329 pro
658 1243 801 1327 Thekus,
817 1245 959 1332 Symone
974 1251 1007 1312 et
1020 1245 1171 1314 Johsnne
1183 1245 1338 1314 frutribus
1369 1244 1449 1330 suis,

322 1371 430 1418 eorum
448 1351 535 1418 dieto
552 1349 701 1436 Capitulo
718 1351 885 1436 rigriensis
901 1351 1045 1420 Eoolesie
1061 1353 1277 1439 personaliter
1292 1352 1449 1420 eonstitu-

322 1458 379 1544 tis,
393 1458 511 1544 prelati
529 1459 679 1526 Andreas
695 1467 729 1524 et
743 1459 801 1543 elij
820 1461 1077 1546 proposuissent,
1109 1459 1195 1544 quod
1210 1459 1447 1528 dimidietatem

320 1575 404 1633 terre
419 1565 561 1652 ipsorum
578 1565 835 1653 Hurnednemptj
854 1573 978 1652 sonate,
994 1587 1053 1653 per
1070 1566 1297 1634 oonenmbium
1314 1567 1450 1651 allegi·

324 1681 391 1739 stro
407 1671 574 1758 Stephano
591 1674 658 1740 filio
674 1675 783 1760 Erney
800 1674 1015 1760 proquodam
1033 1683 1120 1742 terro
1136 1675 1280 1759 ipsorum
1299 1676 1447 1744 Perenna

321 1789 437 1848 vooutu
453 1780 496 1846 ed
513 1799 549 1847 se
565 1781 725 1869 deuolute,
742 1781 783 1848 ob
798 1801 906 1849 verum
917 1779 1128 1852 dileeeionem
1139 1781 1360 1868 proximitatis
1370 1803 1444 1850 oum

312 1889 467 1954 omnibus
484 1885 677 1955 rtilitutibus
692 1887 761 1956 suis
777 1885 947 1956 dedissent
971 1893 1003 1952 et
1034 1887 1210 1956 donassent
1242 1888 1380 1954 Nieolno
1411 1897 1443 1955 et

284 2082 288 2091 Ι
318 1995 493 2080 Romaene,
508 2014 548 2061 ee
563 1994 640 2078 filijs
657 1994 829 2081 'l'beodory
843 1995 1097 2081 eonsanguineis
1128 1993 1197 2062 suis
1228 1993 1441 2080 supradietis,

319 2111 475 2168 eteorum
493 2100 664 2168 heredibus
680 2107 836 2188 perpetuo
849 2100 926 2184 jure
941 2100 1168 2187 possidendam
1197 2107 1230 2167 et
1260 2100 1447 2168 tenendam

319 2211 379 2274 stb.
404 2211 524 2275 Datum
540 2245 941 2264 -------
958 2246 1000 2258 ·-
1018 2209 1190 2278 millesimo
1216 2208 1446 2276 tercentesimo

320 2317 528 2397 nonagesimo
545 2319 655 2386 tereio.

531 2510 675 2582 (Eredetie
688 2530 705 2566 a
717 2515 803 2566 budsi
816 2514 869 2566 lrir.
883 2515 1011 2568 tremeret
1024 2511 1218 2577 lertlttrban.)

739 2797 1007 2812 -ι-ι--ιυ-ιι
1034 2811 1040 2816 ,

840 3223 916 3293 442.

311 3425 444 3512 Apdeer'
458 3425 678 3513 kdptoloouok
693 3423 965 3508 dizonpsctpleuele,
988 3419 1072 3508 kopp
1089 3422 1210 3504 Kella,
1233 3423 1319 3490 eluse
1348 3428 1441 3489 ezdr-

311 3539 445 3598 ruazdsrt
466 3530 587 3597 Gelle‘rt
603 3533 759 3596 oruosnult
776 3531 899 3616 lodoyci,
914 3533 946 3597 ts
961 3531 1113 3614 rokouoo',
1128 3527 1284 3596 Goeresm
1298 3531 1442 3616 helysep·

310 3641 365 3706 bert
383 3641 449 3704 levo
464 3637 709 3706 dstotrtszulcet
724 3639 913 3724 dtenpedttlr
930 3639 1118 3725 lodoyciuolt
1134 3639 1286 3724 Zepte‘nelr
1300 3640 1333 3702 es
1357 3641 1442 3724 uejd-

620 3745 678 3810 net
697 3745 784 3830 Olufl
801 3746 998 3812 Miltldsnalr.
1025 3746 1123 3808 1293.

417 3941 576 4008 Nieolans
593 3939 780 4025 Propositus
797 3944 830 4005 st
862 3937 1047 4024 Capitulum
1078 3935 1441 4021 Quinqneeoolesiensis

310 4047 455 4114 Eeolesie
472 4047 620 4114 omnibus
644 4064 778 4130 presens
810 4043 963 4131 seriptum
994 4042 1200 4112 oernentibus
1232 4044 1372 4110 salutem
1404 4045 1441 4109 in

307 4155 455 4224 Domino.
480 4151 533 4219 Ad
548 4153 773 4222 uniuersorum
792 4151 947 4220 notioiam
963 4153 1113 4220 volumus
1138 4148 1318 4236 peruenire,
1348 4149 1439 4233 quod

307 4265 447 4349 quedem
465 4263 581 4330 mulier
596 4261 727 4328 nomine
742 4261 854 4328 Kalhu
869 4259 938 4328 lilia
968 4257 1106 4326 (letardi
1136 4257 1249 4326 Latini
1280 4257 1363 4322 lisiei
1394 4255 1438 4322 de

307 4372 386 4439 villa
402 4370 570 4454 suerent,
596 4390 662 4437 sne
678 4389 749 4434 oum
766 4369 861 4436 Petro
878 4369 944 4436 filio
961 4367 1111 4451 Berlube,
1145 4373 1179 4432 et
1192 4364 1276 4432 Iuan
1290 4362 1358 4429 lilio
1374 4363 1437 4429 Re-

307 4477 379 4542 ehel
395 4476 559 4542 nobilibus
576 4475 617 4542 de
632 4475 795 4542 Goeresth
811 4473 960 4558 oognetis
975 4475 1044 4542 suis
1060 4472 1279 4558 personaliter
1288 4469 1320 4537 in
1330 4469 1437 4536 nestri

308 4581 480 4662 presencie
497 4582 682 4668 constituta,
699 4580 865 4666 quandum
880 4589 1002 4650 terrem
1018 4601 1111 4650 snam
1142 4585 1217 4650 seu*
1232 4583 1331 4646 totam
1363 4595 1439 4662 por·
