3148 5164
636 306 701 372 5951

93 509 179 585 rant,
199 503 240 568 ob
258 499 376 567 eximie
392 497 580 565 dileccionis
597 500 934 586 recompensacionem
953 506 985 568 et
999 501 1121 568 fauoris
1132 539 1233 553 --

95 645 140 656 -
156 640 202 656 -—
218 641 262 654 —
280 642 324 654 —
340 606 517 692 specialius
548 613 773 692 conceptorum
804 627 839 674 se
865 608 993 675 omuino
1019 607 1234 696 deproprians

92 714 135 780 de
152 716 234 800 ipsis
252 713 510 801 possessionibus
522 714 590 780 suis
606 718 639 780 et
657 716 753 781 rebus
769 715 956 800 prenotatis,
970 713 1073 800 dedit,
1091 717 1230 784 eontulit

91 829 125 888 et
143 822 280 890 donauit
296 822 368 887 iure
383 827 536 906 perpetuo
553 821 688 906 pacifice
704 826 736 888 ct
764 821 871 904 quiete
899 843 937 888 ac
968 821 1230 890 irrcuooabiliter

92 931 167 995 sine
184 929 364 1014 proindioio
380 930 459 995 iuris
476 930 625 996 Ecclesie
640 927 972 1014 nostrepossidendas
989 929 1022 995 iu
1038 929 1122 996 filios
1147 932 1230 1000 filio·

91 1058 183 1116 rum;
207 1037 254 1103 ita
270 1037 376 1122 plene,
404 1033 490 1120 quod
506 1056 566 1102 nec
583 1035 653 1122 ipse
670 1035 825 1120 Magister
842 1035 1028 1120 Ladizlaus,
1061 1057 1122 1103 neo
1138 1039 1226 1122 quis·

92 1144 183 1228 pium
202 1151 413 1228 cognatorum
431 1163 561 1210 suorum
579 1144 802 1226 possessiones
818 1143 994 1228 premissas
1011 1150 1043 1209 et
1059 1163 1112 1210 res
1126 1145 1225 1212 modo

91 1249 222 1332 prelato
239 1250 377 1316 donatas
393 1257 479 1315 retro
504 1247 648 1316 habendi
680 1249 732 1314 vel
764 1249 950 1334 requirendi
981 1249 1050 1316 ullo
1082 1271 1232 1335 unquam,

90 1365 243 1441 ternpore
259 1357 379 1424 habeat
396 1357 594 1424 facultatem.
634 1357 671 1422 In
688 1355 778 1424 cuius
794 1357 841 1422 rei
856 1357 1076 1424 testimonium
1092 1376 1225 1442 presan·

90 1474 142 1532 tes
160 1464 382 1532 concessimus
412 1463 537 1530 litteras
568 1462 667 1548 sigilli
697 1465 801 1532 nostri
831 1463 1018 1532 munimime
1049 1466 1226 1532 roboratas.

90 1575 215 1638 Datum
234 1591 294 1656 per
311 1591 425 1636 manus
451 1570 514 1638 uiri
545 1569 677 1638 discreti
708 1571 858 1655 Magistri
890 1570 1047 1639 Hermoni
1076 1571 1224 1641 hectoris

91 1678 241 1744 Ecclesie
259 1683 367 1744 nostre
383 1696 469 1743 anno
486 1677 618 1744 Domini
636 1675 756 1743 MtCC⁰
771 1679 984 1761 nonagesimo
1001 1682 1102 1760 sexto,
1133 1677 1224 1744 Vlll.

90 1786 166 1852 idus
182 1787 276 1871 Julij.
301 1786 489 1852 Reuerendo
506 1787 540 1850 in
556 1783 683 1851 Christo
700 1791 793 1869 patre
810 1785 941 1851 domino
959 1785 1135 1852 Benedioto
1163 1785 1225 1851 Dei

92 1894 209 1977 gracia
227 1893 388 1978 Episcopo
406 1892 537 1959 domino
555 1899 677 1977 nostro,
708 1893 790 1958 Aule
806 1891 935 1958 domiue
950 1889 1076 1975 Regino
1092 1889 1227 1958 Cancel-

91 2002 190 2085 lario;
219 1999 369 2068 discretis
396 1999 473 2066 viris
504 1999 670 2082 Magistris
700 1997 885 2066 Andronico
915 1999 1095 2084 Proposito,
1128 1998 1225 2065 Petro

92 2110 235 2175 Castore
252 2115 285 2173 et
300 2106 481 2173 Laurcncio
498 2103 639 2172 Custode
654 2105 799 2173 Ecclesie
816 2113 925 2172 nostre
943 2103 1166 2172 existentibus.

89 2304 235 2364 (Eredetie
256 2305 440 2369 bdrlrdrtyrtn,
472 2303 706 2368 hdrtyazsinegen
724 2303 811 2368 tuggo
831 2302 924 2367 penset
951 2303 1040 2368 alatt;
1072 2317 1089 2353 a
1118 2263 1227 2353 iomdlt.

327 2395 446 2459 herczeg
463 2393 636 2458 Eszterhszy
655 2393 750 2443 cuulad
771 2391 984 2454 leveltrtrdbau.)

527 2677 794 2688 ——u-——na-——uu-nu—

623 3205 700 3274 478.

89 3407 123 3474 A
143 3399 348 3494 pdcevdrodi
371 3408 570 3472 konnentoelc
596 3405 873 3491 bironysdgleoele,
896 3405 979 3490 lropy
1014 3403 1132 3492 Otuzdy
1163 3406 1229 3470 Pul

214 3513 337 3580 Batou
352 3521 432 3579 nevit
448 3515 607 3600 azolpdjdt
623 3513 788 3580 azabaddci
803 3510 987 3578 buccatorta.
1013 3511 1109 3579 1296.

204 3707 389 3776 Contentus
428 3708 616 3793 Monastcrij
650 3707 885 3791 Waradycnsis
917 3708 1074 3775 uniuersis
1107 3707 1227 3774 Christi

85 3817 244 3884 fidelibus
262 3822 430 3900 presentes
447 3815 575 3882 litteras
592 3814 785 3901 inspecturis
802 3817 943 3883 salutem
960 3815 994 3881 in
1003 3815 1152 3882 Domino.
1170 3813 1224 3880 Ad

87 3925 316 3991 uniuersorum
335 3922 488 3990 noticiam
504 3931 615 3991 tenore
631 3925 838 4007 presencium
864 3923 1012 3988 volumus
1043 3923 1226 4009 peruenire,

88 4029 179 4115 quod
199 4030 322 4096 'r’aulus
337 4029 424 4096 filius
442 4028 613 4096 Benedicti
630 4029 686 4113 titij
705 4029 862 4116 'l'yburoij
881 4029 920 4095 da
937 4027 1038 4096 owzo
1052 4015 1172 4095 nobilis
1184 4025 1227 4093 de

87 4137 257 4204 Comitatu
274 4136 315 4202 dc
330 4135 461 4204 Bataua
476 4137 696 4222 personaliter
712 4136 745 4201 in
763 4137 864 4202 nostri
882 4137 1052 4222 presenoia
1071 4135 1227 4202 constitu·

85 4249 155 4329 tus,
184 4263 366 4330 proponens
391 4251 423 4310 et
454 4243 621 4312 confessus
653 4243 729 4310 vina
760 4263 850 4326 voce,
881 4245 969 4327 quod
1001 4262 1073 4311 oum
1105 4243 1226 4310 nobilis

85 4350 228 4418 domins
243 4357 346 4419 mater
361 4371 421 4418 sua
436 4350 469 4416 in
487 4349 640 4418 extremis
656 4351 822 4439 laborans,
849 4353 1029 4436 ultimaque
1056 4350 1226 4416 voluntate

85 4477 161 4544 sua,
178 4458 475 4542 quando'vltimum
490 4459 642 4526 mancum
659 4465 690 4526 et
706 4468 947 4526 sacrosanctam
965 4459 999 4524 in
1017 4457 1102 4524 facie
1114 4457 1226 4524 Eccle-

86 4565 137 4632 sie
155 4565 282 4652 recepit
297 4565 498 4654 unccionem,
532 4587 652 4653 rogans
670 4569 804 4654 petisset
821 4567 862 4634 ab
879 4587 917 4636 eo
933 4567 1041 4636 orrimo
1073 4563 1226 4650 diligenti

1054 4673 1116 4742 38*
