3124 5152
620 953 693 1022 214.

110 1150 157 1214 ru.
171 1150 281 1216 naua
296 1149 408 1236 aaran
423 1149 575 1236 syourac,
590 1151 875 1238 naruaaacfiau
896 1150 1037 1222 cauma
1045 1155 1141 1242 fetae
1155 1155 1221 1220 ce·
1251 1130 1256 1139 '

426 1259 567 1324 tolcdbaru
583 1260 766 1345 maperd'attu'.
790 1264 889 1330 1279.

201 1453 408 1544 (L)adinlaus
432 1454 493 1522 Dei
525 1455 637 1540 gracia
656 1456 833 1542 Hungarie,
864 1457 1045 1548 Dalmaeie,
1076 1461 1221 1548 Croucie,

109 1563 203 1648 Rama,
219 1562 344 1646 Seruis,
364 1561 513 1638 Gallicis,
533 1561 733 1651 Lodomerie,
751 1565 908 1633 Cumanis
924 1567 1137 1652 Balgarieque
1152 1571 1221 1635 Rex

109 1670 241 1738 omnibns
274 1668 397 1736 Christi
422 1667 574 1736 fidelibus
604 1690 740 1758 presens
759 1673 914 1760 scriptum
930 1673 1122 1761 inspecturis
1137 1676 1222 1742 ralu-

109 1787 162 1845 tem
176 1779 208 1845 in
230 1777 376 1845 omnium
392 1777 567 1846 saluatore.
594 1777 645 1844 Ad
664 1781 888 1848 uniuersorum
920 1784 1076 1850 noticiam
1106 1783 1221 1852 harum

22 1899 23 1986 j
109 1887 179 1956 serie
193 1887 344 1956 uolumus
359 1885 538 1972 peruenire,
563 1885 649 1971 quod
675 1887 801 1974 Fyotha
831 1889 916 1958 lilios
946 1890 1104 1978 Fareasij,
1136 1891 1221 1961 iilius

22 1987 23 2042 l
109 1996 278 2084 iobagionis
296 1995 338 2063 de
352 1995 494 2082 Lyptou,
511 1992 554 2061 ad
570 2002 715 2064 nostram
731 1997 888 2066 accedens
905 2001 1115 2088 presenciam,
1132 2000 1223 2068 exhi·

108 2105 170 2172 buit
184 2107 279 2173 nobis
295 2103 500 2189 priuilegium
517 2103 686 2172 Michaelis
703 2106 866 2190 qnondam
882 2108 1015 2176 Comitis
1025 2110 1065 2176 de
1075 2109 1224 2196 Zonlum,

109 2213 206 2298 sigillo
220 2210 370 2281 eiusdem
387 2215 420 2276 et
434 2210 583 2294 Magistri
598 2212 712 2279 Pasira
736 2234 795 2299 pro
822 2211 1033 2301 expedicione
1065 2223 1222 2286 terrarum

22 2327 23 2416 l
108 2323 235 2389 omnium
253 2319 497 2387 snb-Comitatu
514 2320 648 2387 Zoulum
679 2322 891 2389 existencium
923 2323 1070 2411 deputati
1101 2325 1224 2410 sigilla-

22 2473 23 2476 =
107 2439 184 2517 tum3
206 2437 323 2516 petens
341 2448 401 2495 nos
417 2447 487 2495 cum
505 2427 676 2517 instancia,
700 2437 735 2496 ut
765 2429 849 2498 idem
880 2431 1086 2518 priuitegium
1119 2441 1223 2502 return

107 2540 217 2608 habere
232 2544 411 2621 nostroque
442 2535 650 2620 dignaremur
681 2537 853 2622 priuilegio
885 2537 1085 2608 confirmare.
1126 2541 1223 2611 Ouios

107 2649 226 2732 quidem
242 2645 408 2734 priuilegij
425 2652 518 2712 tenor
534 2647 610 2713 talis
629 2651 687 2713 est.

203 2757 274 2824 Nos
292 2753 443 2839 Mychael
460 2754 574 2820 comes
591 2753 631 2820 de
646 2754 781 2821 Zonlum
796 2755 859 2824 stb.
876 2755 1091 2843 (kduetkenik
1109 2755 1224 2826 skira·

107 2865 147 2950 lyi
162 2860 383 2931 hiatosoknalr
402 2857 535 2929 lilii-lsi
553 2859 727 2950 olrmtnya,
744 2861 825 2930 mint
839 2863 975 2932 fentebb
992 2866 1045 2932 85.
1062 2885 1107 2932 sn.
1124 2863 1170 2954 s.)

208 2972 280 3039 Nos
297 2970 408 3054 itaque
424 2967 630 3036 attendentes
646 2975 677 3036 et
693 2970 933 3039 considerantes
948 2972 1128 3057 peticiones
1144 2973 1226 3040 eius-

108 3079 172 3146 dem
186 3080 317 3167 Fyotha
331 3077 400 3144 fore
415 3075 579 3160 legitimas
605 3083 636 3144 et
652 3077 851 3163 condignas;
868 3077 989 3146 dietum
1021 3079 1225 3166 priuilegium

108 3188 246 3258 eiusdem
265 3185 403 3255 Comitis
418 3183 458 3251 de
473 3185 585 3252 Zolum
603 3185 644 3252 de
659 3187 757 3254 uerbo
782 3186 825 3254 ad
855 3187 989 3256 uerbum
1021 3188 1227 3274 presentibus

107 3294 270 3366 inserendo
286 3299 467 3362 nostrornm
485 3293 731 3380 priuilegiomm
747 3295 931 3378 patrocinio
948 3293 1100 3364 duximus
1117 3295 1227 3366 confir·

22 3451 44 3488 Ἴ.
107 3405 265 3471 mnndum.
284 3401 433 3469 Vidimus
450 3401 554 3468 eciam
571 3401 606 3468 iu
622 3401 740 3468 litteris
754 3401 902 3488 Nyeolay
918 3403 1051 3470 Comitis
1062 3401 1102 3470 de
1114 3404 1227 3471 Zolum

22 3503 23 3506 ’
107 3510 204 3579 fidelis
220 3509 326 3578 nostri
342 3508 512 3594 contineri,
530 3508 616 3593 qnod
631 3509 783 3596 predicta
798 3515 884 3576 terra
899 3511 1005 3596 Fyoth
1030 3517 1116 3580 esset
1142 3511 1228 3580 suffi-

108 3621 189 3688 ciens
205 3619 249 3686 ad
266 3620 330 3686 tria
346 3625 457 3683 aratra
481 3617 639 3699 equaliter
671 3618 905 3699 mensurando;
930 3617 971 3686 de
1002 3639 1067 3702 qua
1099 3617 1228 3701 quidem

106 3735 186 3794 terra
201 3725 412 3813 priuilegium
438 3726 516 3792 Bele
546 3725 645 3809 Regis
678 3724 869 3793 felicissime
901 3727 1141 3794 recordacionis
1172 3726 1227 3794 aui

107 3835 202 3902 nostri
217 3832 387 3902 karissimi
402 3831 582 3900 confectum
600 3832 684 3899 dixit
699 3853 735 3901 se
750 3832 879 3920 vidisse,
913 3841 946 3902 et
961 3835 1135 3904 casualiter
1150 3839 1228 3901 tem-

106 3945 234 4028 poribus
251 3961 443 4028 guerrarum
460 3939 616 4008 amissum
633 3940 787 4010 extitisse.
827 3939 933 4019 Quam
950 3941 1078 4028 quidem
1110 3947 1229 4009 terram

108 4047 291 4118 Churmnua
308 4050 342 4115 in
359 4048 475 4115 litteris
492 4047 634 4120 eiusdem
666 4049 801 4116 Comitis
832 4048 873 4116 dc
902 4047 1015 4118 Zolum
1046 4047 1228 4116 iuuenimns

106 4159 284 4244 nominari;
309 4159 396 4224 vnde
411 4157 560 4224 uolumus
576 4153 662 4239 quod
678 4162 745 4222 tam
760 4156 847 4223 idem
862 4157 970 4246 Fyoth
985 4175 1081 4244 quam
1097 4175 1229 4225 suorum

106 4266 306 4352 inposterum
323 4283 526 4334 successores
543 4283 583 4330 ea
598 4263 802 4349 plenitudine
818 4271 850 4331 et
867 4284 905 4331 eo
937 4264 1032 4331 modo
1064 4261 1230 4349 possidere

107 4373 216 4442 ualeat
240 4379 361 4441 terrum
386 4371 529 4440 Ohurma
558 4379 778 4458 memoratam,
811 4371 970 4457 quomodo
1002 4391 1060 4457 per
1091 4369 1230 4440 eundem
1329 4366 1331 4375 ⁴

106 4483 316 4554 karissimum
334 4501 432 4550 auum
448 4487 591 4550 nostrum
608 4479 712 4548 eidem
729 4479 808 4548 data
833 4479 940 4548 luerat
966 4484 999 4546 et
1023 4479 1153 4550 collata.
1192 4479 1231 4548 In
1322 4505 1324 4508 ¹

106 4592 192 4664 cuius
207 4592 260 4662 rei
273 4589 461 4660 memorium
477 4591 727 4676 firmitatemque
742 4594 933 4678 perpetuam
959 4592 1127 4678 presentes
1159 4606 1231 4656 con*
