3124 5152
607 312 767 413 -3-4-1-

126 530 197 594 gam
212 508 403 577 orientalem
419 509 503 577 inter
528 515 632 578 terras
664 509 825 592 arabiles;
849 508 891 576 de
921 509 1037 593 quibus
1069 513 1175 596 pergil
1206 512 1251 578 ad

125 625 262 706 pratum,
276 619 370 687 iuxta
386 617 471 702 quod
488 626 565 687 sunl
580 619 643 687 dno
673 625 774 707 mete,
801 619 878 687 inde
910 640 1082 708 parumper
1113 620 1251 688 meando

123 728 270 812 peruenit
286 727 331 796 ad
347 727 437 794 aliud
454 734 594 813 pratum,
610 727 666 796 rbi
682 735 757 796 sunt
773 727 836 797 due
852 735 956 813 mete;
982 732 1024 797 ab
1050 730 1113 817 bys
1144 727 1251 797 tendit

124 835 322 902 admonium
339 836 551 918 sabulosum3
576 854 672 920 quern
690 833 887 904 transeundo
902 835 1015 904 subtus
1031 837 1136 926 ipsum
1164 856 1252 903 mon·

123 949 183 1009 lem
201 950 279 1011 sunt
295 943 360 1010 dne
377 949 472 1032 mete,
502 943 543 1010 de
559 943 678 1029 quibus
694 944 846 1030 peruenit
862 943 1004 1012 adduas
1033 943 1105 1013 rias
1136 962 1251 1012 nemus

123 1051 292 1135 orientem,
323 1070 461 1134 quarum
477 1073 543 1119 vna
560 1051 648 1120 ducit
662 1051 707 1120 ad
723 1053 805 1137 Nyr,
837 1052 905 1120 alia
921 1052 955 1118 in
987 1051 1123 1134 Pardua
1155 1053 1249 1118 iuxta

124 1179 203 1242 quas
219 1165 297 1227 sunt
313 1159 377 1226 dne
393 1165 496 1244 mele;
522 1167 554 1228 el
568 1159 646 1228 inde
676 1179 737 1248 per
768 1159 862 1226 illam
894 1159 980 1228 viam
1011 1158 1102 1227 radit
1133 1178 1248 1227 uersus

124 1266 279 1334 orientem
297 1287 398 1352 vsquc
414 1267 458 1334 ad
474 1267 572 1352 viam,
605 1286 670 1352 qne
686 1267 773 1335 ducit
788 1267 823 1333 in
839 1265 1049 1355 Anyas-Nyri
1075 1287 1177 1351 usque
1208 1267 1252 1334 ad

125 1380 227 1445 metas
243 1372 490 1463 cruciferorum,
507 1376 554 1442 ibi
569 1383 646 1444 sunl
661 1381 726 1443 tres
743 1381 827 1443 mete
842 1375 1024 1460 angulares,
1041 1393 1177 1458 quarum
1187 1395 1252 1444 vna

126 1491 173 1552 est
189 1482 427 1551 cruciferorum
443 1483 555 1552 Sancti
569 1484 682 1571 Regis,
698 1485 804 1552 altera
820 1483 984 1570 hospitum
998 1481 1039 1550 de
1054 1483 1164 1570 Pestb,
1190 1488 1251 1551 ler-

126 1591 175 1658 cia
189 1610 267 1658 vero
283 1591 477 1677 populorum
494 1592 536 1659 de
550 1593 644 1678 Jenv,
661 1599 694 1659 et
710 1591 759 1660 sic
774 1593 973 1661 terminatur.
1012 1593 1131 1660 Datum
1159 1590 1251 1658 Bcdo

128 1699 256 1766 infesto
272 1699 395 1766 blalbei
410 1699 560 1784 Apostoli
576 1721 663 1768 anno
679 1701 798 1768 domini
829 1701 1004 1768 millesimo
1029 1699 1251 1768 ducentesimo

129 1805 343 1890 octoagesimo
382 1807 512 1894 primo,
550 1807 735 1876 indiccione
773 1829 885 1896 nona,
924 1807 1050 1877 decimo
1088 1806 1251 1876 kalendas

130 1911 282 1984 Oolobris.

131 2114 194 2174 (Kar
211 2115 319 2166 medaii
337 2113 477 2181 pelddnya
495 2115 681 2180 borhdrlyan,
703 2107 866 2168 voror-'zoin
886 2114 914 2167 eo
933 2115 1114 2182 ebriis-sarge
1132 2117 1249 2183 selyem-

129 2207 254 2258 zrinbron
266 2206 358 2272 friggd
376 2205 471 2270 peccet
489 2207 579 2271 elatu
598 2221 616 2257 a
627 2205 713 2258 budai
737 2206 791 2256 kir.
817 2206 946 2258 kamarai
970 2206 1155 2258 lavellarban.
1173 2207 1252 2258 Turb

160 2300 306 2351 nevezetes
318 2294 432 2354 biblval
445 2296 548 2350 kiadra
560 2295 691 2364 Fejernll
703 2294 769 2348 con.
788 2297 865 2362 Dipl.
885 2299 917 2350 V.
938 2298 997 2349 rot.
1017 2303 1041 2349 3.
1061 2313 1083 2350 r.
1106 2301 1165 2349 107.
1183 2298 1214 2362 l)

555 2604 821 2616 ι--η-ν-ι-ι-υ-υ--ιι-

654 3143 729 3211 283.

139 3343 212 3408 luda
230 3341 576 3430 Oleliobr'fdiapclnaolo
592 3365 613 3406 a
627 3342 788 3409 comodoro’
803 3340 1109 3428 vdmjdvedclcmnek
1130 3341 1247 3427 felerd·

136 3455 190 3514 ozel
204 3451 361 3539 ldrppozd
376 3451 561 3539 adomdnyo
578 3474 599 3514 a
623 3473 666 3518 aa.
690 3449 799 3516 Jaleao
831 3453 965 3536 uzipoldo
996 3451 1063 3516 le'ud
1096 3451 1252 3518 cicercula
1318 3507 1322 3515 ,

464 3563 608 3647 cpdtodp
623 3563 784 3624 emordra.
810 3559 897 3623 1281
903 3607 910 3623 .

233 3755 298 3822 Nos
331 3755 422 3823 Iwan
454 3752 570 3822 (lomes
601 3754 642 3820 de
658 3752 779 3839 Ocliob,
797 3753 884 3821 lilius
901 3753 1011 3820 Irinlai
1028 3752 1252 3837 significamus

139 3862 272 3930 omnibus
289 3864 405 3948 quibus
422 3861 553 3949 expedit
570 3861 766 3949 presentium
799 3882 856 3948 per
886 3868 1042 3949 tenorem,
1074 3860 1162 3946 quod
1193 3879 1252 3927 nos

138 3969 330 4038 medictatem
349 3969 459 4038 tributi
475 3971 580 4038 nostri
595 3971 630 4036 in
648 3971 817 4059 Zamobor,
847 3977 914 4036 tam
945 3969 987 4037 de
1018 3977 1122 4058 porta,
1154 3987 1253 4052 qnam

140 4075 261 4166 doloro,
277 4077 471 4145 contulimus
486 4097 544 4146 seu
561 4077 754 4146 donavimus
769 4079 803 4144 in
820 4077 999 4147 remedium
1015 4077 1125 4145 anime
1141 4083 1253 4144 nostre

140 4190 167 4251 el
192 4189 429 4273 progenitorum
461 4192 646 4255 nostrorum
675 4186 797 4254 Abbati
828 4194 861 4253 et
891 4183 1046 4252 iratribus
1076 4183 1117 4252 de
1141 4185 1254 4252 Insula

138 4291 237 4362 Sancti
251 4297 376 4376 Jacobi,
397 4293 622 4364 cislerciensis
654 4293 786 4364 Ordinis
819 4301 850 4361 el
879 4312 937 4377 per
971 4291 1101 4360 eosdem
1134 4291 1252 4358 fratres

138 4418 254 4470 suorum
283 4404 524 4473 successoribus
554 4402 624 4470 iure
639 4407 795 4490 perpetuo
821 4399 956 4488 pacifice
972 4399 1202 4485 possidendam
1219 4405 1252 4466 cl

138 4507 324 4595 habendam
350 4513 405 4600 ita,
422 4513 510 4598 quod
524 4510 673 4579 Ecclesia
689 4509 808 4576 Sancte
825 4509 925 4576 illene
956 4526 1058 4594 prope
1088 4507 1251 4574 Zamobor

140 4636 191 4700 per
205 4619 262 4688 boc
275 4622 471 4710 melioretur,
490 4627 523 4687 et
539 4619 655 4687 fratres
673 4617 794 4686 ibidem
812 4617 987 4686 existentes
997 4613 1047 4686 sui
1057 4614 1161 4684 molus
1178 4612 1253 4684 inde
