3096 5160
890 846 971 1003 ie.

366 1133 430 1199 IV.
446 1133 565 1197 Lucere
579 1133 688 1218 ttrdty
703 1135 886 1216 meyerduiti
911 1132 1050 1200 Kourdd
1066 1141 1185 1217 mester,
1217 1133 1482 1240 Ictodufia‘uuiro

457 1241 558 1308 leberti
568 1250 723 1308 oroaoetor
739 1241 920 1326 collecta'jdt
936 1243 1091 1327 tdrqyuad
1099 1243 1208 1328 joqa‘t.
1225 1241 1275 1306 Eu
1291 1243 1408 1308 mitet.

474 1437 541 1504 Nos
558 1435 730 1504 Ladielaus
746 1436 809 1502 Dei
822 1435 936 1518 gracia
950 1437 1020 1503 Rex
1036 1434 1204 1518 Hungarie
1229 1435 1384 1504 memorie
1410 1455 1484 1502 con·
1540 1469 1541 1514 3

368 1543 559 1610 mendantes
591 1541 810 1626 significamus
842 1541 1011 1628 uniuersis,
1044 1543 1130 1628 quod
1161 1543 1355 1610 constitutus
1387 1563 1484 1610 curam
1540 1569 1541 1628 3

369 1651 462 1718 nobie
477 1651 634 1732 Magister
657 1649 819 1716 Corradus
836 1649 924 1716 filius
939 1649 1099 1735 Stephani
1115 1647 1271 1735 exhybuit
1286 1651 1383 1718 nobis
1413 1651 1485 1716 titte-

367 1777 421 1824 ras
438 1756 660 1843 priuilegialee
687 1755 809 1822 domini
835 1756 914 1824 Belo
943 1756 1044 1841 Regis
1074 1755 1128 1822 aui
1160 1759 1273 1839 nostri,
1307 1768 1341 1824 et
1374 1758 1485 1824 litterae

369 1870 518 1948 patentes
535 1863 655 1930 domini
673 1863 832 1948 seltega
848 1863 950 1949 patria
974 1863 1077 1930 nostri
1108 1861 1285 1946 karissimi,
1316 1865 1352 1930 in
1381 1863 1487 1947 quibus
1541 1887 1542 1904 2

369 1969 594 2036 continebatur
612 1995 619 2036 :
637 1967 721 2052 quod
738 1969 909 2036 collectam
935 1968 1140 2035 denariorum
1166 1969 1220 2036 nel
1250 1971 1442 2038 uictualium
1469 1989 1487 2032 a

368 2077 494 2164 populis
510 2073 699 2157 Monasterij
717 2075 768 2140 sui
785 2074 899 2140 Sancti
914 2073 1029 2142 Jacobi
1046 2073 1087 2142 de
1103 2075 1227 2162 tyren,
1245 2095 1317 2142 eum
1334 2080 1370 2144 iu
1385 2078 1487 2158 Regno

370 2183 489 2268 crbygi
505 2181 644 2268 deberet,
677 2181 730 2248 uel
745 2181 816 2248 fieri
833 2181 1044 2267 contingeret,
1075 2183 1145 2269 ipse
1162 2181 1317 2268 Magister
1333 2183 1487 2252 Corradus

370 2290 422 2356 uel
439 2309 499 2356 sua
515 2289 695 2373 perciperet
710 2289 903 2374 posteritas3
928 2289 1106 2374 petiuitque
1135 2309 1157 2355 a
1187 2290 1291 2375 nobis,
1324 2299 1362 2356 ut
1392 2289 1486 2356 eidem
1542 2343 1543 2354 ,

370 2415 429 2462 noa
445 2403 478 2462 et
493 2396 560 2461 suis
576 2395 748 2462 heredibus
763 2401 892 2463 nostras
908 2395 1035 2464 litterae
1051 2396 1259 2480 dignaremur
1269 2397 1418 2480 elargiri
1428 2397 1489 2461 Nos

369 2504 468 2588 igitur
484 2503 578 2570 iustis
596 2503 810 2587 peticionibus
825 2503 927 2588 ipsius
944 2504 1102 2588 commoti,
1133 2503 1226 2571 iuxta
1259 2503 1488 2571 continenciam

371 2611 548 2696 priuilegij,
566 2617 598 2678 et
614 2609 789 2678 secundnm
807 2619 948 2677 tenorem
965 2609 1144 2679 litterarum
1161 2611 1411 2694 memorialibus,
1436 2611 1489 2676 eoi-

369 2722 486 2786 leutem
504 2723 712 2786 memoratam
730 2717 793 2803 ipsi
809 2717 967 2802 Magistro
994 2717 1136 2784 Corrado
1162 2723 1194 2784 et
1225 2717 1293 2784 suis
1323 2717 1490 2786 heredibus
1543 2715 1544 2724 ’

371 2825 518 2894 dedimus
535 2825 566 2892 ei
582 2825 775 2892 contutimus
791 2832 949 2910 perpetuo
973 2821 1225 2911 possidendam:
1253 2824 1379 2894 Datum
1410 2825 1489 2891 Bude

370 2937 453 3003 feria
469 2936 571 3002 tercia
587 2941 661 3019 post
678 2939 811 3002 octenas
828 2935 1047 3002 Pentecostes.

371 3133 512 3194 (Eredetie
529 3132 713 3196 bonhartyam
744 3131 855 3195 meiyen'
875 3147 892 3182 a
922 3131 1003 3182 habui
1023 3131 1077 3182 oda
1095 3137 1227 3196 nyomott
1245 3133 1401 3196 peesetnek
1430 3135 1493 3184 ture·

442 3221 513 3272 delre
531 3221 596 3288 meg
614 3235 753 3288 megvan3
772 3236 789 3271 a
807 3221 884 3273 mett.
903 3221 971 3272 bdrb
990 3220 1088 3286 Rdvay
1107 3221 1199 3274 cealdd
1218 3221 1437 3287 tevelteraban.)
