3112 5154
544 309 705 410 go—

77 503 196 572 realium
218 504 274 570 ‘re'l
303 503 537 590 personalium,
555 503 609 570 vel
624 503 761 586 alicuius
780 505 917 576 alterius
933 507 1064 589 offense,
1081 525 1143 590 que
1158 512 1194 572 et

80 631 147 694 quos
159 611 297 678 homines
313 615 346 677 et
361 610 541 678 Commune
557 609 684 696 Spoleti
707 631 765 698 per
781 631 816 678 se
834 613 885 679 rel
902 633 960 698 per
976 612 1061 679 alios
1093 611 1190 679 secis-

76 725 138 784 seut
163 737 215 786 seu
242 719 312 786 fieri
326 718 483 786 fecissent
502 717 687 788 hominibus
703 725 737 788 et
753 721 923 790 Communi
940 719 1112 806 Tragurii3
1138 721 1192 785 vel

80 825 204 894 honines
222 833 252 895 ct
272 828 452 895 Commune
482 825 632 916 Tragurij
666 827 819 896 fecissent
849 831 903 896 vel
933 829 1003 898 fieri
1033 825 1190 894 fecissent

75 934 238 1002 bominibus
268 943 302 1002 et
320 932 491 1002 Communi
521 934 660 1023 Spoleti,
693 935 812 1004 tamin
842 935 931 1004 dicta
947 935 1049 1022 priori
1069 955 1189 1020 guerra

80 1062 157 1125 quen
172 1041 203 1108 in
217 1044 377 1129 presenti,
393 1043 636 1112 umtcnointitcr
654 1043 844 1112 arbitrando
860 1050 894 1112 et
909 1044 1083 1112 diffinitiue
1098 1041 1189 1109 adiu·

81 1149 197 1217 diucndo
211 1152 310 1219 tinem
326 1151 532 1239 imponimus,
550 1157 582 1218 et
597 1149 727 1236 utrique
744 1151 1057 1220 Ciuitatisilencium
1073 1151 1189 1236 sempi-

81 1264 200 1344 ternum,
223 1263 257 1324 ut
272 1257 431 1346 deinceps
446 1258 537 1326 nullo
554 1277 698 1342 unquam
713 1269 860 1344 tempore
876 1259 988 1343 aliqua
1013 1257 1188 1326 Ciuitatnm

76 1361 212 1430 uictarum
242 1365 374 1450 Spoleti
405 1366 457 1432 vel
472 1364 625 1450 Tragurij
658 1366 817 1436 aduersus
847 1367 982 1434 alteram
1000 1366 1185 1452 Cinitutcm,

76 1471 238 1555 retniiqnis
253 1492 296 1540 ex
316 1473 504 1540 conciuibus
534 1473 695 1542 dictarum
726 1473 901 1542 Ciuitotum
933 1471 1094 1542 aduersus
1125 1473 1186 1540 ali·

80 1595 154 1659 quem
177 1578 276 1646 ciuem
303 1579 446 1648 rssterins
477 1579 637 1666 Ciuitatis,
668 1579 739 1648 siue
754 1579 903 1649 homines
933 1581 987 1649 vel
1009 1582 1187 1648 Commune

73 1683 203 1774 Tragurij
220 1686 383 1755 aduersus
400 1687 556 1754 Comitem
574 1688 767 1772 Stepconcm
783 1688 825 1756 de
840 1687 984 1772 chtina,
1000 1685 1053 1754 vel
1085 1685 1186 1752 domi·

78 1790 175 1858 ninum
202 1791 390 1861 Volcentem
422 1793 585 1878 quondam
617 1793 738 1861 domini
768 1794 929 1880 Vulcigne
948 1793 1060 1878 filium,
1076 1791 1131 1878 qui
1148 1793 1182 1860 in

72 1900 210 1967 cuntium
225 1907 387 1969 steterunt
411 1900 673 1986 Spalatensinm3
697 1904 750 1969 vel
780 1901 956 1970 Commune
972 1908 1005 1968 et
1036 1901 1183 1969 homines

73 2001 240 2092 deSpnlato
270 2009 435 2076 aduersus
465 2011 651 2095 Iuppauum
683 2009 779 2077 Sleoc
810 2016 842 2076 et
858 2009 1046 2094 Stercdem,
1068 2007 1122 2093 qui
1148 2006 1181 2073 iu

77 2113 208 2182 auxilium
221 2115 483 2200 Tragurensium
499 2121 658 2184 steterunt
673 2117 706 2182 in
723 2117 786 2183 hac
804 2115 956 2184 videlicet
970 2135 1098 2202 guerra,
1122 2135 1184 2200 quc

76 2222 297 2302 presencialiter
328 2223 510 2289 habebatur
540 2223 625 2289 inter
656 2223 815 2290 Ciuitates
848 2221 981 2290 easdem
1006 2223 1181 2291 occasione

77 2325 189 2396 alicuius
203 2329 372 2413 homicidij
389 2329 442 2395 vel
457 2331 567 2414 prede,
585 2327 620 2394 ut
634 2329 756 2396 dictum
774 2336 833 2418 cst,
860 2329 959 2398 realis
989 2332 1041 2398 vel
1071 2350 1181 2420 perso·

76 2433 152 2520 mite,
182 2457 237 2503 seu
266 2435 491 2519 uniuscunque
522 2436 657 2503 alterius
681 2437 770 2504 modi
785 2436 839 2504 rel
859 2439 991 2524 offense,
1005 2458 1078 2506 cum
1093 2439 1182 2508 insti-

75 2548 154 2623 gante
181 2543 314 2611 diabolo
344 2541 520 2609 homicidia
552 2543 654 2611 multo
685 2543 827 2630 plurima
857 2543 933 2611 hinc
964 2544 1042 2612 inde
1081 2546 1179 2630 priori

76 2667 178 2737 guerra,
202 2670 302 2734 quam
319 2651 355 2714 in
370 2650 512 2734 presenti
528 2647 718 2736 perpetrato
735 2656 770 2718 et
785 2650 873 2717 facta
889 2656 1007 2736 essent,
1022 2653 1180 2722 infestare

74 2773 118 2821 eeu
131 2759 296 2824 molestare
314 2757 424 2824 valeat
443 2759 497 2822 uel
530 2756 657 2839 debeat,
691 2776 752 2825 neu
767 2758 801 2823 in
832 2759 944 2842 aliquo
974 2759 1176 2846 adgraucr03

73 2863 119 2930 sed
143 2865 173 2930 in
186 2884 266 2952 pace
283 2869 444 2950 perpetua
472 2869 607 2946 utreque
623 2863 780 2932 Ciuitates
800 2865 943 2932 debeant
957 2885 1176 2952 perseuerare,

74 2973 170 3040 necin
198 2991 363 3058 quoquam
395 2972 501 3039 altera
531 2970 669 3038 alteram
685 2972 718 3038 in
750 2975 899 3058 personis
931 2972 1095 3042 offendere
1124 2976 1178 3042 vel

73 3079 156 3147 rubus

157 3188 196 3254 ut
209 3190 270 3255 hec
285 3186 418 3273 quidem
435 3185 543 3253 omnia
560 3190 594 3251 et
609 3187 739 3272 singula
756 3207 857 3273 snpra
871 3189 996 3271 scripta
1014 3207 1074 3254 uos
1105 3209 1177 3274 pre·

68 3299 178 3364 ‘taxatus
207 3295 328 3364 Comes
345 3295 504 3378 Georgius
519 3294 642 3373 Preste‚
659 3303 692 3360 et
707 3295 886 3363 Domaldus
901 3294 1037 3380 judices,
1053 3297 1175 3382 arbitri,

70 3401 253 3471 arbitratores
269 3401 560 3486 concordauerunt,
578 3400 804 3483 laudauerunt,
821 3401 1041 3469 diffiniuerunt
1055 3406 1175 3472 amica·

70 3505 146 3573 bilem
173 3508 445 3595 composicionem
470 3507 644 3574 Ciuitatum
663 3509 900 3593 sepedictcrum
916 3527 975 3595 per
993 3511 1174 3600 arbitrium,

69 3611 186 3700 laudum,
200 3615 408 3684 concordium
424 3621 522 3699 atque
538 3615 739 3682 sentenciam
751 3615 956 3682 diffinitiuam
967 3617 1178 3706 precipimus,

69 3721 229 3792 ordinamus
258 3731 360 3808 atque
389 3723 550 3804 volumus,
581 3743 798 3808 proceraque
826 3725 971 3810 ipsarum
987 3725 1172 3812 Ciuitatum,
1296 3774 1300 3782 -

68 3837 197 3914 perpetuo
212 3831 308 3896 firma
323 3839 357 3896 et
372 3837 443 3895 rata
458 3829 492 3896 in
509 3831 659 3896 omnibus
689 3830 839 3916 capitulis
870 3829 1103 3898 inuiolabiliter
1118 3834 1171 3900 ob·

66 3939 170 4003 seruari
184 3940 243 4005 sub
259 3957 347 4023 pena
362 3935 496 4027 duarum
508 3936 643 4004 millium
655 3956 839 4002 marcarum
855 3941 991 4022 argenti,
1006 3959 1087 4023 quuas
1098 3959 1171 4006 cun·

67 4043 227 4111 mnenienr
260 4045 384 4111 Ciuitas
401 4043 442 4110 dc
466 4044 559 4111 bonis
575 4045 626 4112 sui
643 4044 829 4112 Communis
846 4065 1039 4128 suorumque
1054 4043 1172 4111 ciuium

68 4149 182 4216 onnium
199 4153 330 4220 soluere
347 4156 503 4230 teneatur,
519 4151 728 4217 medietatem
748 4151 900 4217 videlicet
917 4149 1050 4218 Ciuitati
1065 4149 1170 4235 alteri,

66 4271 116 4334 que
132 4255 187 4324 hee
203 4266 319 4326 nostra
349 4257 516 4344 mandata,
550 4257 694 4345 laudum,
727 4258 893 4326 arbitrium
910 4264 943 4325 et
974 4255 1171 4324 sentenciam

66 4361 275 4451 ubrcruauerit,
292 4373 324 4432 et
339 4365 437 4431 aliam
453 4364 661 4432 medietatem
671 4364 842 4432 Communi
851 4365 1002 4434 Ciuitatis
1017 4364 1171 4432 Jaderen·

67 4467 109 4553 sis,
136 4473 215 4556 quod
244 4473 423 4540 Commune
439 4492 496 4539 seu
513 4491 575 4556 quc
592 4472 714 4540 Ciuitas
729 4492 789 4556 pro
806 4473 965 4540 ambabus
980 4469 1060 4555 ipsis
1086 4468 1172 4536 Ciui-

65 4575 166 4644 tutibus
194 4579 366 4662 fideiussit,
395 4587 426 4646 et
442 4577 484 4644 ad
500 4578 571 4666 hoc,
587 4579 675 4662 quod
691 4579 752 4646 hec
777 4585 889 4647 nostra
907 4576 1083 4663 sentencia,
1101 4576 1171 4644 lau-
