3148 5146
809 309 967 406 ἐς,

319 504 413 572 nobis
428 503 535 589 putuit
551 500 727 588 euidenter,
744 501 831 587 quod
857 504 891 569 in
922 501 973 569 ius
1005 507 1038 567 et
1068 501 1306 588 proprietatem
1339 521 1444 568 munus

321 617 449 680 nostres
465 615 497 677 et
512 609 698 696 potenciam
723 609 930 678 extendimus
961 607 1081 676 oinium
1114 601 1346 695 predioto'rum.
1386 610 1442 674 Nos
1538 623 1539 630 ¹

321 719 432 804 itaque
448 717 581 802 oognite
597 718 731 785 iustioiu
747 723 780 786 et
796 717 867 786 inre
882 717 1005 784 oinium
1020 716 1231 805 prefatorum,
1263 715 1388 783 eisdem
1416 713 1444 778 in

321 825 389 894 suis
404 823 528 893 iuribus
546 823 661 892 deesse
676 825 834 919 nolentes,
866 823 988 890 diotum
1004 831 1125 892 terram
1141 830 1174 890 et
1198 841 1312 889 omnes
1338 822 1441 888 uineus

322 931 429 1001 onitas
443 950 502 1000 seu
519 931 600 999 sites
617 951 746 1016 quoquo
763 931 860 1000 modo
877 929 936 1019 (et)
951 929 1046 999 titulo
1061 929 1150 998 idem
1181 930 1269 997 eines
1302 927 1446 1014 possode·
1538 969 1539 974 =

323 1046 398 1108 runt
414 1059 512 1126 super
537 1043 657 1106 terrem
683 1037 801 1127 castri,
833 1038 956 1107 eisdem
990 1038 1172 1106 dimisimus
1204 1045 1236 1104 et
1267 1035 1446 1120 reliquimus

324 1147 460 1231 puoifioe
476 1147 662 1234 perenniter
687 1145 941 1232 possidendum3
965 1145 1031 1214 iste
1063 1144 1272 1232 prerogutiuo
1299 1144 1447 1224 libertate,

324 1254 413 1337 quod
429 1275 490 1322 neo
507 1274 564 1342 per
580 1275 640 1322 nos
657 1273 719 1322 neo
743 1275 801 1342 per
826 1259 953 1322 nostros
985 1252 1145 1320 offioieles
1176 1251 1229 1318 uel
1259 1253 1448 1318 osstelianos

326 1381 385 1445 pro
401 1367 545 1446 tempore
561 1362 755 1429 constitutos
772 1360 826 1427 uel
842 1359 1071 1446 priuilegintos
1097 1355 1142 1446 (t)
1170 1357 1276 1425 Oustri
1296 1399 1335 1408 -
1356 1393 1396 1405 -
1413 1393 1444 1404 -

329 1509 366 1518 —
386 1505 429 1516 -
449 1505 486 1515 —
506 1505 550 1516 —
567 1488 725 1552 super-
742 1505 785 1516 -
805 1505 842 1516 -
862 1504 905 1515 —
923 1467 1064 1552 emtioijs
1080 1467 1133 1533 vel
1148 1465 1244 1532 uultis
1261 1485 1363 1550 snper
1391 1473 1445 1530 ter·

325 1595 395 1641 rum
413 1573 520 1642 Gastri
541 1615 579 1624 -
597 1612 641 1623 —
657 1615 701 1626 -
718 1575 818 1642 iioeut
835 1573 881 1661 (i)
900 1611 944 1623 -
962 1613 999 1623 —
1019 1615 1063 1626 -
1080 1573 1205 1657 aliquid
1221 1581 1308 1640 terre
1333 1571 1448 1656 inquio

324 1681 399 1749 tari.
427 1717 452 1732 -
477 1717 521 1729 -
552 1681 675 1749 Datum
692 1719 735 1730 -
754 1683 926 1768 -quinta
957 1682 1039 1750 ferie
1071 1689 1144 1767 post
1176 1685 1328 1748 ootauom
1358 1681 1450 1746 Pusoe

326 1789 458 1858 Domini
476 1829 515 1842 -
534 1825 579 1838 -·
596 1825 638 1840 —
654 1789 885 1858 M⁰OG⁰LXX⁰
900 1792 1009 1857 toreio.

325 1987 382 2048 (Au
402 1989 508 2041 eredeti
526 1987 598 2038 uttn
616 1987 797 2053 Kukuljevics
817 1987 897 2050 Ivtn,
916 1987 1008 2038 Arkiv
1035 1986 1253 2051 zapovjestniou
1280 1985 1451 2051 jugosisven·
1538 2023 1539 2026 η

599 2076 651 2127 sko
668 2077 720 2128 111.
740 2078 799 2128 ktt.
820 2076 938 2144 degusto,
959 2079 1037 2128 1854.
1057 2081 1100 2128 st.
1120 2077 1188 2140 lap.)

874 2888 928 2956 85.

332 3095 355 3157 1
361 3091 393 3156 V.
410 3091 527 3155 Lento
543 3088 721 3173 kirdlyoait
736 3087 869 3153 tinioso-t
894 3089 1097 3174 moperdoitik
1128 3089 1272 3174 Fyottot
1298 3087 1465 3172 jonatnas

737 3193 939 3260 birtoka'bon.
963 3194 1060 3262 1273.

438 3387 508 3452 Nos
524 3384 674 3470 Myohnel
692 3382 808 3451 (tomes
824 3382 865 3450 de
880 3382 1018 3451 Zoulnm
1035 3385 1124 3453 etde
1148 3387 1270 3473 Zopus,
1303 3398 1337 3456 et
1364 3391 1472 3476 Magi·

331 3500 399 3561 ster
414 3491 535 3578 Pauka,
552 3512 614 3577 pro
631 3489 844 3578 expedicione
860 3499 1019 3560 terrerum
1035 3493 1176 3560 omnium
1202 3496 1265 3562 sub
1299 3497 1475 3567 comitutu

330 3598 468 3666 Zoulum
485 3599 699 3667 exismnoium
714 3621 736 3667 u
751 3598 881 3666 domino
897 3599 986 3685 Rege
1003 3598 1159 3668 destinati
1175 3599 1293 3670 dumus
1310 3626 1376 3692 pro
1411 3625 1476 3673 me

332 3709 457 3792 moriu3
477 3703 565 3790 quod
580 3712 701 3774 terrum
715 3705 845 3792 Fyotha
861 3705 910 3774 sio
936 3707 1104 3792 possidere
1134 3707 1241 3777 eidem.
1272 3711 1404 3784 Fiothu
1439 3735 1480 3782 ex

332 3813 444 3900 gratie
460 3813 582 3880 domini
597 3812 698 3897 Regis
714 3813 919 3898 permisimus
936 3817 1204 3900 perpetuo‚'siout
1220 3818 1365 3887 eundem
1384 3823 1481 3892 inue-

332 3909 450 4009 nimns,
463 3921 585 3988 dietum
602 3927 720 3987 temam
736 3921 932 4007 possedisse.
940 3923 986 3988 ·In
1003 3923 1094 3990 ouius
1110 3923 1158 3990 rei
1174 3931 1372 3998 memorium
1393 3933 1485 4002 litte·

332 4048 387 4096 ras
412 4033 582 4114 presentes
604 4028 837 4114 sigillijnostri
869 4029 1046 4099 munimine
1077 4029 1274 4101 oonseoimns
1305 4038 1485 4109 roborari

330 4135 426 4202 Auno
443 4133 574 4202 Domini
590 4134 821 4204 M⁰OO⁰LXX⁰
837 4138 949 4205 tenoio.

340 4331 390 4382 1v.
409 4332 511 4383 Iatsnid
533 4331 646 4385 ldie-ki
665 4333 835 4399 megerdsitd
854 4335 1112 4402 privilegiumtbtl.
1149 4338 1244 4392 nonai
1271 4327 1349 4396 dudi
1395 4353 1492 4408 uino·

798 4426 1000 4493 kdzlemdnye.)
1538 4429 1539 4444 ¹
