3148 5164
348 485 454 551 Murul
473 483 639 568 adipsum
665 481 831 550 Andream
863 483 962 547 filium
994 480 1123 550 Andree
1155 491 1186 550 et
1215 483 1302 550 filios
1337 485 1483 553 eiusdem
1569 515 1570 530 2

346 591 521 676 pertinere,
554 598 585 656 et
602 589 699 674 digne
730 609 789 676 per
804 589 892 674 ipsos
922 609 1020 674 posse
1045 589 1185 657 vendere
1202 597 1235 658 et
1251 592 1402 659 alienare
1419 597 1482 660 cui-

347 717 476 782 cunque
492 698 614 764 vellent
629 697 857 764 affirmassent.
875 695 966 761 Vnde
998 715 1076 780 sepe
1107 695 1208 764 fatam
1240 699 1479 784 possessionem

348 803 455 872 Murnl
487 809 646 888 vocatam,
679 804 774 870 simul
806 823 877 869 cum
909 803 1049 869 ecclesia
1081 813 1253 887 prenotata
1268 813 1303 874 ct
1317 809 1479 876 uniuersis

348 911 547 980 vtilitatibus
564 911 631 980 suis
649 931 688 978 ac
703 909 913 996 pcrtinenoijs
929 909 972 975 ad
989 909 1125 978 eandem
1144 911 1230 978 intra
1245 920 1352 982 metas
1369 935 1479 1000 supra·

350 1019 458 1086 dictas
483 1019 644 1084 inclusam
659 1014 745 1083 idem
761 1014 876 1083 Comes
893 1015 1051 1100 Andreas,
1066 1019 1181 1085 Petrus
1198 1024 1230 1084 et
1245 1019 1415 1090 lohannes
1431 1024 1480 1088 sui
1569 1053 1570 1112 3

352 1126 408 1212 filij
426 1147 484 1212 pro
500 1125 655 1212 predictis
672 1125 890 1210 quadraginta
907 1125 1023 1192 mercis
1042 1124 1098 1191 fini
1116 1127 1242 1209 argenti
1260 1149 1370 1194 coram
1388 1131 1483 1196 nobis
1569 1131 1570 1208 ᾗ

350 1237 393 1302 ab
411 1233 524 1304 eodem
558 1231 682 1299 Gemite
713 1230 842 1298 Sondor
873 1231 970 1317 plene
985 1231 1105 1298 habitis
1121 1240 1153 1298 ct
1170 1235 1311 1318 receptis
1328 1235 1483 1306 vendide-
1569 1291 1570 1330 p

346 1347 423 1410 runt
439 1348 470 1408 et
483 1339 686 1408 tradiderunt
703 1359 740 1408 no
756 1338 886 1424 penitus
901 1339 943 1406 de
959 1359 994 1406 se
1011 1340 1195 1406 alienarunt
1225 1340 1331 1408 eidem
1363 1344 1481 1413 Comiti

347 1450 485 1536 Sandor,
509 1455 541 1516 et
557 1469 616 1536 per
632 1469 705 1516 eum
736 1445 803 1514 suis
821 1444 994 1512 heredibus
1010 1447 1169 1514 rnioersis
1181 1447 1256 1532 jure
1273 1458 1433 1535 perpetuo
1449 1463 1482 1521 et
1569 1475 1570 1490 ¹

349 1556 605 1626 irreuocabiliter
644 1555 780 1640 pacifice
810 1561 843 1623 et
875 1555 983 1637 quiete
1025 1554 1267 1641 possidendam,
1303 1559 1480 1628 tenendam

348 1666 471 1754 puriter
488 1670 519 1732 ct
545 1663 739 1748 habendam,
772 1662 862 1729 nullo
893 1663 1024 1748 penitus
1041 1663 1279 1731 contradictore
1296 1666 1478 1752 externum

350 1773 555 1861 presentibus
572 1771 692 1839 nostrie
708 1769 826 1838 litteris
842 1770 1103 1858 priuilegialibue
1119 1771 1181 1839 sibi
1212 1772 1483 1845 confirmandam.

351 1881 546 1966 Obligentes
578 1901 612 1948 se
628 1877 765 1965 predicti
782 1879 943 1967 Andreas,
960 1880 1075 1946 Pebus
1091 1887 1123 1946 et
1138 1877 1306 1947 Jobennes
1324 1881 1381 1966 filij
1401 1885 1485 1951 eius·

350 1990 434 2074 dem,
460 1988 596 2074 quodsi
623 1988 677 2072 qui
698 1983 855 2074 'processu
880 1994 1061 2072 temporum
1088 1987 1194 2072 ipsum
1219 1987 1381 2056 Comitem
1404 1989 1486 2058 San·
1569 2063 1570 2088 χ

349 2095 411 2164 dor
445 2095 498 2164 uel
530 2115 606 2164 suos
638 2093 775 2162 heredes
807 2095 940 2161 racione
972 2093 1076 2180 ipsius
1110 2101 1196 2162 terre
1227 2096 1336 2164 Murul
1371 2107 1487 2166 vocate
1569 2113 1570 2188 l

349 2205 573 2291 molestarent,
607 2211 724 2271 extunc
757 2203 819 2289 ipsi
852 2209 883 2269 et
915 2202 1058 2287 ipsorum
1091 2201 1228 2270 heredes
1252 2203 1360 2272 modis
1384 2207 1487 2272 omni·

350 2312 411 2380 bus
437 2312 590 2400 expedire
622 2317 792 2380 teneantur
823 2311 865 2378 ab
898 2311 1055 2397 omnibus,
1091 2309 1233 2397 proprijs
1258 2331 1370 2379 eorum
1394 2312 1482 2380 labo·

352 2420 441 2488 ribus
466 2427 497 2488 et
520 2419 680 2506 expensis,
712 2441 750 2486 ac
783 2419 817 2486 in
850 2417 926 2504 ipsa
958 2419 1163 2505 possessione
1195 2418 1333 2504 pacifice
1367 2439 1406 2486 ac
1436 2421 1484 2485 in·
1569 2463 1570 2496 g

351 2525 533 2613 dempuiter
569 2545 775 2598 conseruere.
810 2527 847 2593 ln
883 2527 973 2594 cuius
1007 2546 1065 2614 rey
1088 2527 1309 2594 testimoninm
1335 2533 1486 2612 perpetu·
1569 2547 1570 2610 j

354 2655 472 2720 amque
515 2635 700 2704 firmitatem
744 2634 786 2702 ad
830 2634 1047 2720 predictorum
1082 2633 1238 2700 nobilium
1293 2634 1485 2719 peticionem

354 2749 520 2832 presentes
565 2742 782 2812 concessimus
826 2741 951 2808 litteras
992 2749 1121 2809 nostras
1153 2740 1373 2827 priuilegiales
1404 2759 1485 2826 pen-

352 2851 458 2920 dentis
481 2850 583 2936 sigilli
608 2851 711 2918 nostri
734 2850 913 2916 munimine
937 2851 1115 2918 roboratas.
1141 2850 1262 2916 Delum
1288 2869 1346 2934 per
1369 2866 1487 2914 manum

350 2958 484 3029 discreti
515 2960 576 3026 riri
609 2957 757 3044 Magistri
791 2957 921 3024 Andree
953 2956 1097 3024 Leotoris
1129 2955 1276 3024 Ecclesie
1310 2961 1414 3022 nostre
1451 2955 1487 3020 in

351 3068 474 3137 octenis
500 3065 599 3150 medij
625 3066 750 3134 xn-me
773 3085 859 3132 enno
884 3063 996 3134 eodem
1021 3063 1215 3162 supradicto.

352 3267 405 3326 (Aa
425 3268 504 3318 orodi
522 3267 716 3332 lrdptalannak
739 3271 813 3318 1423.
836 3235 924 3316 »feria
943 3271 1022 3316 sexte
1052 3269 1115 3328 post
1146 3264 1248 3314 festum
1281 3261 1365 3310 Beate
1396 3259 1493 3308 Lucie

349 3358 493 3423 Virginis«
516 3358 682 3424 »Gregorius
701 3357 773 3407 filins
791 3357 852 3407 Belr
870 3357 905 3408 de
918 3355 1077 3422 Danffogh«
1092 3351 1221 3405 kereaere
1234 3351 1295 3402 kelt
1308 3347 1494 3409 certatorem

643 3463 659 3498 e
677 3447 764 3499 budoi
781 3447 836 3498 kir.
856 3445 984 3499 kamerai
1002 3443 1198 3507 levtltdrban.)
