3112 5154
617 769 692 838 les.

100 968 149 1034 W.
166 969 275 1036 Modo
289 967 407 1055 cisely
424 991 447 1034 α
461 969 538 1036 tetta·
553 978 725 1035 monestere
741 967 872 1052 oppositi
887 991 907 1034 α
923 969 1116 1054 aptissima·
1131 973 1211 1054 apd·

478 1077 703 1144 asserebat.
729 1077 825 1146 1277.
1223 1086 1225 1090 ’

189 1273 255 1340 llos
269 1271 449 1340 Ladialaus
465 1271 525 1339 Dei
552 1273 664 1358 gracia
694 1271 763 1338 Rex
793 1271 959 1356 Hungarie
991 1271 1210 1356 significamus

99 1379 239 1447 uniuersis
254 1378 464 1464 presencium
481 1398 539 1464 per
554 1386 707 1462 tenorem,
738 1380 825 1462 quod
843 1399 901 1448 uos
917 1379 1031 1464 Regali
1063 1379 1209 1446 modera-

101 1486 175 1550 uine
188 1487 435 1554 considerantes
460 1486 633 1571 rniuersa3
657 1487 842 1574 prospicere
873 1487 1035 1554 noluimus
1066 1485 1211 1570 meliora,

102 1595 140 1660 ita
153 1593 304 1679 unientes,
339 1613 398 1662 seu
415 1594 499 1660 uniri
516 1600 739 1680 procurantes,
771 1615 869 1661 ruam
888 1595 1069 1662 Ecclesiam
1087 1593 1212 1678 religio·

100 1720 159 1768 sau
172 1701 225 1768 alii
240 1701 439 1787 religiosiori
454 1701 657 1789 subiciendo,
673 1707 708 1767 ut
725 1701 873 1768 subiecta
889 1701 931 1768 ab
948 1703 1098 1770 omuibus
1114 1701 1213 1767 bonc-

101 1809 175 1875 ribus
190 1815 221 1874 et
234 1808 382 1876 sordidis
407 1808 604 1886 muneribus,
636 1809 751 1891 quibus
783 1809 960 1893 aggrauari
991 1813 1213 1892 consueuerat,

102 1915 214 2000 penitus
228 1917 405 2002 releuatur,
433 1921 465 1982 et
481 1915 639 2002 Ecclesia,
671 1916 722 1983 cui
740 1915 852 1982 debita
868 1919 1053 1984 annectitur
1084 1916 1212 1999 unione,

102 2023 321 2089 incrementum
339 2023 475 2108 recipiat
503 2028 535 2089 et
549 2023 693 2092 tutelam.
719 2024 780 2088 Pro
797 2031 887 2090 tanto
904 2023 1083 2091 Ecclesiam
1100 2023 1213 2090 Sancti

103 2129 186 2212 Regis
199 2129 238 2195 de
251 2127 397 2217 Teluky,
415 2127 548 2196 Ordinis
565 2129 658 2198 Beati
674 2129 849 2214 Benedicti,
877 2137 1085 2218 quopropter
1101 2131 1212 2198 Patro·

104 2255 200 2303 norum
215 2235 379 2304 deiectum
396 2236 464 2305 iere
479 2235 522 2304 sd
537 2237 797 2304 exinanicioucm
813 2243 957 2304 extreme
974 2237 1099 2306 uirtutis
1116 2237 1211 2304 deue-

104 2349 192 2430 nemt,
207 2352 242 2412 rt
259 2353 293 2410 et
308 2365 331 2410 a
347 2343 579 2428 multiplicibus
596 2344 841 2428 grauamiuibus
858 2347 1029 2428 releuetur,
1045 2351 1077 2411 et
1093 2345 1125 2410 in
1141 2347 1210 2414 suis

106 2449 212 2516 iuribus
228 2451 437 2535 proteccicue
454 2450 565 2517 debita
582 2457 811 2534 conseruetnr;
834 2458 900 2518 tam
918 2452 950 2518 in
976 2453 1125 2520 Ecclesia
1155 2473 1212 2520 seu

105 2556 298 2644 lionasterio,
317 2547 765 2643 quaninsuispcrtinenoijs,
781 2557 905 2644 prediis
930 2559 1091 2646 videlicet,
1108 2560 1214 2645 capel-

105 2663 145 2748 lis,
157 2664 367 2752 obediencijs‚
383 2665 541 2750 grangijs,
557 2665 655 2754 sillia,
687 2667 803 2753 vineis,
834 2667 936 2754 siluis,
969 2667 1165 2734 molendinis
1182 2671 1215 2732 et

107 2771 170 2854 alijs
185 2773 332 2840 omnibus
347 2771 621 2860 possessionibus,
653 2793 845 2858 quocunque
871 2775 1001 2842 nomine
1033 2779 1213 2856 censeatur,

106 2879 234 2948 Ecclesie
249 2882 443 2949 Beatissimo
453 2881 598 2967 Virginis
620 2881 920 2949 Sauetimonialium
937 2879 1069 2948 Ordinis
1079 2880 1214 2948 fratrum

108 2987 334 3056 Prsdicatorum
352 2987 392 3054 de
423 2987 531 3056 Iusule
563 2989 704 3058 Danobii
736 2989 898 3057 vniuimus
929 3008 987 3056 seu
1019 2987 1214 3056 subiecimus

108 3095 188 3176 pleno
202 3098 291 3179 iure;
314 3096 362 3162 ita
378 3094 464 3179 quod
480 3095 550 3182 ipse
575 3095 849 3162 Sanetimoniales
881 3095 922 3162 de
952 3096 1066 3162 Insula
1098 3095 1215 3164 emolu·

109 3210 232 3270 neutum
248 3209 438 3288 competens
453 3201 636 3286 percipiant
652 3203 693 3268 de
709 3201 867 3270 fructibus
891 3202 1038 3270 Ecclesia
1068 3201 1216 3287 supradi-

111 3315 159 3392 cte,
173 3315 203 3375 et
217 3310 250 3376 iu
267 3311 341 3396 ipsa
355 3309 506 3376 Ecclesia
521 3307 639 3376 fratres
657 3311 725 3374 Dec
752 3309 949 3377 famulantes
980 3309 1075 3378 modo
1107 3309 1216 3378 debito

112 3423 335 3499 sustententur;
367 3436 408 3483 ne
433 3423 565 3501 propter
596 3416 851 3486 necessariorum
885 3417 1046 3484 deiectum
1078 3415 1112 3482 in
1143 3415 1216 3502 ipsa

111 3519 242 3590 Ecclesia
257 3524 375 3592 Diuine
392 3525 500 3591 laudis
517 3543 673 3608 organum
690 3525 917 3610 suspendatur.
934 3525 1055 3590 Datum
1071 3522 1106 3588 in
1117 3523 1215 3590 Pestb

112 3627 139 3692 in
153 3633 287 3699 crastino
313 3631 427 3700 Sancti
457 3632 608 3700 Bernaba
639 3631 786 3716 Apostoli
817 3653 905 3700 auno
937 3629 1067 3699 Domini
1096 3631 1130 3696 M
1138 3629 1217 3696 ⁰00⁰

113 3741 333 3824 septuagesimo
349 3738 497 3825 septimo.

113 3933 232 3992 (Ersdetie
250 3939 435 4003 berhartybm
456 3953 473 3988 a
492 3935 645 4002 kirdlynak
663 3937 745 3989 bdtul
774 3935 959 4004 odanyonrott
987 3932 1166 4004 pscsetjereb
1199 3951 1216 3988 a
1248 3979 1265 4006 Ι

112 4025 184 4076 bndsi
201 4031 249 4080 lir.
269 4030 398 4080 kamarai
420 4028 605 4080 lerelttrban.
626 4057 657 4067 -
678 4029 767 4079 Hibcis
787 4027 956 4080 evszdmmal
975 4029 1004 4079 es
1023 4027 1163 4077 kblbnbeu
1192 4025 1216 4075 is

147 4121 244 4175 sztmos
261 4121 377 4176 hiberni
396 4122 500 4174 kiadva
519 4121 646 4185 sejemes
670 4119 735 4173 ooo.
755 4120 830 4184 Dipl.
850 4121 883 4170 V.
903 4121 962 4170 soc.
983 4125 1007 4168 2.
1021 4136 1041 4169 r.
1063 4121 1122 4166 548.
1141 4117 1174 4179 l.)

524 4387 789 4399 ...nm-
