3148 5146
605 1060 608 1066 ¹
687 976 741 1042 oe.

150 1176 180 1240 1
184 1175 219 1242 V.
237 1174 354 1240 Ldozlo'
387 1173 563 1260 kirdlyuolr
593 1173 700 1260 Nevep
732 1174 882 1260 belyedqet
912 1175 1071 1259 ta‘rppnzd
1101 1173 1288 1260 cdomduyu

312 1283 441 1370 Mibdly
457 1305 556 1349 comes
572 1284 685 1368 dja-dri
699 1288 845 1370 ede-napy
860 1281 1022 1348 nedmdro.
1048 1283 1147 1348 1274.

266 1477 443 1545 budizlaus
474 1477 535 1543 Dei
553 1476 664 1560 gradu
694 1476 836 1560 Vngarie
861 1475 1041 1561 Dalmaeie,
1063 1475 1207 1560 Croaoie,
1226 1476 1288 1542 Ra·

156 1605 221 1671 mc,
237 1585 365 1673 Seruio,
384 1583 534 1670 Callicie,
561 1583 763 1669 Lodomerie,
796 1581 951 1650 Cumanie
983 1583 1201 1669 Bulgarieque
1218 1585 1288 1650 Rex

158 1691 311 1760 omnibus
352 1689 470 1757 Christi
509 1689 663 1756 fidelibus
704 1691 820 1775 quibus
864 1695 1036 1776 presentes
1075 1689 1287 1758 ostenduntur

156 1798 298 1866 salutern
317 1798 351 1864 in
378 1815 417 1862 eo
448 1797 504 1880 qui
534 1797 679 1881 Regibus
710 1796 768 1862 dat
798 1797 948 1864 salutem.
979 1797 1031 1863 Ad
1060 1799 1286 1866 uniuersorum

156 1904 312 1972 noticiam
344 1911 457 1972 tenore
481 1905 693 1988 presencium
726 1904 874 1972 volumus
903 1906 1088 1994 peruenire,
1120 1905 1207 1990 quod
1225 1923 1286 1972 nos

156 2011 373 2078 consideratis
421 2013 559 2094 meritis,
605 2008 819 2080 fidelitatibus
849 2019 882 2082 et
921 2012 1090 2080 fidelitatis
1122 2012 1287 2096 obsequijs

155 2116 290 2186 Comitis
321 2117 489 2186 Michaelis
519 2119 579 2204 fiiij
596 2117 762 2204 Budmerij
789 2120 967 2188 Castellani
983 2119 1025 2186 de
1042 2121 1159 2206 Vyuar
1173 2119 1280 2186 fidelis

152 2225 269 2307 nostri,
286 2230 319 2291 et
334 2225 477 2293 eiusdem
498 2233 594 2310 grate
614 2226 771 2310 obsequie
789 2237 822 2296 et
852 2229 1049 2312 obsequiosa
1080 2228 1206 2310 merite,
1222 2245 1286 2310 que

150 2331 245 2399 nobis
277 2332 313 2398 in
328 2333 439 2400 multis
471 2335 618 2420 negocijs
651 2339 683 2400 et
707 2334 852 2420 pluribus
881 2333 1147 2420 expedicionibus
1179 2334 1284 2418 Regni

142 2439 255 2507 nostri
270 2439 456 2524 frequenter
471 2440 620 2528 inpendit
635 2450 667 2509 et
684 2427 859 2528 inpendere
874 2463 941 2509 non
962 2443 1113 2528 cessauit,
1140 2441 1282 2509 maxime

152 2551 186 2614 iu
202 2549 456 2617 conseruaciene
488 2549 587 2616 castri
618 2549 719 2617 nostri
751 2551 880 2635 Vyuar;
904 2551 982 2634 quia
997 2569 1070 2616 cum
1086 2567 1199 2616 omnes
1215 2550 1280 2618 alie

152 2656 369 2742 municiones,
386 2665 543 2741 castraret
559 2658 709 2744 opidain
726 2659 863 2726 confinio
893 2656 998 2744 Regni
1029 2659 1132 2726 nostri
1162 2677 1221 2743 per
1235 2658 1283 2726 in-

150 2765 273 2830 sultum
285 2763 394 2848 ,Regis
411 2763 604 2832 Boemorum
622 2770 700 2832 tunc
714 2765 836 2834 inimici
852 2767 957 2834 nostri
972 2767 1128 2850 capitalis
1144 2766 1280 2834 fuissent

150 2877 325 2958 occupata,
342 2873 427 2939 idem
445 2871 564 2939 Comes
579 2872 719 2942 Michaei
752 2873 933 2959 predictum
966 2878 1107 2939 castrum
1138 2877 1283 2939 nostrum

151 2980 266 3069 Vynar
282 2978 406 3043 uirtute
423 2975 562 3044 mirabili
579 2981 799 3064 conseruauit,
816 2986 848 3044 et
863 2978 956 3045 nobis
972 2978 1112 3045 restituit
1136 2995 1176 3043 ea
1200 2976 1282 3044 hora

149 3093 184 3151 et
199 3105 239 3152 eo
256 3084 406 3168 termino,
423 3103 489 3166 quo
505 3104 564 3168 per
582 3085 683 3171 ipsius
700 3085 798 3152 castri
815 3087 1102 3154 conseruacionem
1127 3085 1281 3170 inponere

148 3189 318 3278 potuimus
332 3189 446 3257 felices
464 3189 569 3259 exitus
584 3191 732 3278 negocijs
749 3193 862 3277 Regni¹
878 3192 991 3260 nostri.
1030 3191 1093 3258 Pro
1108 3191 1175 3276 hijs
1201 3211 1280 3260 uero

150 3304 184 3364 et
198 3298 279 3384 aiijs
295 3299 472 3366 innumeris
489 3298 668 3366 uirtutibus
682 3302 830 3366 uolentes
845 3300 950 3382 ipsum
968 3299 1126 3364 Comitem
1143 3297 1278 3365 Michae-

151 3405 216 3472 Iem
232 3405 395 3488 insignire
411 3406 591 3491 Regalibus
607 3406 784 3494 donatiuis,
816 3407 980 3490 quandam
1010 3411 1145 3474 terrum¹
1165 3405 1281 3490 Neueg

147 3520 303 3580 uocatam
320 3511 354 3580 in
370 3513 532 3580 Comitutu
549 3513 761 3600 Supruniensi
778 3515 980 3599 existentem,
997 3533 1134 3583 vacuam
1150 3513 1279 3600 penitus

153 3626 185 3688 et
199 3619 442 3687 habitatoribus
458 3619 656 3709 destitutam,
683 3613 785 3708 'prout
813 3621 927 3689 fideles
958 3621 1062 3689 nostri
1094 3619 1279 3707 Capitulum

147 3727 264 3794 Castri
280 3728 403 3815 Ferrei,
433 3728 549 3812 quibus
564 3730 626 3798 hoc
644 3730 831 3817 specialiter
846 3730 1038 3797 dederamus
1054 3728 1088 3794 in
1104 3727 1277 3812 mandetis,

152 3833 248 3901 uobis
264 3833 510 3918 rescripserunt,
544 3833 647 3903 eidem
665 3835 782 3902 Comiti
798 3835 960 3921 Michaeli,
993 3839 1024 3902 et
1040 3854 1098 3920 per
1115 3853 1186 3900 eum
1210 3835 1278 3902 suis

150 3939 329 4006 hereditius
345 3939 564 4025 heredumque
589 3942 829 4010 successoribus
856 3942 1006 4010 duximus
1036 3941 1277 4028 conserendam,

150 4048 220 4114 iure
234 4053 395 4134 perpetuo
411 4048 667 4116 irrecusabiliter
682 4049 923 4136 possidendam,
941 4057 973 4118 ct
988 4051 1093 4136 ipsum
1109 4051 1143 4116 in
1155 4068 1280 4136 posses·

150 4153 275 4220 sionem
293 4152 379 4220 dicte
395 4161 481 4222 terre
497 4156 586 4222 nulio
613 4156 861 4245 contradicente,
893 4159 1084 4227 conuocatis
1110 4163 1279 4224 commeta-

151 4259 221 4326 ueis
237 4266 272 4326 et
287 4259 412 4348 ricinis,
429 4280 487 4346 per
497 4263 678 4331 iohannem
691 4265 847 4332 Comitem
857 4264 1112 4350 Supruuiensem
1123 4268 1277 4332 dilectum

148 4373 185 4432 et
200 4365 332 4432 fidelem
349 4373 503 4450 nostrum,
528 4369 613 4436 siout
628 4373 662 4438 iu
680 4371 813 4439 Comitis
831 4378 863 4438 et
877 4371 1021 4457 Capituli
1036 4371 1155 4437 litteris
1171 4373 1278 4457 predi·

148 4479 273 4540 ctorum
290 4473 458 4542 euidenter
474 4479 698 4564 comperimus,
713 4479 849 4546 fecimus
872 4475 1044 4546 introduci.
1083 4477 1181 4546 Cuius
1212 4483 1281 4564 qui·

145 4576 226 4646 dem
241 4587 328 4648 terre
345 4587 439 4669 mete,
472 4592 567 4670 prout
583 4585 615 4651 in
631 4586 775 4654 eiusdem
791 4588 909 4656 litteris
925 4585 1065 4673 Capituli
1092 4583 1279 4672 expressius
