3096 5160
863 967 939 1039 384.

334 1173 377 1231 Aa
392 1171 460 1254 apri
476 1169 703 1256 kriptrrlaunak
720 1169 996 1254 bizoapsa'plenele,
1026 1171 1108 1254 kopp
1124 1167 1216 1234 Altus
1232 1167 1443 1254 ›remaetse'pbde'

335 1275 448 1340 [storia
463 1285 584 1360 errares,
599 1277 709 1362 Errrey
725 1276 855 1342 daranah
864 1277 930 1363 fia,
949 1276 1056 1344 Zubar'
1072 1273 1183 1342 Albert
1199 1278 1356 1344 comenses
1376 1276 1405 1340 F
1404 1274 1440 1338 ui·

595 1382 713 1450 barcbo
727 1384 881 1468 tetpseper
903 1383 1073 1470 a'tarpedee.
1098 1384 1196 1448 1287.

443 1577 600 1648 Omnibus
627 1576 747 1644 Christi
763 1577 913 1648 fidelibus
928 1583 996 1646 tam
1012 1579 1217 1666 presentibus
1232 1598 1325 1664 quam
1342 1575 1442 1644 suturis

336 1705 469 1772 presens
487 1687 641 1772 seriptum
675 1687 870 1770 inspecturis
903 1686 1084 1774 Capitulum
1117 1685 1264 1754 Meelesie
1293 1685 1442 1772 Agriensis

336 1795 473 1860 salutem
484 1793 517 1860 in
527 1795 668 1860 omnium
684 1795 856 1862 saluatore.
873 1793 927 1860 Ad
943 1796 1167 1862 uniuersorum
1183 1793 1334 1861 noticiam
1348 1799 1442 1858 tenore

337 1901 538 1984 presencium
572 1901 718 1968 volumus
750 1901 949 1987 peruenire,
982 1901 1067 1986 quod
1105 1901 1265 1985 Magistro
1297 1899 1442 1986 Stephano

336 2008 402 2074 tilio
418 2009 533 2096 Ernoy.
552 2011 635 2077 Bani
652 2009 693 2076 de
709 2029 828 2094 genere
843 2011 935 2078 Akns
951 2030 992 2077 ex
1009 2021 1081 2079 nna'
1090 2019 1195 2096 parte,
1212 2010 1255 2077 ab
1271 2010 1367 2078 altera
1380 2027 1442 2074 vero

338 2115 462 2184 Comito
478 2119 613 2188 biberto
629 2119 694 2186 tilio
708 2117 868 2187 Johannis
885 2121 925 2186 de
956 2119 1058 2206 Znha,
1089 2139 1199 2186 eoram
1230 2119 1321 2187 nobis
1350 2136 1442 2204 perso

337 2223 455 2291 naliter
486 2227 686 2312 constitutis3
711 2227 854 2313 prefatus
894 2227 1048 2312 Magister
1066 2227 1266 2311 -Srephanus
1297 2221 1442 2314 proposuit

337 2330 505 2418 vinauoee,
522 2333 609 2418 qnod
625 2337 790 2419 quandam
806 2343 924 2403 terram
944 2355 1034 2402 snam
1068 2333 1298 2402 hereditariam
1329 2327 1442 2398 Fnlbar·
1517 2415 1518 2424 ἵ

337 2437 398 2504 oba
413 2440 611 2509 nominatam
628 2443 660 2509 in
671 2445 833 2511 comitatu
844 2443 885 2508 de
902 2441 1026 2509 Borsod
1044 2443 1246 2527 existentem,
1264 2441 1324 2508 sub
1339 2436 1441 2506 eisdem

337 2548 433 2613 certis
464 2549 557 2616 metis
574 2559 607 2617 et
622 2551 773 2636 antiquis,
795 2551 910 2636 quibus
927 2553 997 2637 ipse
1012 2549 1212 2637 possidebat,
1228 2571 1299 2616 eum
1316 2545 1441 2614 omnibns

338 2653 532 2723 utilitatibus
563 2665 594 2725 ot
624 2661 835 2746 pertineneijs
866 2659 944 2746 suis,
976 2658 1443 2740 obmeritasernioiornm,que

336 2764 649 2850 ipseriibertussibi
666 2769 802 2835 fideliter
827 2767 979 2854 exhibuit,
1011 2764 1202 2853 exponendo
1232 2785 1270 2832 se
1302 2785 1356 2851 pro
1384 2763 1442 2846 ipso

337 2875 486 2940 omnibus
517 2876 647 2944 nasibus
678 2877 815 2962 fortune,
847 2883 878 2942 et
908 2875 1020 2944 letalia
1054 2877 1175 2942 ulnera
1207 2873 1398 2952 tollerand03
1418 2873 1444 2931 et

337 2984 522 3068 specialiter
538 3005 596 3068 pro
624 3005 762 3070 sumpna
791 2985 964 3070 sexaginta
995 3003 1184 3067 marearum,
1216 2983 1331 3067 quibus
1360 2979 1444 3044 dietus

337 3092 489 3158 Albertus
520 3091 561 3158 de
577 3092 776 3178 captiuitate,
807 3093 840 3158 in
858 3113 1011 3176 quaeum
1029 3090 1139 3158 eodem
1156 3098 1188 3156 et
1206 3111 1264 3176 pro
1281 3087 1387 3157 eodem
1401 3103 1444 3170 per

338 3197 527 3282 Magistrum
557 3199 689 3285 Fyntha
720 3199 761 3266 de
793 3219 911 3282 genere
942 3198 1013 3266 Aba
1056 3197 1205 3265 detentus
1239 3195 1394 3276 extiterat,
1418 3208 1445 3256 se

336 3305 483 3392 redemit,
515 3307 661 3374 dedisset
692 3313 723 3372 et
755 3307 955 3392 contulisset,
985 3307 1049 3392 ipsi
1075 3305 1220 3392 Alberto,
1237 3313 1270 3371 et
1286 3303 1444 3391 peripsum

337 3416 406 3483 snis
422 3413 595 3482 heredibus
613 3414 831 3500 heredumque
846 3435 974 3481 suornm
1008 3413 1260 3498 suecessoribus,
1288 3413 1363 3498 juro
1393 3426 1447 3495 per·

335 3530 433 3606 petuo
464 3529 496 3589 et
527 3523 782 3590 irrenoeabiliter
816 3525 949 3609 pacifice
971 3521 1202 3607 possidendam
1220 3526 1253 3586 et
1269 3519 1446 3587 habendam.

336 3631 475 3715 Insuper
491 3630 648 3712 obligauit
665 3653 700 3700 so
725 3631 831 3699 dietus
864 3633 1019 3714 Magister
1050 3629 1236 3715 Stephanus
1268 3635 1300 3694 et
1331 3623 1448 3695 heredes

336 3759 424 3825 suos,
457 3738 635 3822 predictum
653 3740 807 3806 Comitem
828 3740 996 3806 Albertum
1014 3746 1046 3805 et
1061 3737 1199 3805 heredes
1215 3757 1292 3804 suos
1309 3737 1350 3801 ab
1365 3729 1448 3800 omui·

338 3847 398 3914 bns
414 3847 545 3914 rasione
577 3848 700 3931 pretate
730 3851 814 3914 terre
846 3849 992 3933 inpetere
1022 3846 1200 3915 nitentibus
1232 3843 1402 3912 defendere
1426 3843 1450 3901 ot

338 3953 490 4039 expedire
507 3955 648 4040 proprijs
665 3955 833 4023 laboribus
851 3958 882 4021 et
899 3955 1062 4042 expensis,
1080 3961 1111 4021 et
1126 3955 1160 4020 in
1177 3953 1316 4039 paeifiea
1341 3963 1450 4037 posses·

338 4061 429 4129 sione
446 4063 548 4148 ipsius
564 4067 649 4130 terre
665 4062 881 4149 indempniter
896 4083 1099 4129 conseruare.
1137 4063 1175 4126 In
1193 4063 1285 4129 onius
1303 4059 1348 4126 rei
1379 4054 1450 4122 testi·
1512 4129 1513 4164 ,

337 4171 481 4237 monium
513 4171 556 4237 ad
587 4171 780 4240 instanciam
812 4171 915 4260 ipsius
946 4171 1097 4256 Magistri
1129 4170 1287 4256 Stephani
1303 4171 1451 4254 presentes
1512 4167 1513 4209 i

336 4279 532 4345 eontulimns
564 4278 663 4362 sigilii
695 4280 797 4348 nostri
828 4278 1005 4346 munimine
1035 4280 1214 4346 roboratas.
1255 4275 1449 4347 Presentibus

336 4395 446 4453 tamen
462 4387 618 4472 Magistro
633 4387 733 4456 Sanio
749 4390 893 4475 Lentone,
908 4385 1008 4473 Myko
1020 4386 1172 4470 Custode,
1189 4385 1299 4454 Marco
1316 4386 1450 4464 Centone,
1511 4459 1512 4462 Ἴ

235 4523 244 4530 ·
336 4495 475 4562 Martino
491 4493 532 4561 de
548 4495 666 4584 Heues,
684 4497 820 4565 Nioolao
840 4497 881 4561 de
896 4495 1051 4583 Sumbun,
1069 4493 1236 4561 Bernardo
1261 4493 1303 4559 de
1334 4495 1448 4571 Boreas,
1511 4479 1512 4543 i

337 4601 498 4684 Gregorio
531 4599 571 4672 de
603 4603 755 4690 Zaboieh,
788 4603 927 4672 Martino
945 4602 986 4670 de
999 4603 1146 4688 Zemlyn,
1164 4602 1259 4668 Petro
1276 4601 1317 4669 de
1333 4603 1450 4682 Kemep
