3124 5152
801 355 961 458 Q

426 552 700 621 Excellentissimos
716 553 853 619 Domine
884 573 942 620 sue
973 555 1151 640 Elyzabeth
1167 555 1205 623 D.
1237 578 1286 641 gr.
1318 561 1445 628 illustri

316 657 439 740 Regino
469 661 638 745 Hungarie
668 661 730 729 stb.
762 659 975 749 (lovetkczik
990 683 1012 728 u
1028 662 1189 732 fehdrvari
1214 665 1445 752 kdptalannak

311 762 482 854 jelentdse,
492 770 575 835 mint
589 769 688 836 alubb
706 773 781 838 260.
797 789 840 835 su.
857 765 903 856 a.)

423 875 492 942 Huc
523 875 609 942 idem
641 876 744 944 eciam
777 875 908 942 Nobiles
941 875 981 942 de
1001 875 1162 943 Oonritatn
1194 878 1394 964 Symigiensi
1413 892 1445 948 et

315 979 471 1050 Tolnensi
487 981 529 1050 ad
543 984 638 1050 fidem
654 1003 747 1050 suam
763 990 796 1052 et
812 981 1004 1050 fidelitatem
1021 981 1147 1050 Corone
1166 986 1266 1071 Regis
1297 987 1441 1056 debitam

316 1089 463 1172 plenarie
493 1092 735 1176 rescripserunt.
768 1091 809 1156 Et
826 1110 1013 1175 quanquam
1029 1091 1072 1158 ad
1091 1091 1228 1175 primam
1248 1094 1443 1178 peticionem

315 1196 457 1266 eiusdem
477 1199 628 1284 Magistri
658 1197 835 1266 Alexandri
853 1198 888 1264 in
921 1197 1129 1266 restitucione
1145 1199 1196 1266 sui
1225 1199 1306 1268 iuris
1338 1202 1444 1288 prima

314 1304 384 1372 rice
414 1315 559 1376 nostrum
591 1305 775 1376 duxerimus
807 1303 1013 1391 priuilegium
1031 1306 1290 1391 concedendum
1315 1317 1351 1375 ut
1367 1331 1441 1378 oum

315 1413 436 1482 veritas
468 1417 580 1500 sepius
612 1415 781 1498 exagitata
812 1411 917 1497 mugis
952 1413 1161 1499 splendescat
1191 1415 1224 1480 in
1259 1416 1375 1504 lucem,
1400 1439 1442 1485 ex

315 1521 529 1606 inquisicione
560 1524 680 1588 iterata
709 1521 749 1586 de
765 1520 867 1606 ipsius
902 1519 1026 1608 negoeij
1044 1521 1182 1589 veritate
1198 1523 1325 1609 plenius
1342 1526 1443 1593 infor-

314 1635 400 1697 rnate
415 1638 504 1698 certo
536 1631 659 1698 cercius
690 1635 931 1710 connoscentes,
963 1628 1083 1698 dictum
1115 1630 1321 1698 medietatem
1353 1639 1444 1701 terre

314 1737 427 1803 llubun
460 1738 503 1805 ad
519 1737 734 1822 quantitatem
767 1737 863 1803 trium
885 1743 1063 1804 aratrorum
1080 1735 1159 1804 iuris
1176 1737 1278 1805 fuisse
1296 1740 1443 1807 eiusdem

313 1846 458 1932 Magistri
474 1846 652 1914 Alexandri
670 1853 701 1914 et
716 1848 820 1931 patris
836 1845 948 1940 ipsius³
966 1845 1057 1912 euius
1073 1845 1213 1912 alteram
1228 1845 1438 1914 medietatem

314 1975 441 2040 semper
470 1955 617 2042 possedit
648 1955 681 2020 in
712 1973 812 2038 puee;
845 1953 1023 2040 cupientes,
1055 1960 1090 2020 ut
1120 1955 1207 2039 quod
1231 1957 1445 2038 suggestione

314 2062 466 2130 rnaliuolu
484 2063 589 2131 luerat
620 2062 849 2149 perturbatum,
881 2061 913 2126 in
930 2060 981 2128 ius
1012 2061 1182 2146 pristinum
1215 2071 1441 2130 restauretur:

315 2189 387 2234 curn
419 2169 505 2237 idem
535 2172 690 2254 Magister
715 2167 899 2237 Alexander
914 2168 1045 2236 domino
1064 2175 1174 2236 nostro
1191 2169 1282 2256 Regi,
1299 2189 1340 2239 ac
1356 2171 1443 2254 putri

312 2283 344 2340 ct
359 2295 421 2344 ano
452 2277 564 2362 ipsius,
587 2279 731 2362 Regibus
762 2275 958 2361 illustribus,
988 2297 1050 2343 nec
1081 2297 1144 2342 non
1176 2284 1208 2342 et
1222 2277 1324 2344 Nubis
1351 2279 1443 2345 circu

313 2383 432 2450 Nostra
462 2383 652 2453 Serenitatis
683 2383 838 2452 mandata
868 2403 928 2451 seu
958 2383 1096 2467 negocia
1130 2404 1256 2470 semper
1288 2385 1441 2452 deuotum

314 2490 508 2575 impenderit
537 2491 751 2576 famulatum3
773 2490 981 2558 medietatem
1018 2491 1105 2558 dicte
1135 2497 1220 2560 terre
1250 2493 1367 2560 Babun
1399 2493 1444 2559 ad

314 2597 377 2663 tria
399 2607 519 2686 aratra,
536 2620 607 2666 curn
640 2601 727 2665 omni
744 2598 953 2684 plenitudine,
970 2605 1001 2664 et
1017 2599 1273 2683 circumstuneijs
1289 2621 1328 2668 au
1344 2601 1443 2686 perti-

314 2707 437 2791 nencijs
454 2710 521 2775 suis
554 2707 752 2774 restituimus
783 2706 887 2774 eidem
920 2707 1078 2790 Magistro
1109 2707 1306 2788 Alexandro,
1337 2717 1369 2775 et
1385 2728 1444 2793 per

312 2833 384 2882 eum
415 2817 482 2882 suis
498 2815 668 2882 heredibus
685 2813 903 2898 heredumque
921 2835 1053 2881 suorum
1069 2814 1309 2883 suecessoribus
1326 2837 1446 2902 perpe-

313 2931 367 2988 tuo
383 2921 629 3007 possidendam3
655 2923 776 2990 eisdem
795 2922 1034 2990 vinidutoribuu
1051 2943 1148 3007 super
1169 2923 1230 2989 hoo
1249 2930 1443 3010 perpetuum

313 3029 481 3097 sileneium
513 3031 716 3116 inponentes.
747 3031 790 3096 Vt
807 3037 917 3098 autern
934 3051 1031 3117 super
1051 3031 1112 3100 boc
1127 3033 1340 3117 imposterum
1353 3033 1446 3102 nulla
1556 3093 1557 3098 ,

313 3139 424 3205 ualeat
439 3139 606 3207 contencio
623 3139 675 3206 nel
691 3139 760 3206 litis
778 3140 916 3206 materia
937 3139 1085 3224 suboriri,
1119 3139 1140 3224 (
1140 3137 1188 3226 in)
1221 3139 1366 3208 eiusdem
1398 3142 1447 3208 rei

313 3255 500 3332 perpetuum
517 3247 702 3314 firmitatem
718 3255 884 3332 presentes
900 3247 1026 3315 litteras
1043 3247 1262 3316 concessimus
1278 3249 1446 3335 dupplicis

313 3355 411 3439 sigilli
428 3358 530 3423 nostri
548 3355 727 3422 munimine
745 3355 923 3422 roboratus.
941 3357 1062 3422 Datum
1078 3377 1137 3441 per
1162 3376 1278 3423 munus
1309 3373 1448 3424 veneru-

312 3464 389 3532 bilis
419 3465 522 3551 patris
539 3465 663 3531 Thomu
692 3463 849 3549 Episcopi
865 3462 1068 3550 Vuchyensis
1084 3463 1167 3532 Aule
1183 3470 1293 3532 nostre
1309 3464 1450 3533 Oanuel-

311 3571 383 3658 lurij
401 3593 487 3640 anno
502 3571 632 3640 Domini
650 3571 770 3639 ΜιΟΟο
791 3571 1019 3656 octuagesimo.

310 3771 451 3832 (Eredetie
463 3771 648 3835 berhdrtytn,
668 3769 846 3835 serguudr'ds
866 3771 1103 3835 selyemzsindron
1115 3772 1202 3838 fiiggd
1227 3772 1324 3837 peesdt
1350 3773 1448 3838 alutt;

489 3875 506 3910 s
517 3858 624 3914 rumolt.
636 3860 757 3927 heruzeg
770 3859 925 3925 Batthydni
939 3861 1036 3912 esaldd
1054 3859 1270 3924 leveltdrdban.)

741 4147 970 4158 -n—-u—.-
991 4151 1007 4156 .-
