3096 5160
654 945 730 1015 441.

125 1143 174 1209 Aa
189 1151 266 1233 apri
279 1147 508 1232 louiptaluaoalr
523 1144 794 1232 biaocyedpleoele,
825 1145 910 1230 hoyp
933 1168 953 1208 a
969 1144 1252 1230 Hemadaemprii

123 1254 264 1317 sumeret
281 1253 546 1342 Horaodnempti
561 1251 778 1318 birtolrnlrrrolt
796 1246 965 1333 falereezet
990 1251 1138 1316 Por-orno
1164 1253 1251 1337 hely-

125 1364 227 1445 aeqart
244 1361 392 1427 camelltlr
409 1361 530 1426 Miletos
555 1361 679 1446 Naiday
686 1359 795 1442 fidoal
810 1363 843 1425 es
859 1359 1127 1427 orderaomaioal.
1151 1362 1252 1426 1293.

234 1555 304 1623 Nos
319 1555 474 1624 Nicolaus
498 1556 539 1622 de
564 1553 655 1624 Gara
684 1553 790 1639 Regni
821 1553 988 1640 Hungarie
1018 1554 1188 1624 Palatinus
1220 1561 1252 1621 et

123 1663 233 1730 ludex
250 1663 462 1731 comanorum
477 1663 540 1732 ath.
556 1661 643 1747 qnod
661 1663 695 1728 in
710 1661 978 1748 congregacione
1003 1667 1114 1730 nostra
1147 1663 1250 1730 Gene-

123 1771 186 1839 rali
202 1771 417 1840 Vniuersitati
432 1769 596 1839 Nobilium
613 1769 837 1838 Zomliniensis
855 1776 887 1837 et
911 1770 953 1836 de
983 1769 1079 1854 Vngh
1110 1769 1250 1838 comita-

122 1886 216 1946 tuum
231 1879 314 1944 laria
328 1877 472 1946 secunda
486 1876 636 1963 proxima
651 1881 728 1944 ante
744 1876 862 1944 laetum
873 1876 965 1944 Beati
976 1877 1092 1944 Jaoohi
1100 1876 1248 1963 Apostoli

123 2007 210 2055 anno
228 1986 358 2053 Domini
381 1983 530 2054 hl⁰000⁰
561 1983 831 2070 quinquagesimo
863 1984 967 2070 primo
996 1984 1142 2071 proxime
1173 1992 1249 2052 tunc

124 2094 272 2181 preteriti
288 2111 390 2180 prope
406 2093 577 2163 ciuitatem
593 2091 702 2159 Patalr
717 2111 775 2176 per
802 2110 861 2159 nos
886 2091 1063 2174 celebrata,
1096 2091 1250 2178 Mychael

125 2201 213 2268 iilius
229 2201 391 2268 iohannis
406 2199 464 2285 filij
482 2198 646 2268 Theodori
663 2198 705 2265 dc
719 2198 891 2284 Hoportgh
907 2198 948 2266 dc
972 2199 1078 2266 madio
1111 2201 1249 2266 aliorum

125 2306 331 2395 exsurgendo
346 2313 564 2396 proposuerat
577 2327 616 2375 co
632 2306 739 2395 modo,
754 2307 841 2392 quod
856 2307 1000 2375 Thomas
1031 2312 1064 2374 ct
1093 2306 1250 2376 Nicolaus

122 2415 181 2500 lilij
199 2415 357 2502 Stephani
382 2414 423 2483 de
453 2414 712 2501 Hernadnempti
743 2412 1033 2500 possessionariam
1064 2413 1250 2500 porcionem

122 2543 219 2592 suam
235 2522 269 2589 in
285 2519 399 2592 eadam
414 2521 673 2610 Barnadnempti
688 2521 847 2603 habitam,
873 2521 980 2607 ipsum
1011 2523 1250 2592 instrumentali

122 2627 221 2698 titulo
239 2629 485 2715 contingentem
501 2630 694 2716 detinerent,
712 2628 804 2698 cuius
819 2628 984 2698 racionem
1001 2629 1085 2698 scire
1100 2631 1249 2701 voluerat

121 2738 186 2804 stb.
211 2733 316 2818 (Bnek
331 2742 385 2803 ant
400 2735 625 2824 valannolvtn)
641 2737 728 2822 quod
743 2737 808 2824 ipsi
823 2737 884 2806 hoc
916 2758 981 2804 non
1014 2745 1181 2826 negarent,
1213 2745 1249 2809 vt

122 2851 319 2912 memoratus
334 2844 484 2930 Mychael
500 2845 533 2913 in
549 2846 638 2915 dicta
653 2845 858 2933 possessione
882 2844 1144 2930 Harnadnempti
1175 2865 1248 2930 pos·

122 2951 356 3018 sesmonariam
371 2951 506 3020 haberet
521 2951 729 3038 poroionem;
752 2951 812 3018 sed
837 2951 940 3018 eciam
971 2951 1034 3036 ipsi
1066 2969 1139 3017 cum
1170 2951 1248 3036 alijs

123 3056 288 3126 nohilihur
304 3057 338 3124 in
356 3058 471 3125 eadem
487 3059 645 3126 haherent
660 3057 808 3125 similiter
824 3057 1039 3124 instrumenta
1063 3059 1145 3142 atla,
1162 3059 1248 3126 vnde

122 3184 184 3232 nos
202 3164 476 3251 commiseramus,
508 3172 545 3234 vt
559 3166 656 3235 ambe
671 3172 782 3251 partes
798 3185 906 3233 earnm
924 3165 1138 3232 instrumenta
1153 3184 1250 3251 super

121 3271 292 3358 premissis
307 3292 417 3341 eorum
433 3271 642 3358 porcionibus
657 3273 691 3339 in
708 3273 833 3341 octauis
850 3270 928 3339 festi
942 3269 1036 3338 Beati
1066 3271 1249 3357 Mychaelis

120 3378 312 3465 archangeli
327 3387 403 3448 tunc
418 3381 568 3467 proxima
581 3381 710 3450 venturi
726 3380 779 3449 hic
794 3377 886 3446 Bude
910 3384 1025 3447 contra
1055 3398 1129 3447 sese
1159 3379 1248 3446 exhi·

120 3489 202 3556 bere
218 3493 403 3556 tenerentur
418 3507 526 3556 coram
546 3487 651 3574 nobis,
668 3495 703 3556 vt
718 3487 782 3573 hijs
799 3486 879 3554 visis
900 3485 1064 3571 judicium
1095 3493 1126 3554 et
1152 3487 1249 3572 justi·

121 3595 208 3662 mam
224 3593 403 3662 laceremus
428 3595 512 3664 inter
544 3603 656 3682 partes
688 3599 878 3681 prenotatas
910 3594 972 3662 eth.
1010 3589 1054 3681 (A
1084 3593 1249 3680 hatamap

120 3700 335 3768 mindaztltal
353 3701 417 3769 ›ad
433 3707 567 3771 omanus
582 3701 656 3771 festi
686 3701 945 3789 Epiphaniarum
975 3699 1105 3769 Domini
1136 3707 1249 3768 attnnc

120 3806 407 3892 proximorrum«
425 3807 719 3896 elhalarztatvtn);
742 3807 874 3877 tandem
904 3805 985 3894 ipsis
1017 3811 1143 3876 ootauie
1174 3807 1247 3875 festi

120 3913 323 4000 Epyphanie
338 3913 467 3982 Domini
482 3914 732 3984 aduenientibus
747 3915 896 4001 prelatus
912 3914 1063 4000 Mychael
1078 3913 1167 3981 lilius
1191 3915 1249 3982 Jo-

120 4020 244 4088 hannia
260 4019 301 4088 de
316 4021 489 4109 Hoporogh
504 4029 596 4092 actor
612 4026 657 4092 ad
673 4029 817 4092 nostram
832 4024 1045 4109 personaliter
1061 4022 1247 4091 accedendo

119 4127 325 4205 presenciam
341 4139 574 4218 comparuerat,
597 4132 724 4200 litteras
738 4131 960 4217 priuilegiales
986 4127 1129 4217 Capituli
1153 4129 1247 4214 Agri-

119 4233 210 4304 ensis
225 4235 370 4304 Ecclesie
385 4236 419 4304 in
433 4257 519 4306 anno
535 4237 665 4306 Domini
680 4235 827 4304 Μῠῦὒῦο
843 4237 967 4304 decimo
977 4256 1061 4304 nono
1071 4235 1248 4321 coniectas,

120 4341 364 4426 alphabetoque
379 4342 562 4431 intercisas,
580 4349 724 4413 tenorem
738 4342 946 4429 quamndam
971 4343 1151 4410 litterarum
1182 4363 1248 4408 me·

121 4449 294 4516 moralium
311 4448 455 4517 eiusdem
473 4450 616 4539 Capituli
632 4452 691 4520 snb
707 4472 792 4520 anno
822 4449 955 4519 Domini
971 4449 1091 4518 Maca
1105 4468 1247 4533 nonage-

120 4559 202 4626 simo
221 4556 321 4626 ternio
337 4557 371 4625 in
388 4559 472 4628 festo
487 4560 585 4630 Beati
609 4561 762 4632 Bernaba
786 4559 935 4648 Apostoli
961 4563 1185 4626 emanaturum
1213 4559 1248 4626 in
