3148 5146
850 199 895 268 46

303 397 429 465 eleotna
445 393 590 464 eiusdem
607 393 768 475 dimone
783 395 817 461 in
833 395 940 482 ipsam
955 391 1091 462 ueniens
1106 391 1291 477 diritatem,
1317 393 1391 460 vioe
1405 400 1443 460 et

303 500 433 570 nomine
462 500 586 570 domini
615 501 756 572 Abbatis
788 501 830 572 de
845 501 994 589 Toplioa,
1024 499 1139 570 literas
1168 497 1319 586 Magistri
1345 501 1435 568 Petri

301 606 543 695 nmmdyaeoui
572 609 806 695 Zaffrabiensis
829 613 1062 696 presentasset,
1097 606 1328 676 continentes:
1346 607 1436 693 qnod

300 713 418 784 domus
447 735 534 804 snas,
550 735 633 802 quas
647 714 799 784 dominus
824 714 1022 784 Belaaninus
1036 713 1072 780 in
1087 711 1274 800 supradicta
1289 711 1440 782 civitate

303 823 349 890 ab
363 819 478 890 eodem
494 821 652 909 Magistro
666 821 765 891 Petro
780 821 913 891 tenebm
928 829 962 889 et
978 819 1179 908 possidebat,
1190 841 1264 890 enm
1283 820 1438 889 omnibns

302 928 501 998 utilitatibus
530 930 600 998 suis
630 937 664 998 et
694 928 905 1016 pertiueaoiis
935 927 979 996 ad
1013 947 1131 996 manus
1145 924 1284 1016 predicti
1310 925 1437 996 domini

298 1035 450 1124 Abbatis,
475 1037 528 1106 tel
557 1036 662 1124 ipsius
692 1035 835 1106 bominis
865 1035 911 1104 ad
940 1034 1003 1103 boo
1034 1053 1093 1121 per
1123 1033 1262 1102 eandm
1283 1033 1438 1121 deputam·

301 1141 435 1210 deberet
464 1141 646 1228 assignare.
663 1140 727 1220 Qui
751 1141 883 1226 qnidam
899 1141 1103 1208 Belaauinus
1120 1138 1164 1208 ad
1181 1146 1327 1209 noemam
1340 1139 1435 1208 veni·

300 1266 361 1316 ens
375 1252 579 1335 presentiam
595 1249 706 1319 olaves
721 1249 941 1336 prediotarnm
957 1247 1124 1317 domorum
1139 1245 1184 1316 ad
1193 1267 1310 1316 manus
1325 1246 1435 1332 ipsius

299 1352 412 1423 fratris
444 1358 577 1426 ilenrioi
609 1356 815 1443 porrigendo,
847 1356 939 1442 ipsae
954 1355 1068 1424 domos
1083 1353 1155 1421 sine
1171 1354 1284 1439 aliqua
1299 1360 1429 1422 nonna·

301 1459 447 1531 dieoione
461 1465 657 1550 assignavit,
674 1470 707 1531 at
721 1465 827 1549 ipsum
842 1463 975 1532 stabam
990 1461 1166 1530 Haurieum
1181 1451 1292 1528 ouran
1318 1459 1439 1527 Arelli-

301 1568 461 1656 dyaoono,
472 1576 504 1638 et
513 1576 581 1636 toto
590 1568 749 1654 Oapitnlo,
759 1588 799 1636 ao
809 1569 916 1657 nobis,
926 1569 959 1636 iu
972 1567 1174 1655 eorporalam
1188 1565 1435 1654 possessionem

299 1671 444 1760 ipsarum
458 1675 625 1744 domorum
639 1674 829 1760 introduxit,
844 1681 991 1746 mtnens
1009 1693 1118 1746 eoram
1144 1673 1238 1742 nobis
1268 1671 1435 1740 debitores

299 1801 359 1867 pro
389 1783 499 1869 preoio
529 1783 673 1870 ipsarum
690 1781 876 1866 domornm;
893 1792 925 1852 et
940 1803 1012 1850 enm
1038 1789 1166 1868 tempus
1181 1779 1356 1850 solneiouis
1372 1777 1433 1845 ad·

300 1889 436 1976 veniret,
467 1887 573 1958 eidem
604 1889 737 1960 domino
768 1891 892 1959 Abbati
920 1892 972 1960 rel
1005 1889 1099 1957 fratri
1129 1888 1271 1957 Henrioo
1301 1887 1436 1954 solvere

296 2000 485 2064 tenerentur
513 2018 572 2083 pro
604 1997 752 2066 domibus
775 1995 970 2084 supradietis
1004 1997 1074 2064 sive
1105 1995 1204 2064 alieni
1235 1993 1342 2080 alteri,
1376 1993 1435 2060 oui

297 2098 451 2171 dominns
467 2103 579 2171 Abbas
596 2103 801 2190 deputaverit
823 2105 877 2172 vel
893 2104 1084 2172 deereverit
1115 2103 1155 2170 Iu
1170 2101 1261 2170 onius
1277 2099 1325 2170 rel
1339 2098 1435 2167 testi·

298 2207 441 2274 mouinm
472 2215 504 2276 et
533 2211 735 2279 evidentiam
765 2211 958 2296 ampliorem
988 2209 1102 2278 literas
1130 2217 1262 2278 nostras
1293 2225 1435 2276 eonees·

299 2313 401 2382 simus
416 2316 520 2401 sigilli
535 2317 637 2384 nostri
654 2318 831 2385 munimine
848 2319 1029 2386 roboratas.
1045 2317 1131 2385 Nam
1148 2317 1287 2385 virorum
1298 2316 1434 2402 eapien-

298 2427 366 2486 tum
390 2421 534 2490 deerevit
550 2423 721 2509 industria,
751 2431 786 2491 nt
801 2424 952 2510 quitquid
966 2425 1001 2492 iu
1016 2427 1160 2512 presenti
1176 2424 1311 2509 geritur,
1334 2423 1432 2490 sira·

298 2524 390 2594 nibus
406 2529 634 2599 elementorum
650 2531 781 2600 indieiis
797 2531 832 2599 in
856 2539 1019 2618 posterum
1049 2531 1274 2600 repeteretur.
1305 2527 1433 2596 Datum

298 2643 332 2704 et
346 2646 455 2706 aetum
468 2640 503 2705 in
518 2639 669 2727 Seennia,
685 2645 763 2706 ante
779 2639 952 2708 eoolesiam
968 2638 1080 2707 Sancti
1094 2640 1256 2709 lobannis
1272 2637 1430 2724 Baptiste
1572 2669 1573 2697 t

298 2765 383 2812 anno
399 2747 529 2814 Domini
546 2745 631 2812 MCC
646 2747 885 2832 septuagesimo
901 2745 1015 2832 primo.

296 2941 458 3008 malcaim,
477 2944 602 2995 Menum.
622 2943 760 2995 hmtorioa
777 2943 966 3009 Episcopatus
986 2942 1185 3008 Zagrabiensis
1206 2941 1304 2994 Lkdt.
1320 2946 1380 2999 160,
1393 2943 1428 3006 1.)
