3148 5164
810 316 971 414 Q

326 509 569 578 conditionibus
584 510 744 577 studeatis
761 511 948 594 perquirere
964 511 1158 597 diligentem
1183 520 1217 580 et
1241 524 1350 582 utrum
1384 519 1452 586 eius
1559 527 1560 548 ¹

324 617 547 685 fundationem
562 619 632 685 Deo
648 623 777 703 gratam
794 635 864 684 esee
880 618 1084 702 putaueritis‚
1111 627 1143 685 et
1159 627 1225 687 tam
1242 620 1359 690 Ordini
1375 625 1456 690 Suu·

323 731 376 790 cte
390 726 495 813 Clare,
527 746 624 809 quam
640 729 747 790 vestro
764 723 910 790 videritis
943 723 1118 810 expedire;
1142 727 1313 812 locumque
1345 731 1448 815 ipsum

324 831 394 898 siue
409 838 640 900 monastertum
656 829 785 897 ratione
809 830 891 896 situs
916 837 948 896 et
980 827 1176 898 edificiorum
1207 831 1367 902 factorum
1402 839 1450 903 vel

324 938 564 1024 faciendorum
587 957 646 1004 nec
661 956 727 1002 non
743 943 847 1002 utrum
864 936 991 1002 ratione
1007 945 1230 1024 prouentuum,
1247 941 1335 1008 vnde
1351 943 1454 1024 poerit

324 1047 499 1112 sustentari
518 1044 712 1126 Conuentus,
731 1051 841 1127 aptum
857 1041 1007 1108 videritis
1025 1044 1068 1110 sd
1084 1045 1319 1130 obseruantias,
1338 1067 1402 1130 que
1418 1052 1448 1116 in

323 1153 468 1219 eiusdem
484 1151 604 1216 Sancte
621 1149 717 1216 Olare
733 1149 847 1232 regula
867 1156 941 1214 sunt
957 1169 1121 1234 expresse,
1139 1158 1172 1216 et
1189 1157 1294 1219 utrum
1307 1152 1450 1221 edificari

322 1268 355 1327 et
371 1259 569 1345 incorporari
587 1255 698 1343 possit,
729 1258 783 1323 vel
800 1257 842 1323 sit
857 1257 1042 1324 edificatum
1059 1259 1129 1324 sine
1160 1258 1240 1326 iuris
1273 1261 1451 1343 preiudioio

322 1368 439 1448 alieni3
465 1375 496 1432 et
511 1365 555 1433 ad
572 1365 607 1431 id
622 1383 799 1431 persensus
816 1365 1061 1450 Archiepiscopi
1089 1373 1122 1432 et
1153 1364 1294 1450 Capituli
1326 1367 1448 1454 Strigo·

320 1475 454 1560 niensis,
487 1493 525 1538 ae
541 1471 742 1539 Parochialis
758 1469 930 1538 Presbiteri
961 1471 1144 1553 accesserit,
1175 1479 1208 1537 et
1238 1473 1396 1556 accedat;
1421 1483 1449 1539 et

321 1581 532 1648 nihilominus
548 1580 655 1646 omnia
673 1579 744 1646 alia
759 1578 820 1643 rite
836 1585 1038 1661 concurrant,
1057 1596 1096 1644 ex
1113 1599 1247 1661 quorum
1263 1581 1450 1647 considera·

227 1743 230 1752 .
321 1692 409 1757 tione
424 1689 516 1757 vobis
533 1689 661 1774 plenius
679 1689 849 1771 elucescet,
867 1687 946 1770 quid
963 1686 1201 1752 eoncedendum
1219 1687 1270 1753 vel
1287 1688 1447 1773 denegon-

322 1798 397 1863 dum
414 1794 560 1862 fueritin
577 1793 755 1877 premissis.
780 1795 997 1876 Posteaquam
1014 1795 1139 1860 veroin
1156 1801 1284 1876 partem
1302 1795 1450 1880 incorpo-

320 1903 457 1970 rationis
474 1901 526 1968 vel
541 1899 756 1968 edificationis
773 1899 1009 1964 inclinaueritis
1026 1905 1151 1966 mentes
1168 1907 1305 1985 vestras,
1332 1901 1447 1986 ipsam·

322 2030 384 2096 que
401 2011 441 2078 de
457 2027 616 2076 consensu
630 2005 780 2091 Ministri,
803 2015 835 2072 et
851 2005 1007 2072 dictorum
1025 2005 1233 2074 diseretomm
1251 2008 1402 2076 Fratrum
1418 2015 1448 2074 et

319 2115 537 2188 Prouincialis
564 2114 707 2200 Capituli
737 2113 1026 2198 incorporationem
1068 2113 1222 2180 duxeritis
1270 2116 1440 2182 conceden-

320 2225 407 2311 dam,
423 2232 455 2293 et
470 2226 560 2292 locos
576 2223 645 2291 siue
662 2224 894 2288 monasterium
911 2219 1009 2288 luerit
1024 2227 1242 2308 preparatum,
1260 2223 1442 2290 edificatum

320 2339 353 2398 et
369 2332 524 2416 clausurn,
557 2335 652 2414 prout
669 2327 806 2414 requirit
820 2329 935 2410 regula
952 2325 1039 2394 dicte
1055 2327 1186 2410 Sancte,
1216 2347 1275 2394 sex
1292 2331 1345 2394 vel
1372 2348 1444 2410 qua·

320 2445 391 2504 tuor
407 2457 532 2504 sorores
548 2437 589 2503 de
606 2439 717 2518 aliqua
733 2435 911 2502 vicinarum
929 2434 1172 2502 Prouinciarum
1189 2435 1294 2519 ipsius
1310 2433 1441 2501 Ordinis

319 2545 438 2609 Sancte
454 2543 557 2625 Olore,
589 2560 670 2625 quas
686 2543 731 2609 ed
747 2541 808 2608 lroc
824 2541 961 2608 idoneas
978 2561 1049 2608 esse
1065 2541 1231 2623 ueneritis,
1262 2541 1306 2608 ad
1339 2543 1442 2626 ipsum

318 2650 552 2718 Monasterium
570 2649 677 2718 Castri
693 2647 901 2716 Posoniensis
916 2647 1149 2731 strigoniensis
1166 2647 1320 2716 Diocesis
1335 2669 1443 2733 procu-

319 2757 398 2825 retis
414 2758 589 2825 trauslerre
604 2757 686 2824 inibi
701 2763 893 2842 moraturos,
918 2755 962 2822 ad
978 2764 1112 2840 ceteros,
1139 2775 1220 2837 quas
1236 2757 1305 2823 illie
1320 2755 1444 2822 admitti

318 2865 501 2952 contigerit,
517 2863 733 2947 instruendus,
750 2883 918 2948 quousque
934 2862 1071 2948 deipsis
1095 2863 1186 2930 aliud
1203 2863 1302 2930 luerit
1318 2862 1444 2930 ordina-

315 2981 400 3056 tum;
424 2973 564 3058 prouisu‚
595 2971 682 3056 quod
698 2991 809 3038 eurum
825 2971 999 3038 translatio
1016 2968 1080 3053 liat,
1115 2977 1210 3054 prout
1228 2990 1441 3056 personarum

317 3089 350 3148 et
365 3081 495 3149 Ordinis
511 3080 666 3148 coudecet
682 3078 896 3146 honestatem.
921 3081 1042 3146 Datum
1058 3079 1145 3163 apud
1161 3079 1278 3146 Urbem
1297 3081 1444 3146 Veterem

315 3187 459 3254 secundo
474 3187 549 3254 idus
564 3186 764 3272 Septembris
780 3205 868 3251 anuo
885 3184 1015 3252 Domini
1032 3183 1204 3251 millesimo
1221 3183 1439 3252 ducentesimo

314 3295 527 3378 nonagesimo
542 3295 694 3379 septimo,
725 3292 933 3360 Pontificatus
950 3291 1082 3358 Domini
1098 3289 1267 3372 Bonilaoij¹
1288 3289 1442 3379 Episcopi

316 3399 417 3487 (enno
434 3396 566 3487 tertio).

462 3597 562 3658 (senar
581 3598 735 3664 sajescnyr
753 3583 845 3650 luem
863 3597 1070 3663 sceressgyoc
1094 3596 1298 3658 lesmoren.)
