3148 5146
619 317 776 415 ...Q

129 513 319 598 observare,
336 517 370 578 et
385 531 422 578 se
437 509 580 578 facturos
598 515 818 592 etcuraturos,
840 510 926 594 quod
942 511 1087 596 quelibet
1103 512 1275 582 dictarum

131 619 392 689 Universitatam
410 617 520 686 omnia
536 623 568 684 et
582 617 713 702 singula
727 616 934 686 ratificabunt
958 625 991 686 et
1015 623 1259 706 approbabunt;

132 729 280 796 iurantes
304 725 371 813 ipsi
385 725 501 794 sindici
517 726 729 810 corporaliter
746 725 888 811 prestitis
904 727 1118 796 sacramentis
1133 731 1264 800 nomine

132 833 393 904 Universitatnm
425 834 568 919 ipsarum
600 839 633 902 et
658 831 692 898 in
726 833 897 902 animabus
929 832 1093 903 hominum
1118 836 1264 921 ipsarum

134 942 393 1012 Universitatnm
419 961 459 1007 ex
475 946 637 1026 potestate
668 959 824 1008 concessa
856 942 904 1010 eis
936 941 1071 1012 edictis
1096 945 1269 1014 Universi·

134 1054 257 1121 tatibm
273 1051 385 1117 omnia
401 1056 433 1116 et
448 1049 580 1134 magula
603 1050 827 1134 suprascripta
851 1049 1019 1119 attendere
1035 1058 1068 1119 et
1093 1054 1265 1120 observare

131 1169 163 1227 et
179 1179 246 1227 non
277 1155 502 1224 contravenire
536 1153 578 1222 ds
609 1154 678 1222 inre
709 1154 762 1224 rel
788 1154 829 1222 de
856 1154 944 1226 facto
976 1159 1036 1224 sub
1068 1158 1267 1242 obligatione

131 1269 289 1333 bonorum
306 1265 451 1334 omnium
460 1262 716 1332 Universitatum
727 1264 878 1348 ipsarum.
890 1264 928 1332 ln
938 1267 1029 1334 ouius
1045 1268 1267 1335 testimonium

131 1383 164 1443 et
181 1372 323 1460 predicti
341 1369 465 1438 domini
480 1373 579 1456 Regis
610 1369 726 1440 Sicilie
756 1391 796 1438 ac
825 1369 1039 1456 predictorum
1072 1371 1265 1442 sindicorum

132 1483 267 1549 nomine
283 1499 322 1548 ac
331 1500 390 1567 pro
405 1483 497 1566 parte
512 1478 669 1548 dictarum
683 1479 936 1548 Universitatum
952 1481 1114 1546 cautelam
1130 1500 1268 1566 presens

133 1589 291 1676 scriptum
308 1587 425 1656 exinde
442 1585 623 1654 confectum
640 1593 689 1658 est
705 1605 762 1672 per
777 1605 892 1654 manus
907 1585 972 1656 moi
984 1587 1112 1654 Notarii
1128 1589 1267 1673 predicti

134 1695 259 1764 llathei
285 1694 450 1763 Barabelli
475 1694 517 1761 de
544 1691 672 1782 Galata,
694 1693 841 1762 eiusdem
858 1693 954 1762 Ourie
969 1695 1107 1762 actualis
1122 1695 1260 1781 Nolani,

137 1822 211 1870 meo
228 1803 324 1888 signo
338 1801 513 1889 signatum,
532 1807 671 1870 etmanu
688 1803 743 1885 qui
759 1821 860 1886 supra
869 1798 1018 1870 Judieum
1036 1806 1068 1867 et
1081 1801 1268 1888 infrascrip-

139 1918 245 1979 tarum
262 1911 392 1976 tertium
407 1909 699 1994 subscriptionibas
719 1907 917 1977 roboratum.
953 1915 955 1920 '

249 2018 415 2086 llathens.
434 2018 504 2102 Ego
519 2017 766 2085 Bartholomeas
783 2016 824 2084 de
840 2015 969 2084 Stratiis
985 2016 1026 2084 dc
1034 2017 1138 2100 Regio
1154 2017 1272 2105 Magne

137 2127 244 2212 Regie
275 2125 372 2192 (loric
403 2123 521 2192 ludex.
552 2125 624 2209 Ego
656 2125 797 2192 Jacobus
830 2125 1021 2194 deUdundo
1037 2127 1157 2212 Magne
1171 2128 1272 2212 Regie

139 2234 241 2302 Ourie
256 2232 374 2300 ludex.
390 2233 460 2317 Ego
476 2232 644 2300 lohannes
659 2231 700 2300 de
715 2229 834 2300 Alvezo
851 2233 929 2301 Vice
945 2234 1102 2320 Magister
1126 2233 1271 2304 iusticie.

144 2343 215 2424 Ego
248 2339 392 2409 Thomas
424 2340 465 2408 de
496 2341 596 2408 Porta
627 2340 715 2408 Juris
747 2341 816 2407 eius
842 2340 1009 2408 Professor
1035 2341 1155 2410 domini
1171 2342 1271 2426 Regis

141 2447 355 2516 Conciliarius
387 2456 420 2515 et
451 2448 535 2516 infra
551 2448 754 2535 subscriptus
779 2449 845 2531 Ego
883 2449 1025 2516 loannes
1056 2448 1098 2518 de
1130 2447 1273 2533 Bragida

143 2558 245 2626 testis.

265 2755 543 2820 (Ljubies,ll10num.
565 2769 605 2818 sp.
626 2755 691 2804 hist.
712 2753 785 2804 Slav.
804 2754 902 2806 Merid.
923 2755 945 2806 1.
966 2755 1023 2804 ket.
1042 2757 1100 2802 108.
1122 2754 1151 2814 l.)

548 3566 554 3576 ’
682 3571 755 3640 110.

153 3771 180 3836 Α
200 3773 407 3861 ncppcdrcdi
423 3772 648 3858 keiptalcncclc
658 3773 932 3860 bleocyaa'plecele,
947 3773 1030 3859 hopy
1040 3768 1278 3838 SinceriEndro

153 3881 256 3947 isole-i
283 3880 478 3946 bistolcdcck
510 3881 749 3946 harmodreszet
782 3881 932 3947 Ncbradi
963 3879 1135 3945 Jcicoeack
1165 3879 1279 3944 elcdtc.

673 3989 769 4054 1274.

260 4182 382 4250 Amicis
412 4181 480 4250 suis
511 4180 712 4249 Reuerendis
745 4181 926 4250 Conaentui
957 4183 1103 4250 Ecclesie
1128 4179 1168 4246 de
1183 4181 1281 4249 belen

156 4289 309 4358 Nicolans
325 4287 367 4358 de
383 4288 472 4356 Gara
488 4287 593 4374 Regni
608 4288 776 4374 Hungarie
802 4288 970 4357 Palatinus
988 4295 1020 4357 et
1035 4289 1143 4358 Judex
1166 4287 1282 4356 Coma-

157 4418 268 4466 noram
299 4398 362 4466 stb.
393 4396 560 4464 Noueritis
591 4396 678 4480 quod
710 4417 781 4464 cum
814 4397 962 4481 primitus
993 4395 1163 4465 Johannes
1194 4395 1281 4464 filius

160 4503 318 4572 Valentini
351 4501 409 4588 lilij
442 4503 602 4572 iohannis
635 4502 690 4588 filij
723 4501 863 4572 Mathius
894 4502 934 4570 de
964 4503 1108 4588 Nabrad,
1139 4511 1171 4570 et
1203 4504 1285 4571 alter

160 4611 323 4680 lohannes
355 4609 440 4678 filius
459 4608 622 4678 iohannis
638 4609 694 4696 filij
713 4609 845 4698 Georgij
863 4610 922 4697 filij
940 4611 1100 4679 Johannis
1115 4611 1171 4696 tilij
1190 4612 1279 4695 lipsa
