3148 5164
669 933 746 1004 tae.

134 1131 205 1199 ΙΙΙ.
236 1134 347 1200 &dte
372 1133 550 1220 kindiyaub
581 1132 694 1198 Pabar
724 1133 876 1220 helysepet
902 1095 1058 1222 ta'rpgaeci
1082 1136 1269 1221 adomuuga

213 1242 316 1324 Moto,
332 1241 398 1306 Pet
413 1241 445 1306 ἐκ
462 1237 601 1326 Mttotp,
623 1239 835 1306 Vrbauueouir
843 1241 911 1324 fiai
926 1243 1199 1310 szdmdua1298.

246 1433 395 1502 Andreas
410 1431 473 1500 Dei
488 1433 603 1518 grania
621 1432 801 1519 Hungarie,
820 1435 1003 1522 Dalmaeie,
1033 1435 1180 1522 (troanie,
1206 1437 1272 1502 Ra·

137 1563 200 1628 me,
216 1540 340 1624 Seruie,
355 1538 505 1627 Gallioie,
532 1539 734 1624 bodomarie,
766 1538 923 1608 Cumanie
953 1541 1171 1628 Bngarieque
1201 1541 1272 1608 Rex

137 1648 301 1716 uniuersis
317 1645 437 1714 Christi
454 1643 602 1714 fidelibus
618 1652 787 1730 presentes
810 1647 936 1716 litteras
951 1648 1153 1718 intuentibus
1184 1648 1272 1716 salu·

139 1766 208 1824 tem
223 1755 258 1820 in
275 1773 312 1822 eo
330 1751 385 1836 qui
411 1753 555 1836 Regibus
581 1752 639 1820 dat
670 1755 821 1822 salutem.
860 1755 953 1822 Lieet
982 1755 1087 1841 Regia
1116 1755 1272 1822 Maiestas

138 1883 272 1931 manum
302 1859 487 1928 munitioam
519 1859 688 1945 porrigere
718 1860 836 1928 debeat
855 1861 1035 1944 uniuersis3
1059 1861 1134 1930 ilios
1151 1869 1271 1944 tamen

137 1988 277 2056 quornm
293 1971 430 2054 experta
444 1966 591 2052 probitas
606 1966 744 2036 laudata
759 1968 854 2034 estin
870 1969 1035 2056 prosperis
1053 1977 1085 2038 et
1109 1967 1271 2050 aduersis,

136 2076 295 2165 prosequi
326 2073 425 2142 debet
451 2072 680 2144 muuifieeneia
705 2075 850 2161 largiori,
866 2081 902 2143 ut
916 2076 974 2160 alij
992 2095 1102 2144 eorum
1118 2074 1270 2160 exemplo

139 2181 271 2254 inuitati
288 2178 471 2248 serueneius
487 2177 530 2246 ad
556 2179 722 2248 fidelitatis
737 2201 837 2266 opera
860 2181 1090 2252 ascendantur.
1122 2180 1266 2250 Proinde

139 2289 350 2360 uniuersitati
381 2287 525 2356 omnium
541 2293 607 2355 tam
623 2288 826 2374 presencium
846 2309 944 2384 quam
960 2289 1139 2360 futurorum
1155 2288 1270 2356 harum

140 2399 228 2469 serie
253 2397 438 2464 litterarum
469 2393 540 2461 tieri
570 2395 720 2464 uolumus
750 2396 968 2484 menifestum,
1000 2397 1086 2482 quod
1116 2395 1272 2482 Magister

141 2507 285 2592 Vgrinus
315 2507 403 2576 tilius
434 2508 521 2576 Pous
546 2504 587 2576 de
602 2526 721 2593 genere
745 2507 841 2575 Chak
856 2511 960 2595 Regni
977 2509 1078 2577 nostri
1093 2509 1180 2574 Baro
1195 2503 1272 2570 fide-

140 2617 285 2684 lissimus
301 2615 345 2682 ad
360 2619 505 2682 nostram
522 2615 683 2684 aeoedens
708 2616 918 2704 presenciam,
952 2617 1067 2687 fideles
1097 2621 1130 2684 et
1159 2613 1271 2680 lauda·

141 2725 226 2793 bites
256 2721 388 2806 Mathei,
419 2719 513 2788 Pauli
530 2726 564 2788 et
587 2721 762 2790 Miehaelis
793 2723 933 2792 tiliorum
964 2721 1099 2790 Comitis
1115 2719 1268 2788 Vrbanus

140 2827 360 2917 personaliter
375 2845 483 2894 eoram
500 2815 595 2895 nobis
610 2827 795 2896 astensium
809 2831 995 2913 famulatus,
1021 2848 1103 2914 quos
1119 2845 1157 2894 eo
1191 2831 1268 2890 tem·

138 2957 228 3024 pore,
261 2954 324 3020 quo
355 2933 444 3000 idem
459 2933 616 3018 Magister
631 2935 773 3020 Vgrinus
797 2935 915 3004 Nostra
930 2935 1114 3006 Maiestatis
1130 2930 1271 3016 uestigia
1406 3023 1408 3028 Ι

135 3045 347 3128 sequebatur,
364 3039 502 3108 diuersis
519 3059 554 3108 se
579 3040 705 3110 fortune
735 3041 865 3111 nasibus
895 3039 1087 3128 obponeudo
1119 3058 1271 3108 exercue-

137 3157 215 3218 runt
232 3156 265 3217 et
280 3147 518 3234 impenderunt,
541 3149 638 3216 nobis
654 3149 820 3220 insinnare
836 3151 982 3234 onrauit;
1007 3169 1046 3218 ao
1062 3149 1146 3217 inter
1161 3155 1271 3216 eetera

136 3278 252 3326 eorum
272 3254 438 3324 fidelitatis
466 3256 624 3340 obsequia
649 3255 712 3324 hoo
741 3259 896 3346 precipue
927 3259 1100 3326 enueleare
1130 3255 1270 3341 rapiens

136 3361 343 3433 manifestius
374 3360 576 3450 explanarit,
608 3369 644 3430 ut
660 3364 736 3430 dum
766 3365 899 3432 Tartari
914 3371 1024 3452 partes
1039 3363 1158 3432 Maeho
1175 3363 1267 3429 obse

136 3473 275 3557 dissent,
292 3477 326 3538 et
341 3468 383 3535 ad
398 3469 516 3537 Nostro
532 3469 714 3540 Maiestatis
729 3473 1011 3557 perturbacionem
1027 3493 1067 3540 ae
1099 3470 1271 3539 detrimen-

137 3588 219 3666 tum,
250 3584 283 3644 et
296 3578 402 3662 Regni
432 3577 536 3643 nostri
567 3579 735 3662 Rungarie
765 3579 1029 3650 deuastaeionem
1044 3601 1081 3650 se
1097 3576 1271 3646 transferre

136 3685 338 3768 niterentur3
363 3682 522 3767 Matbeus,
540 3682 663 3752 Paulus
694 3693 727 3752 et
757 3685 895 3754 Miebael
926 3685 984 3774 iiiij
1016 3687 1167 3755 Vrbanus
1199 3701 1270 3769 pre-

137 3792 227 3877 dieti,
244 3791 370 3858 feruore
384 3789 554 3859 fidelitatis
570 3793 712 3880 aeeensi,
729 3812 802 3860 enm
812 3795 958 3879 predicto
974 3795 1131 3878 Magistro
1148 3791 1270 3877 Vgrino

136 3897 278 3966 Domino
294 3897 438 3983 ipsorum
455 3897 589 3966 fluuium
608 3899 701 3968 Zara
716 3907 934 3989 transeuntes,
955 3902 1083 3970 abieoto
1113 3919 1221 3970 rerum
1239 3908 1272 3965 et

137 4024 276 4092 persone
292 4024 348 4072 sue
364 4005 509 4090 perieulo
520 4005 659 4074 uiriliter
673 4006 863 4095 dimioauit;
885 4009 941 4076 u'oi
957 4008 1104 4095 prefatus
1120 4005 1268 4078 Matheus

142 4113 235 4180 letali
255 4111 377 4180 uulnere
402 4111 567 4181 sauciatus
584 4113 836 4184 elandieaoionis
861 4119 918 4186 'sui
949 4117 1043 4203 pedis
1075 4123 1125 4186 est
1155 4131 1273 4201 passus

138 4220 323 4306 orbitatem,
356 4225 388 4285 et
403 4219 484 4288 duos
500 4221 657 4290 Tartarus
687 4223 823 4292 militari
839 4245 899 4292 suo
916 4225 1043 4294 exereio
1060 4223 1159 4314 (tgy),
1176 4227 1272 4311 prout

137 4327 224 4395 idem
240 4325 400 4412 Magister
416 4327 560 4428 Ygrinus
591 4331 716 4419 retulit,
749 4333 856 4418 eapite
888 4333 1115 4422 detruncanit3
1137 4351 1270 4418 quorum

139 4433 249 4521 eapite
290 4433 378 4502 idem
420 4435 578 4522 Magister
614 4438 757 4524 Vgrinus
797 4441 891 4510 nobis
931 4442 1023 4510 Bude
1054 4442 1271 4513 existentibus

139 4541 331 4612 transmisit.
350 4543 402 4612 Ad
417 4546 510 4616 euius
525 4547 692 4618 fidelitatis
709 4556 741 4616 et
756 4551 889 4620 uietorie
915 4551 1092 4626 laudabitis
1124 4569 1272 4628 remune-
