3096 5160
856 247 1014 348 Ab...

371 442 533 530 Volkuua,
547 442 661 510 villam
677 440 778 526 Bosk,
797 442 910 508 villam
945 443 1050 526 bigrns
1066 449 1099 510 at
1128 443 1280 528 Harasty
1313 446 1476 528 uocatas,iu

372 549 509 634 hijsdem
535 550 631 616 metis
649 548 852 633 ettermiuis‚
869 555 987 615 etcum
1005 549 1202 618 utilitatibus
1222 552 1370 619 omuibus
1384 571 1475 618 carnu-

372 657 458 742 dam,
479 657 596 742 quibus
621 659 664 725 ab
694 657 829 740 antiquo
861 653 1084 744 possederunt,
1115 655 1200 724 dixit
1230 656 1409 726 uendidisse
1434 678 1477 742 pro

370 763 590 850 qnadraginta
622 765 750 833 duabus
779 763 897 832 marcis
917 763 1064 850 predicto
1081 765 1199 835 Comiti
1215 765 1326 833 Ochus
1344 767 1376 832 in
1389 785 1479 852 perpe·

372 881 460 940 tunm
492 873 726 958 possidendas;
751 871 792 938 de
824 871 940 956 quibus
972 872 1196 958 quadraginta
1226 873 1354 943 duabus
1383 873 1478 938 marcis

375 979 490 1064 viginti
518 981 600 1048 duas
616 1000 743 1048 marcas
760 981 916 1066 Magister
932 981 1042 1048 Buzad
1058 1001 1078 1048 a
1094 979 1220 1048 comite
1236 979 1347 1048 Ochuz
1361 979 1480 1048 asseruit

374 1089 552 1174 accepisse,
568 1088 684 1174 viginti
710 1108 786 1156 vcro
816 1107 945 1156 marcas
975 1087 1141 1174 predictus
1172 1088 1289 1154 Comes
1321 1087 1423 1154 Ochus
1447 1085 1479 1150 ab

375 1197 500 1262 octenis
526 1196 636 1264 Sancti
667 1195 825 1263 Johannis
842 1196 990 1282 Baptiste
1007 1197 1039 1262 in
1057 1195 1171 1280 quinta
1187 1195 1367 1263 ebdomada
1383 1193 1480 1276 Magis

375 1310 424 1368 tro
441 1303 552 1372 Buzed
584 1323 693 1370 corum
725 1304 815 1371 nobis
846 1305 1033 1389 persoluere
1063 1304 1232 1372 tenebitur.
1262 1303 1332 1369 Hoc
1362 1301 1479 1382 adiecto,

373 1411 460 1493 quod
490 1413 519 1479 si
552 1411 634 1478 sorte
665 1411 735 1496 ipso
766 1412 1025 1498 appropinquabo
1055 1410 1192 1478 termino
1223 1409 1341 1478 Comes
1387 1407 1479 1475 Ochus

374 1522 465 1602 ipsas
497 1517 612 1604 viginti
647 1537 774 1585 marcas
808 1539 874 1586 non
908 1520 1134 1604 persolueret3
1168 1519 1295 1586 amittet
1335 1515 1481 1604 pecuniam

283 1689 290 1702 ,
373 1628 462 1714 prius
494 1626 711 1713 persolutam3
736 1627 789 1694 vel
821 1627 850 1694 si
881 1627 1036 1710 Magister
1067 1627 1177 1694 Bnnad
1208 1626 1252 1692 ad
1286 1624 1481 1711 recipiendam

372 1739 476 1820 ipsam
495 1733 665 1820 pecuniam
683 1756 746 1802 non
762 1734 941 1820 accederet,
958 1741 1095 1802 autnon
1112 1735 1352 1823 transmitteret,
1381 1739 1477 1801 extum

1506 3 1524 328 i

1523 360 1526 407 t

374 1842 488 1909 Comes
521 1841 632 1909 Ochus
661 1861 719 1928 pro
751 1842 818 1909 illis
850 1843 915 1908 XX
947 1841 1073 1910 duabus
1091 1843 1209 1908 marcis
1225 1842 1317 1928 prius
1331 1837 1481 1926 persolutis
1528 1909 1529 1912 Ἴ

374 1957 568 2016 memoratas
594 1957 710 2032 quatur
742 1947 841 2014 villas
872 1946 1065 2034 possidebit.
1096 1948 1165 2016 Nec
1195 1949 1257 2015 hoc
1288 1946 1480 2033 pretermisso,
1528 1965 1529 1974 ¹

373 2057 460 2140 quod
490 2057 520 2124 si
551 2055 706 2138 Magister
737 2055 848 2122 Bnaad
879 2076 936 2141 per
966 2056 1102 2122 formam
1134 2056 1218 2141 legis
1250 2057 1339 2142 ipsas
1363 2061 1480 2140 quatuor

374 2167 473 2232 villas
498 2163 614 2232 comiti
642 2162 751 2229 Ochus
782 2163 936 2230 cauditus
967 2183 1099 2230 seruare
1130 2184 1196 2230 non
1227 2171 1355 2248 poeset;
1380 2169 1478 2230 extunc

374 2273 415 2338 de
427 2271 568 2357 proprijs
586 2271 845 2358 possessionibus
862 2273 940 2355 suis,
956 2273 1080 2340 scilicet
1096 2271 1137 2337 de
1154 2271 1278 2353 Pliske,
1307 2273 1348 2338 de
1377 2266 1478 2350 Burad,

375 2381 414 2444 de
431 2379 494 2444 tine
510 2379 628 2464 pontis,
645 2380 695 2444 vet
715 2377 757 2444 de
783 2379 891 2446 tundis
921 2379 1158 2465 mancipiorum
1190 2399 1318 2446 snorum
1348 2377 1478 2463 supplere

374 2487 541 2555 tenebitur.
558 2491 679 2554 Datum
695 2488 729 2552 iu
746 2488 872 2554 octuuis
892 2488 1003 2554 Sancti
1021 2487 1182 2556 Jobaunis
1199 2487 1354 2571 Baptiste.

483 2597 613 2663 Kivttl
631 2619 638 2659 :
657 2597 760 2682 Super
781 2595 970 2663 condicione
1002 2601 1142 2678 quatuor
1172 2595 1321 2661 uillarum
1348 2593 1380 2660 in
1407 2592 1478 2657 otta-

373 2703 452 2770 ruch
468 2703 688 2789 existendum,
705 2725 763 2788 pro
780 2704 904 2770 Comite
920 2703 1039 2770 Ochuz.

376 2903 516 2964 (Eredetie
535 2903 719 2967 bdrhdrtyen
739 2918 756 2954 a
775 2903 869 2966 penset
888 2903 1042 2964 elveszett;
1062 2916 1079 2951 a
1097 2901 1182 2952 budai
1200 2901 1253 2952 kir.
1273 2901 1385 2952 kamara
1412 2895 1478 2946 leuel·

876 2992 999 3054 tarban.)
