3096 5160
825 283 986 384 jao-

342 482 403 548 bus
418 497 478 564 per
496 477 628 548 eosdem
644 475 730 545 filios
745 475 871 546 Herrioi
888 477 971 547 Bani
987 476 1126 546 luissent
1144 477 1295 550 rlnerati.
1319 477 1473 547 Pretereu

344 607 415 654 oum
432 587 591 671 Magister
606 587 774 654 lohannes
790 587 876 654 lilius
894 585 1022 654 Herriei
1038 587 1122 654 Boni
1139 595 1236 674 rupto
1252 588 1346 674 paois
1361 587 1473 654 ledere

342 694 426 760 inter
442 713 503 760 nos
520 699 551 759 et
567 695 675 780 ipsum
684 693 848 782 ordinato,
864 697 976 762 nostre
985 694 1190 763 Exoelleneie
1200 713 1379 781 personam
1389 713 1472 761 ausu
1544 750 1545 780 ,

341 803 516 870 temerario
533 800 793 887 impendinisset,
811 799 897 870 idem
912 799 1028 870 comes
1043 801 1168 889 Ogyon,
1185 810 1220 870 ut
1236 801 1474 889 nonpossimus

343 907 385 974 de
400 908 544 977 eiusdem
560 907 708 994 Magistri
732 909 893 976 lobannis
908 908 1139 993 impedimento
1164 908 1309 998 liberari,
1341 909 1474 978 rnieum
1544 889 1545 902 ¹

342 1017 442 1084 filiurn
456 1036 549 1084 suurn
566 1014 671 1084 eidem
687 1014 823 1083 tradidit
839 1016 873 1082 in
889 1015 1037 1086 obsidem
1053 1022 1085 1082 et
1101 1019 1273 1086 oonoessit.
1314 1017 1471 1084 Conside-

341 1123 421 1191 ratis
435 1124 547 1209 itaque
563 1123 746 1192 huiusmodi
761 1123 968 1192 fidelitatibus
984 1130 1017 1190 et
1033 1124 1183 1214 seruioijs
1199 1124 1348 1194 eiusdem
1364 1124 1475 1192 Comi·

340 1232 383 1301 tis
400 1229 514 1316 Ogyor.
531 1251 603 1298 oum
619 1251 745 1300 summa
760 1230 919 1298 fidelitate
934 1231 1028 1298 nobis
1042 1231 1207 1318 exhibitis,
1240 1231 1315 1300 lieet
1342 1231 1476 1299 maiori-

341 1342 402 1406 bus
419 1338 536 1424 dignus
552 1339 731 1424 haberetur,
747 1347 896 1425 respectu
913 1339 1124 1407 seruieiorum
1141 1359 1274 1408 suorum
1301 1339 1475 1426 premisso·

344 1467 413 1514 rum
430 1445 587 1530 quosdam
605 1446 701 1514 villos
732 1467 790 1515 seu
821 1445 934 1532 predia
965 1447 1137 1532 Reginolia
1156 1448 1201 1514 .in
1232 1445 1396 1514 Comitatu
1430 1445 1474 1511 de

343 1553 522 1622 Wereuohe
539 1553 729 1642 existentia,
746 1553 905 1641 Luohyna
921 1559 953 1620 et
968 1553 1144 1622 Wrihoueh
1162 1561 1290 1637 rotata,
1315 1574 1386 1621 oum
1405 1553 1475 1620 suis

343 1662 534 1730 utilitatibus
551 1669 583 1728 et
599 1663 810 1746 pertinenoijs
827 1663 997 1744 uniuersis,
1015 1671 1110 1748 prout
1126 1661 1170 1730 ad
1185 1661 1375 1748 Reginalem
1397 1683 1475 1746 per·

344 1769 468 1838 tinebat
483 1767 567 1858 (lgy)
585 1771 799 1855 Maiestatem,
818 1771 861 1836 ab
878 1770 991 1838 eodem
1009 1768 1170 1838 Comitotu
1186 1781 1325 1856 exeepta
1340 1771 1475 1856 penitus

347 1885 378 1945 et
394 1884 555 1965 exempta,
582 1877 685 1945 eidem
712 1875 828 1944 (inmiti
844 1875 967 1964 Ogyoz,
1000 1885 1032 1944 et
1049 1898 1106 1964 per
1123 1899 1194 1945 eum
1212 1878 1279 1946 suis
1295 1878 1474 1946 heredibus

346 1986 567 2070 heredumque
597 2006 728 2054 snorum
759 1985 999 2054 suoeessoribus
1030 1985 1189 2074 dedimus,
1221 1986 1414 2054 donauimus
1442 1993 1476 2052 et
1546 1981 1547 1988 ’

343 2094 539 2162 eontulimus
556 2093 625 2161 iure
641 2101 799 2179 perpetuo
816 2098 848 2160 et
864 2093 1121 2162 irreuooahiliter
1136 2093 1336 2180 possidenda
1353 2101 1386 2159 et
1414 2092 1474 2159 ha·
1546 2083 1547 2086 '

347 2201 464 2268 lrenda.
482 2203 525 2268 Vt
539 2201 639 2286 igitur
654 2201 748 2268 huius
766 2208 876 2268 nostre
893 2200 1080 2267 donacionis
1096 2220 1156 2268 seu
1172 2198 1476 2268 oolluoionisserioa

346 2310 439 2376 saluo
455 2315 487 2376 et
502 2308 694 2376 inconeussa
709 2315 909 2396 permaneat,
941 2329 1002 2376 nee
1017 2327 1171 2394 prooessu
1202 2315 1381 2392 temporum
1415 2327 1477 2391 per

347 2413 531 2500 quempiam
548 2417 582 2481 in
599 2415 726 2484 irritum
743 2415 846 2502 possit
860 2417 914 2483 uel
946 2417 1057 2484 valeat
1087 2415 1270 2499 retraetari,
1300 2421 1475 2500 presentes

346 2523 561 2590 concessimus
594 2511 719 2592 litteras
744 2523 907 2610 duppllois
934 2523 1037 2610 sigilli
1062 2527 1162 2592 nostri
1185 2522 1365 2590 munimine
1381 2521 1476 2590 robo-

346 2636 444 2698 ratas.
483 2632 603 2698 Datum
642 2649 699 2714 per
740 2649 854 2725 manus
903 2629 1036 2698 disereti
1077 2631 1137 2697 riri
1180 2628 1330 2714 Magistri
1370 2627 1476 2697 'l'heo-

348 2737 418 2804 dori
436 2737 598 2824 Propositi
614 2737 776 2820 rubensis,
792 2738 869 2803 aule
885 2743 995 2806 nostro
1011 2735 1284 2821 Vioellaneellarij
1306 2733 1416 2802 dileeti
1443 2743 1477 2803 et

345 2847 452 2914 tidelis
468 2847 566 2913 nostri
582 2865 669 2914 anno
685 2844 816 2912 Domini
831 2844 1005 2912 millesimo
1021 2843 1242 2915 dueomesimo
1259 2845 1477 2928 nonagesimo

345 2955 497 3044 seeundo,
515 2962 606 3024 sexto
622 2953 782 3024 kalendas
799 2953 996 3042 Decembris,
1017 2955 1122 3040 Regni
1144 2960 1252 3022 autern
1268 2951 1371 3020 nostri
1387 2971 1478 3018 anno

345 3064 455 3132 toreio.

348 3261 489 3322 (Ersdetie
508 3259 692 3326 btlrhtrtyrln,
711 3262 830 3326 melyrbl
850 3277 867 3314 a
886 3259 978 3327 peestt
991 3260 1124 3314 tdredtlrs
1136 3264 1219 3312 vbrbs
1234 3261 1479 3328 selyemzsinbron

574 3351 664 3416 lhgg;
683 3367 700 3402 a
718 3351 805 3402 budai
824 3353 877 3406 lrir.
895 3353 1021 3404 leomansi
1041 3351 1240 3418 lereltdrban.)
