3148 5164
649 293 809 390 m..

157 501 220 583 ret,
237 489 407 560 memorati
425 487 567 554 Thomas
585 491 618 552 et
634 486 737 552 Tama
753 486 946 555 tenebuntur
964 505 1019 552 eos
1036 484 1193 571 expedire
1221 503 1298 571 pro·

160 599 243 684 prijs
261 598 329 666 suis
345 595 513 662 laboribus
530 598 562 658 et
579 594 741 678 expensis.
764 593 887 662 Dat-nm
903 592 937 659 in
953 591 1036 660 festo
1053 593 1147 660 Beati
1163 591 1295 658 Martini

160 704 359 774 confessoris
377 722 464 769 auno
480 700 611 766 Domini
627 699 922 769 M⁰OC⁰LXXXX⁰
939 706 1063 784 quarto.

161 903 306 964 (Eredetie
337 897 521 964 bernartyan
553 913 571 946 a
600 897 682 947 hatul
703 897 756 948 oda
774 902 905 963 nyomott
923 897 1020 961 peoret
1039 897 1097 946 raet
1116 898 1246 962 millott3
1280 913 1296 948 a

463 1001 480 1036 a
494 985 581 1039 budai
593 986 646 1036 kir.
662 987 790 1036 kamarai
812 985 1009 1050 leveltrlrban.)

596 1273 863 1283 *—

701 1803 777 1872 454.

158 2007 191 2068 A
208 2003 346 2090 sript-cidi
362 2003 590 2090 ieciptalaunak
605 2001 878 2086 diroayau'pleoele,
910 2002 992 2086 kopp
1009 2001 1152 2086 Lapeoht'
1169 2001 1293 2069 Grodau

228 2133 266 2172 az
290 2107 388 2172 Urina
405 2109 538 2173 mellettt'
554 2109 699 2173 birtoltdt
715 2107 825 2170 eludia
843 2107 954 2172 Ialvrto
970 2108 1109 2174 bonuau.
1135 2111 1232 2177 1294.

271 2303 340 2370 Nos
357 2301 541 2388 Capitulum
557 2297 789 2385 Zagrabiensis
806 2300 952 2368 Euolesie
976 2301 1200 2392 significamus
1227 2308 1297 2374 rni-

161 2411 269 2478 uersis
286 2408 403 2494 quibus
420 2407 550 2495 expedit
565 2409 769 2495 presentium
794 2427 853 2493 per
883 2415 1038 2494 tenorem,
1072 2411 1160 2496 qnod
1190 2413 1292 2481 nobili

161 2517 233 2584 viro
249 2517 379 2584 Grobsa
395 2517 462 2584 tilio
479 2514 638 2601 Stephani
655 2516 695 2583 de
711 2516 842 2600 Lapeeh
859 2536 900 2583 ex
915 2539 981 2584 vna
996 2526 1098 2603 parte,
1123 2527 1155 2585 et
1171 2518 1294 2588 Jaoobo

159 2622 340 2692 Sacerdote
355 2643 415 2708 pro
432 2621 533 2690 nobili
549 2623 618 2689 viro
636 2621 767 2689 domino
783 2642 843 2690 auo
860 2622 1028 2709 Stephano
1038 2625 1128 2694 Bauo
1141 2645 1182 2692 ex
1192 2629 1295 2694 altera

159 2733 194 2798 in
210 2727 316 2796 nostri
332 2729 503 2814 presencia
519 2728 736 2814 personaliter
752 2729 950 2814 constitutis,
968 2730 1055 2798 idem
1068 2731 1200 2800 Grobsa
1212 2731 1294 2798 dixit

163 2845 197 2905 et
211 2836 379 2904 confessus
396 2841 445 2902 est
461 2859 468 2901 :
487 2834 574 2917 quod
592 2836 751 2918 cumipse
768 2855 879 2902 omnes
898 2843 1003 2904 terras
1035 2859 1092 2906 seu
1119 2840 1295 2923 possessio·

161 2964 222 3012 nes
238 2965 279 3012 ex
294 2945 360 3012 ista
373 2951 468 3030 parte
483 2943 573 3027 fluuij
591 2943 632 3008 W
634 2965 655 3009 n
672 2944 781 3011 voeati
798 2944 883 3010 inter
898 2941 1013 3028 Zakop
1029 2951 1061 3012 et
1087 2951 1191 3014 terras
1217 2948 1294 3032 lipi-

161 3059 315 3138 seopatus
330 3052 506 3138 'Pynieusis
523 3049 668 3118 lindesie
679 3051 866 3134 existentes,
883 3049 967 3118 sieut
977 3049 1070 3140 dixit,
1087 3072 1146 3137 per
1156 3059 1290 3120 mortem
1409 3055 1412 3059 ’

161 3157 299 3226 Ozorias
314 3158 373 3244 filij
391 3157 567 3243 Ludgaryr
583 3157 723 3243 proximi
739 3159 790 3226 sui
805 3157 875 3226 sine
890 3155 1018 3224 heredis
1043 3157 1165 3226 solatio
1198 3161 1292 3230 deee-

160 3265 284 3350 dentis,
302 3267 346 3333 ad
361 3265 466 3354 ipsum
487 3265 562 3352 jure
586 3263 784 3334 hereditario
817 3264 997 3350 deuolutus,
1030 3267 1193 3334 antedicto
1226 3267 1295 3336 Ste-

160 3372 273 3458 phano
288 3373 380 3440 Bano
396 3372 488 3439 iuxta
504 3371 741 3438 eontinenoiam
759 3370 902 3457 priorum
913 3377 1096 3439 nostrarum
1108 3374 1294 3442 litterarum

160 3479 393 3566 perpetualiter
407 3478 606 3547 vendidisset
621 3479 682 3546 sub
699 3479 824 3546 eisdem
842 3480 945 3562 metis,
964 3479 1071 3564 signis
1088 3487 1121 3548 et
1138 3482 1294 3568 terminis,

161 3587 281 3671 quibus
297 3586 428 3654 easdem
446 3586 609 3670 prediatus
631 3585 766 3653 Onorias
792 3585 996 3671 dignoscitur
1027 3588 1222 3673 possedisse,
1254 3591 1293 3654 ob

160 3693 310 3762 fauorem
326 3699 358 3758 et
372 3691 585 3760 dileeoionem
603 3689 682 3758 dieti
698 3691 859 3777 Stephani
885 3692 970 3760 Bani
1001 3693 1190 3780 speoialem‚
1222 3715 1296 3762 oon-

162 3798 269 3867 sensit
284 3804 317 3866 et
332 3795 464 3866 admisit
480 3797 522 3864 de
540 3798 634 3884 bona,
652 3803 835 3884 spontanea
852 3805 884 3864 et
908 3799 1011 3866 libera
1037 3821 1098 3868 sua
1127 3801 1295 3870 voluntate

161 3905 269 3974 eidem
286 3904 452 3992 Stephano
469 3907 570 3988 Baro,
587 3911 622 3972 vt
636 3905 707 3993 ipse
723 3910 756 3971 et
771 3905 875 3992 ipsius
892 3906 1027 3977 heredes
1042 3915 1157 3992 terras,
1185 3911 1293 3994 sique

161 4033 223 4100 per
248 4013 474 4100 supradiotum
505 4011 641 4082 Ouorias
674 4019 783 4082 essent
812 4013 941 4100 pignori
972 4014 1124 4100 obligate,
1157 4017 1295 4086 liberam

161 4120 346 4188 redimendi
362 4121 433 4190 sine
464 4121 644 4207 preludioio
676 4122 755 4190 iuris
786 4121 889 4188 alieni
920 4122 1065 4191 habeant
1095 4124 1294 4212 facultatem,

161 4247 237 4295 eum
254 4227 361 4295 eidem
378 4228 505 4296 Grobsa
519 4228 564 4296 ad
580 4228 806 4296 redimendum
821 4230 970 4313 prelatas
995 4237 1098 4298 terras
1131 4229 1295 4316 obligatas

161 4336 295 4421 propria
312 4354 377 4402 uon
394 4342 547 4422 suppetat
563 4335 714 4422 fatuitas,
746 4355 806 4403 neo
821 4335 927 4421 aliqui
943 4357 984 4406 ex
999 4338 1159 4423 proximis
1192 4339 1295 4424 ipsius

161 4443 230 4510 sint
245 4441 447 4528 superstites,
479 4441 597 4527 quibus
612 4443 757 4528 prediote
787 4450 872 4510 terre
903 4444 1046 4528 obligate
1077 4453 1295 4530 oompeterent
1377 4523 1379 4526 ,

161 4549 362 4616 redimendo.
397 4548 555 4634 Obligans
570 4567 607 4615 se
623 4549 667 4616 ad
683 4549 921 4636 expediendum
938 4552 1137 4638 sepedictum
1155 4551 1294 4638 Stepha-

275 4683 567 4722 uom.md.rr1s·r.
588 4691 626 4706 -
645 4685 716 4722 auru.
734 4685 802 4722 xxrr.
1142 4661 1186 4726 36
