3148 5146
780 300 939 400 ‘aa‘

274 483 279 488 ’
296 492 385 578 mely
402 491 626 580 alhalommal)
643 493 711 560 Nos
726 511 864 559 unacum
880 491 1028 573 Prelatis‚
1045 490 1229 560 Batonibus
1241 497 1273 558 et
1283 491 1436 561 Proceri·

294 601 356 667 hus
372 599 480 685 Regni
497 599 601 668 nostri
617 618 714 686 super
728 599 895 683 premissis
911 599 997 666 inter
1012 597 1177 685 predictas
1195 605 1305 684 partes
1315 619 1433 668 secun·

294 705 371 772 dum
392 705 496 792 Regni
512 706 614 774 nostri
631 703 898 773 consuetudinem
914 704 1132 792 approbatam
1158 704 1325 772 iusticiam
1350 728 1432 790 pan-

293 811 373 879 dere
390 816 598 898 cepissemus,
631 831 706 878 mox
723 809 889 879 lohannes
904 810 993 878 iilius
1010 809 1140 878 Nicolai
1155 810 1216 897 filij
1249 811 1366 898 Treph
1397 815 1433 878 in

295 937 370 1007 sna,
403 939 443 987 ao
458 918 568 1005 Treph
585 918 696 986 fratris
711 918 906 1005 salutarim,
939 937 1001 985 nee
1016 937 1084 984 nou
1099 917 1193 984 Pauli
1222 918 1278 1002 filij
1306 919 1434 986 Mathai

299 1026 358 1112 filij
376 1025 465 1093 Petri
481 1025 538 1112 filij
556 1025 700 1094 eiusdem
714 1025 823 1112 'i'repk
839 1027 924 1109 stb.;
949 1025 1028 1094 item
1044 1023 1213 1110 prodictus
1238 1025 1431 1112 Stephanus

294 1133 383 1201 lilius
398 1133 558 1202 lobannis
573 1120 630 1223 tilij
649 1131 807 1218 Stephani
838 1130 895 1217 filij
929 1131 1066 1199 antefati
1095 1131 1217 1218 Treph,
1240 1131 1276 1199 in
1308 1133 1434 1200 Nostro

296 1239 509 1309 Oelsitudinis
525 1245 720 1325 exurgentes
734 1238 949 1322 Prosenoiam,
966 1239 1087 1306 Nostro
1098 1239 1260 1306 Maiestati
1272 1251 1433 1307 curarunt

293 1345 487 1434 significare,
505 1346 592 1431 quod
609 1347 671 1414 stb.
686 1367 721 1414 se
737 1347 919 1413 immiscere
935 1348 1116 1414 niterentur
1126 1353 1225 1414 cause
1234 1353 1407 1432 prenotate
1420 1371 1429 1432 ;

296 1475 372 1522 nam
388 1454 477 1523 dicta
493 1455 655 1540 possessio
670 1453 924 1541 Felseuhnlhed,
939 1453 973 1520 in
989 1473 1054 1537 qua
1080 1455 1222 1522 ecelesia
1240 1455 1273 1521 iu
1300 1456 1431 1523 honore

294 1562 390 1628 Beati
406 1561 537 1630 Andree
552 1560 699 1648 Apostoli
717 1567 802 1627 esset
817 1567 1014 1648 constructa,
1045 1561 1181 1646 prefatis
1198 1561 1335 1629 condam
1353 1563 1429 1631 Ste-

292 1669 405 1758 phano
420 1675 453 1736 et
470 1667 536 1735 tilio
552 1667 632 1752 eius,
650 1687 710 1734 nee
726 1685 791 1732 non
807 1666 962 1750 predictis
980 1667 1274 1737 contradictoribus
1291 1669 1323 1734 in
1334 1671 1430 1737 nullo

293 1777 470 1862 pertineret
488 1795 549 1843 nee
564 1775 697 1844 deberet
712 1775 885 1861 pertinere,
917 1774 977 1842 sed
993 1776 1041 1842 eis
1058 1783 1090 1842 et
1117 1795 1228 1844 eorum
1254 1775 1432 1861 predeces-

294 1885 425 1953 soribus
442 1885 666 1969 vigorosorum
682 1901 723 1949 ae
737 1881 992 1948 firmissimorum
1017 1881 1302 1950 instrumentorum
1333 1887 1431 1951 robo-

296 1993 385 2058 ribus
400 2010 530 2076 semper
546 1996 579 2056 et
593 1990 635 2056 ab
651 1989 784 2073 antiquo
800 1989 1011 2073 pertinuisset
1026 1995 1059 2056 et
1075 2011 1160 2056 nunc
1186 1989 1322 2058 deberet
1353 2013 1430 2078 per-

296 2099 411 2165 tinere.
436 2097 501 2164 Vbi
516 2097 550 2161 in
566 2095 701 2164 instanti
717 2095 856 2178 quedam
888 2094 952 2162 duo
985 2095 1159 2181 priuilegia
1191 2119 1289 2164 vnum
1320 2100 1431 2166 inoliti

295 2203 457 2290 Principis
473 2203 595 2270 domini
610 2200 759 2269 hadislai
775 2200 878 2286 Regis
893 2201 1032 2289 predicti
1047 2203 1153 2288 Regni
1170 2204 1437 2291 Hungariepro·

294 2313 365 2382 taui
379 2313 494 2394 nostri,
521 2293 553 2380 et
569 2309 658 2379 aliud
672 2309 804 2378 Andree
834 2311 934 2395 Regis
965 2311 1028 2378 stb.
1062 2313 1182 2380 Nostro
1214 2309 1432 2382 celsitudinis

296 2421 422 2488 obtutui
439 2418 618 2506 producere
634 2423 834 2500 satagerunt.
859 2415 897 2483 In
915 2415 1007 2484 euius
1024 2418 1136 2504 prime,
1153 2418 1308 2487 videlicet
1316 2420 1432 2506 ipsius

294 2525 418 2596 domini
432 2525 577 2594 Ladislai
592 2523 692 2608 Regis
708 2523 875 2610 priuilegij
894 2533 1007 2592 tenore
1022 2545 1108 2593 anno
1139 2526 1273 2592 Domini
1303 2527 1434 2595 liuor

294 2633 538 2722 septuagesimo
553 2639 676 2718 quarto,
692 2629 931 2716 decimoquinto
947 2631 1109 2701 kalendas
1126 2632 1339 2720 Septembris,
1362 2635 1433 2700 Re-

292 2746 350 2828 gni
366 2747 475 2809 autem
490 2740 540 2809 sui
556 2759 644 2807 anno
660 2737 801 2806 secundo
817 2739 958 2806 emanati
968 2740 1213 2827 enucleabatur,
1229 2741 1316 2825 quod
1333 2741 1431 2810 idem

291 2849 444 2920 dominus
459 2846 631 2914 Ladislaus
647 2847 717 2912 Rex
732 2843 947 2914 consideratis
971 2843 1188 2915 fidelitatibus
1214 2855 1247 2915 et
1276 2847 1431 2917 bdelium

290 2957 502 3026 seruieiorum
518 2953 642 3022 meritis
657 2951 767 3038 'Preph
782 2951 841 3038 filij
854 2951 1014 3020 Johannis
1025 2952 1133 3021 tidelis
1143 2957 1205 3042 sui,
1221 2957 1432 3042 temporibus

291 3073 326 3134 et
340 3065 423 3133 locis
438 3061 627 3150 opportunis
643 3061 705 3130 sibi
719 3060 886 3149 impensis,
902 3061 1067 3145 quandam
1084 3068 1206 3130 terram
1231 3063 1338 3130 (lustri
1369 3065 1434 3131 sui

294 3169 509 3259 symigiensis
527 3165 655 3236 Kulked
669 3171 827 3252 vocatam,
844 3169 917 3235 usui
934 3169 1032 3235 trium
1048 3176 1232 3249 aratrorum
1258 3169 1437 3238 sufficien-

288 3287 366 3366 tem,
397 3297 495 3364 super
510 3296 574 3362 qna
588 3283 726 3360 quatuor
741 3281 926 3343 castrenses
942 3275 1148 3360 resedissent,
1181 3296 1255 3344 eum
1272 3275 1438 3347 omnibus

292 3387 362 3453 suis
378 3383 576 3451 utilitatibus
593 3389 626 3452 et
640 3381 851 3468 pertinencijs
883 3383 1057 3470 uniuersis,
1090 3383 1152 3451 sub
1180 3385 1248 3452 suis
1276 3384 1364 3450 reris
1393 3391 1436 3451 et

294 3491 440 3575 antiquis
456 3493 562 3575 metis,
594 3489 711 3574 quibus
726 3489 841 3557 eadem
857 3509 959 3576 usque
989 3495 1065 3558 tune
1095 3509 1155 3576 per
1186 3491 1315 3576 priores
1345 3510 1436 3560 suos

291 3619 498 3688 possessores
513 3598 627 3665 hahita
642 3596 759 3665 suisset
775 3603 807 3664 et
839 3615 1000 3684 possessa,
1031 3617 1053 3664 a
1083 3596 1312 3666 iurisdiccione
1342 3595 1441 3668 dieti

290 3705 400 3775 carni
416 3705 600 3792 eximendo,
632 3704 738 3772 eidem
753 3703 867 3791 Trepk
882 3713 915 3772 et
930 3703 998 3774 suis
1013 3705 1187 3775 heredibus
1202 3727 1243 3774 ac
1257 3725 1444 3778 auoomso—

287 3817 380 3886 ribus
397 3813 431 3880 in
447 3819 640 3900 perpetuum
654 3811 802 3880 dedisset
826 3819 858 3880 et
885 3814 1088 3901 contulisset,
1120 3822 1153 3882 et
1184 3833 1243 3902 per
1274 3813 1443 3884 Zethend

289 3923 393 3992 filium
418 3920 501 3988 Both
525 3918 688 3988 hominem
719 3939 811 3987 suum
843 3920 1021 4006 specialem
1052 3929 1206 4009 presente
1235 3920 1448 3995 testimonio

285 4031 474 4100 Oonuentus
490 4026 705 4114 Symigienrts
729 4025 836 4112 ipsum
866 4027 978 4114 'Prepk
1008 4028 1044 4095 in
1074 4027 1252 4098 dominium
1277 4029 1446 4101 eiusdem

287 4147 373 4208 terre
389 4133 552 4206 introduoi
567 4135 707 4222 leuissot,
736 4133 830 4202 saluo
846 4139 955 4203 tamen
971 4136 1042 4204 iure
1058 4135 1139 4207 dicti
1170 4135 1362 4206 Oonuemus
1397 4149 1451 4210 et

286 4245 431 4333 capituli
463 4241 737 4330 vesprimiensis,
788 4241 875 4328 quod
916 4241 951 4310 in
983 4243 1097 4314 eadem
1127 4243 1266 4314 Kulhed
1296 4243 1452 4319 mixtim

285 4353 408 4422 habere
424 4351 503 4419 dicti
518 4351 665 4438 luissent,
682 4355 880 4420 remanente
896 4351 1038 4436 Reliqua
1046 4371 1135 4438 uero,
1153 4349 1453 4438 videlicetipsiun

288 4459 411 4527 domiui
428 4457 558 4526 Andree
573 4457 673 4544 Regis
688 4454 899 4544 priuilegium
914 4477 1010 4524 auno·
1034 4457 1166 4527 Domini
1181 4457 1308 4526 bttdiitt
1323 4479 1459 4534 nona.-

287 4565 412 4653 gesimo
427 4565 531 4652 primo
546 4564 671 4634 decimo
687 4561 846 4632 kalendas
862 4562 1013 4654 Augusti,
1028 4563 1135 4652 Regni
1151 4571 1262 4634 autem
1274 4565 1329 4633 sni
1339 4585 1466 4642 anno
