3112 5154
603 965 679 1032 too.

90 1159 273 1228 Acauczmat'
288 1163 523 1252 kdpcatannak
537 1161 809 1250 br'zonpacipleuedc,
841 1165 926 1252 Irnpy
958 1163 1137 1252 Bopdoazld
1168 1169 1200 1232 da

90 1269 178 1334 Ponto
207 1269 342 1358 (deripi
368 1271 606 1358 vcirjodbdqyok
635 1272 746 1358 proripi
778 1271 1042 1340 drdkbirtokuicnt
1074 1273 1201 1338 elamet

394 1377 511 1460 Jacob,
528 1373 627 1464 Scapt
637 1378 766 1460 firiank.
787 1381 884 1448 1278.

177 1571 244 1640 Nos
260 1572 448 1658 Capitulum
467 1572 675 1642 Chasmensis
692 1575 837 1643 Ecclesia
854 1583 964 1644 tenore
996 1576 1198 1660 presencium

88 1677 477 1770 significamus'vninerais,
494 1679 581 1768 quod
596 1682 782 1768 Bogdonlou
798 1691 831 1750 et
847 1683 956 1751 Pouaa
980 1683 1037 1768 filij
1071 1684 1196 1754 Zouauui

87 1793 199 1869 aparte
214 1809 288 1874 rna,
316 1791 362 1856 ab
378 1789 606 1857 alternantem
622 1789 766 1858 Jacobus
781 1789 866 1858 fitius
883 1789 987 1877 Stepk
1005 1789 1197 1875 iobagioues

18 1927 19 1942 κ
89 1891 231 1964 dastride
248 1895 356 1981 Garig
382 1917 488 1965 coram
520 1897 614 1966 nobis
645 1899 862 1984 personaliter
891 1897 1067 1984 constituti,
1098 1897 1197 1982 ijdem

87 1999 252 2086 Bogdoalou
270 2011 302 2072 et
318 2005 429 2072 Pousa
445 2013 562 2073 terram
574 2025 682 2073 eorum
695 2006 925 2074 hereditariam
941 2008 974 2072 iu
987 2005 1099 2094 Garig,
1111 2005 1195 2070 inter

86 2115 173 2176 terras
187 2109 289 2197 ipsius
306 2111 425 2180 Jacobi
442 2119 474 2180 et
490 2112 624 2180 fratrum
641 2134 782 2202 suorum,
798 2111 904 2198 Alexij
922 2110 980 2196 filij
995 2111 1096 2200 Zonk,
1113 2111 1198 2196 Bog-

18 2281 20 2290 ,
87 2213 150 2283 dani
164 2217 218 2304 tiiij
235 2219 347 2304 Ztoik,
380 2229 412 2288 ct
427 2221 584 2308 Stephani
601 2222 659 2312 tilij
678 2220 835 2308 Stephani
861 2221 1064 2301 existentem,
1096 2220 1196 2307 ipsos,

18 2331 20 2400 i
88 2329 116 2389 ut
130 2324 273 2394 dixerunt
289 2327 503 2414 proposcioue
520 2329 769 2415 contingentem,
780 2327 922 2395 totaliter·
938 2333 970 2394 et
985 2327 1115 2394 omniuo
1125 2349 1198 2394 cum

18 2487 20 2508 ,
86 2430 582 2522 duabusviueis,nnauidelicet
605 2439 639 2504 in
673 2437 785 2504 eadem
817 2436 987 2521 existente,
1019 2434 1089 2502 alia
1120 2455 1196 2502 uero

18 2525 20 2628 ζ
87 2559 169 2628 nuper
184 2547 270 2612 terra
286 2543 367 2610 dieti
384 2543 540 2632 Stephani
556 2547 742 2634 constituta,
759 2566 799 2613 ac
815 2543 963 2612 omnibus
980 2542 1056 2629 alija
1074 2543 1197 2610 utilita-

86 2647 158 2715 titns
172 2655 204 2717 et
220 2651 411 2736 attinenciis
428 2653 495 2719 suis
511 2651 649 2720 confessi
667 2659 742 2720 suut
754 2649 938 2720 uendidisse
950 2647 1053 2717 cidem
1064 2649 1199 2734 Jacnbo,

87 2752 201 2842 suisque
217 2777 278 2843 per
295 2778 372 2826 eum
389 2757 570 2843 heredibus,
602 2780 660 2846 pro
678 2759 787 2826 dcccm
813 2759 929 2825 marcis
962 2757 1059 2842 piene
1090 2776 1198 2824 coram

86 2865 164 2933 uobis
178 2868 325 2954 acceptis
339 2867 414 2952 jure
430 2873 585 2952 perpetuo
602 2866 832 2954 possidendam
844 2863 1082 2932 ethabendam.
1099 2863 1199 2930 Cuius

85 2977 154 3040 terra
168 2982 260 3060 mete,
276 2975 366 3042 sicat
381 2975 475 3041 homo
492 2983 611 3061 noster,
638 2995 734 3059 quem
751 2973 795 3040 ad
814 2973 930 3040 taciem
947 2971 1051 3059 ipsine
1067 2970 1198 3038 misera·

85 3095 152 3167 nus,
166 3082 258 3149 nobis
276 3080 436 3166 recitauit,
453 3081 655 3165 presentibus
673 3079 903 3148 commetaneis
920 3085 953 3146 et
968 3077 1083 3145 uicinis
1110 3079 1198 3164 paci·

85 3189 132 3253 tice
145 3195 176 3257 et
191 3191 301 3275 quiete
317 3198 424 3258 erecte
438 3189 547 3258 taliter
563 3189 801 3276 distinguntur:
818 3187 978 3256 Videlicet
993 3187 1098 3273 prima
1108 3195 1198 3257 meta

84 3293 183 3380 incipit
197 3319 218 3366 a
234 3303 331 3385 purte
347 3297 497 3365 orientali
512 3297 601 3364 iuxta
617 3303 736 3364 terram
761 3295 899 3362 fitiorum
926 3294 1026 3377 Stepk
1058 3293 1197 3382 predicti

85 3403 227 3491 incapite
243 3405 342 3475 unius
358 3405 579 3492 siccewallis,
613 3405 667 3472 ubi
700 3413 750 3472 est
780 3411 868 3472 meta
898 3408 1022 3487 terrea;
1046 3401 1124 3470 iude
1154 3403 1198 3469 ad

84 3510 157 3578 uiam
172 3535 274 3600 usque
292 3514 470 3598 procedens
487 3513 577 3582 uenit
593 3513 626 3579 in
644 3518 744 3598 capnt
760 3512 856 3580 valtis
872 3509 1041 3579 Ztermech
1072 3517 1197 3600 uocato,

84 3619 130 3685 ubi
145 3629 191 3689 cst
207 3631 298 3691 meta
313 3629 436 3708 terrca3
462 3622 537 3688 inde
553 3641 611 3706 per
627 3621 765 3689 eandem
784 3621 915 3687 svatlem
931 3620 965 3686 iu
990 3619 1060 3686 rino
1085 3637 1198 3706 proce·

84 3727 153 3796 dena
168 3731 302 3798 inferius
319 3730 387 3798 exit
401 3729 444 3797 ad
461 3751 558 3798 uuum
576 3738 720 3818 puteum,
736 3729 790 3796 ubi
807 3735 856 3795 est
872 3735 960 3794 meta
976 3733 1104 3811 terrea;
1120 3725 1199 3793 inde

85 3837 217 3918 procedit
234 3840 329 3906 iuxta
345 3838 461 3906 siluam
477 3857 591 3906 uersus
607 3837 772 3903 meridiem
786 3861 793 3923 3
817 3833 936 3905 deiude
951 3835 1042 3902 iuxta
1066 3831 1198 3900 arbores

84 3941 131 4008 bik
146 3947 232 4014 uenit
248 3946 292 4012 ad
309 3954 427 4013 metam
443 3953 602 4028 terream3
626 3945 702 4012 inde
718 3944 897 4032 procedens
925 3961 1038 4010 uersus
1069 3946 1196 4027 partem

84 4051 252 4122 occidentis
269 4055 421 4140 peruenit
435 4051 479 4121 ad
496 4055 594 4140 uiam,
626 4055 718 4120 iuxta
743 4075 841 4138 qnnm
873 4057 923 4118 cst
954 4056 1040 4116 meta
1070 4055 1196 4130 terrea;

83 4155 145 4224 iude
160 4159 283 4227 directe
299 4162 477 4246 procedens
492 4162 627 4230 iuferius
644 4161 733 4228 cadit
749 4161 783 4228 in
799 4157 929 4226 fluuium
947 4153 1061 4222 Dinich
1075 4153 1196 4220 dictum

83 4275 296 4335 commetaneo
312 4273 445 4338 actenus
460 4269 606 4356 predicto
629 4269 747 4336 Alexio
779 4265 959 4349 existente;
981 4261 1057 4330 inde
1071 4259 1073 4264 ’
1089 4279 1197 4348 proce·

84 4371 152 4440 dens
167 4379 320 4462 superius
336 4375 404 4442 exit
420 4377 463 4446 ad
478 4378 610 4445 wailem
629 4374 790 4444 Kasuidol
806 4379 965 4456 uocatam,
992 4375 1025 4434 in
1041 4389 1107 4452 qua
1123 4389 1198 4458 pro·

84 4479 191 4550 cadens
208 4483 299 4550 uenit
312 4484 355 4550 ad
372 4491 471 4569 capnt
487 4483 633 4552 eiusdem
651 4483 748 4551 vallis
764 4481 807 4548 ad
823 4499 922 4546 uuam
938 4477 1036 4561 viam,
1067 4473 1100 4541 iu
1132 4495 1198 4560 qua
1244 4505 1246 4510 v

84 4589 250 4670 procedens
267 4611 382 4660 narsus
398 4583 596 4660 occidentem
612 4592 643 4658 in
661 4611 779 4675 magun
796 4589 906 4675 spacio
921 4584 1011 4654 uenit
1027 4580 1070 4650 ad
1095 4583 1194 4650 aliam

178 4725 284 4772 mortu.
300 4727 383 4770 nune.
401 4729 469 4769 uren.
486 4739 529 4750 -
545 4730 617 4770 nurui.
633 4729 700 4771 xnus.
1050 4697 1089 4764 16
