3096 5160
14 1219 16 1266 V
81 1248 188 1311 lama
202 1245 420 1330 lcirdlyudnalc
439 1241 606 1310 Gcmcbccl
621 1245 781 1331 belpse‘qct
795 1247 953 1332 tcirqyaad
966 1246 1149 1332 adomuoya
1172 1273 1193 1314 a

266 1353 458 1438 npttsztpect
473 1353 705 1438 apruzozordu
720 1352 877 1420 raumara.
900 1351 993 1421 1291.

172 1587 334 1654 Feneuna
348 1583 410 1652 Dei
426 1584 539 1669 gracia
554 1585 683 1670 Regina
709 1586 879 1670 Hungario
903 1589 1052 1658 omnibus
1086 1588 1198 1657 Christ

14 1765 15 1772 χ
83 1693 223 1760 fidelibus
238 1701 410 1778 presentes
434 1693 559 1760 litteras
590 1691 787 1776 inspecturis
818 1693 956 1762 salutern
988 1697 1023 1761 in
1055 1697 1211 1764 omniuur

14 1851 15 1896 ζ
83 1803 246 1870 saluatore.
271 1803 374 1867 Decet
389 1799 629 1867 Excellenciam
646 1799 835 1886 Reginalcm
851 1803 937 1869 bone
954 1805 1001 1870 rci
1018 1803 1099 1872 dara
1124 1825 1197 1872 con·

81 1910 196 1994 cultum,
229 1915 263 1976 et
278 1915 460 1976 eternorum
477 1907 597 1976 intuitu
613 1909 835 1976 munificencia
851 1929 908 1978 sue
925 1909 1061 1982 dextera
1076 1913 1196 1980 cultum

83 2017 222 2084 extollere
237 2016 439 2104 Diuinorum,
457 2023 493 2084 ut
509 2017 543 2082 in
559 2015 676 2085 dandis
693 2017 879 2085 muneribus
889 2037 984 2085 suum
997 2019 1197 2086 commendet

83 2133 220 2214 actorem,
252 2126 309 2209 qui
325 2133 417 2193 tanto
433 2125 559 2192 maiora
573 2125 694 2211 tribuit,
725 2132 847 2210 quanto
862 2145 920 2210 pcr
936 2146 1010 2194 eum
1026 2126 1195 2212 diguitatis

14 2255 15 2330 ᾗ
83 2251 130 2298 suc
143 2233 283 2318 gloriam
298 2233 418 2301 viderit
433 2233 649 2319 augmentari.
665 2233 805 2302 Proinde
820 2232 865 2299 ad
880 2233 1104 2302 uniuersorum
1115 2235 1197 2302 noti-

14 2401 15 2406 ,
86 2341 157 2406 ciam
172 2341 289 2407 barum
306 2343 391 2408 sarie
406 2341 556 2408 uolumus
572 2341 752 2426 peruenire,
784 2340 871 2425 quod
887 2361 945 2408 nos
976 2339 1019 2407 ad
1050 2341 1197 2410 dcuooio·

14 2473 15 2476 *
84 2468 143 2513 nem
158 2455 190 2514 et
205 2469 350 2516 amorem
365 2447 478 2516 Diuini
495 2449 652 2536 Nominis,
684 2453 718 2516 ct
743 2447 887 2531 Virginis
919 2447 1065 2516 Gloriosa
1098 2451 1198 2518 Beate

86 2553 175 2622 Varie
190 2553 368 2622 Genitricis
385 2555 455 2639 Dei,
473 2555 637 2623 nobilibus
651 2575 709 2624 ser
724 2555 886 2640 religiosis
902 2555 1096 2624 dominabus
1111 2577 1197 2624 soro·

84 2661 160 2731 ribus
176 2661 479 2730 sanctimonialibus
495 2662 536 2728 de
552 2662 664 2729 Insula
680 2663 781 2730 Beate
806 2660 951 2746 Virginis
977 2663 1048 2730 Deo
1079 2665 1198 2752 iugiter

14 2831 15 2844 ,
83 2767 315 2853 famulantibus,
341 2768 503 2852 quandam
520 2773 640 2836 terram
659 2775 804 2836 nostram
820 2769 1011 2854 Regiualcm
1027 2769 1197 2839 Grumchud

14 2927 15 2962 ,
83 2883 217 2944 uocatam
235 2875 270 2941 in
287 2875 448 2943 Comitatu
463 2875 597 2944 Albensi
615 2876 816 2964 existentem,
848 2896 921 2944 cnm
937 2877 1086 2945 omnibus
1111 2878 1197 2944 utili·

14 3003 15 3036 1
82 2983 190 3050 tatibus
204 2984 275 3050 suis
292 2989 325 3049 ct
340 2983 526 3068 attinencijs
541 2983 712 3068 uniuersis,
737 2983 842 3069 pratis
859 2983 1021 3070 uidelicet,
1052 2984 1197 3072 piscinis,

82 3097 109 3154 ct
120 3091 221 3158 tribus
238 3089 365 3177 insulis,
382 3091 473 3159 Fuen
488 3091 652 3178 uidelicet,
670 3092 816 3178 Dycnus,
833 3090 966 3177 Sumloy
980 3091 1115 3178 vocatis,
1144 3091 1198 3160 de-

14 3185 16 3226 ³
82 3199 189 3288 dimus,
220 3199 414 3268 donabimus
432 3207 464 3268 ct
479 3200 673 3270 contulimus
690 3199 784 3268 dictis
799 3202 975 3288 sororibus,
1008 3207 1041 3268 ct
1056 3219 1114 3286 por
1141 3219 1197 3268 cas

14 3369 16 3412 ,
80 3307 217 3375 meleta
232 3307 336 3375 Beate
353 3309 497 3394 Virginis
513 3309 554 3376 dc
571 3309 684 3376 Insula
698 3311 767 3375 iure
783 3315 940 3396 perpetuo
966 3306 1100 3394 pacifice
1125 3328 1198 3394 pos-

14 3415 15 3432 *
80 3414 240 3482 ridendam
258 3421 290 3480 ct
305 3413 498 3484 habendam.
522 3417 608 3484 Mete
624 3423 744 3500 autem,
771 3414 855 3482 siout
871 3416 905 3482 in
920 3415 1040 3482 litteris
1057 3413 1198 3502 Capituli

14 3507 15 3540 l
80 3523 232 3592 Budensis
249 3523 381 3589 domino
397 3529 508 3591 nostro
524 3523 700 3590 karissimo
717 3522 846 3590 Andrce
861 3522 925 3589 Dei
942 3523 1055 3608 grauia
1080 3524 1198 3592 illustri

14 3649 16 3710 ἱ
79 3629 155 3716 Regi
168 3631 341 3716 Hungaric
358 3631 491 3698 directis
508 3629 648 3699 vidimus
664 3631 830 3716 contineri,
860 3631 921 3698 hoc
947 3629 1059 3698 ordine
1085 3629 1199 3699 distin·

14 3749 16 3768 *
80 3749 191 3822 guntur
208 3765 216 3806 :
233 3739 346 3806 Prima
360 3738 519 3822 siquidem
536 3746 624 3806 meta
638 3737 752 3825 incipit
767 3757 789 3804 a
805 3745 900 3825 parte
925 3737 1076 3806 orientali
1106 3739 1198 3806 iuxta

79 3847 268 3932 Danubium,
300 3853 332 3913 ct
347 3854 424 3914 sunt
438 3846 484 3913 ibi
498 3845 562 3913 duc
578 3853 666 3913 mota
696 3853 821 3913 ueteres
845 3846 1031 3931 angulares,
1063 3865 1198 3931 quarum

14 3943 15 4028 ³
78 3975 139 4025 una
154 3955 304 4040 distingit
319 3961 439 4022 terram
455 3953 605 4022 Ecclesia
622 3953 766 4039 Capituli
792 3953 953 4022 Budensis
983 3953 1072 4040 Saap
1103 3972 1199 4021 uoca-

14 4131 16 4164 ,
79 4069 149 4150 tam,
165 4065 231 4134 alia
246 4073 368 4132 terram
385 4062 574 4147 Gumchud3
597 4061 716 4160 deinde
731 4062 824 4131 uadit
838 4062 882 4129 ad
907 4067 1034 4146 partem
1060 4061 1198 4130 orienta-

14 4223 15 4260 ,
79 4175 136 4240 lem
153 4174 197 4242 ad
211 4174 296 4244 duas
312 4181 427 4260 metas,
444 4190 580 4256 quarum
596 4191 662 4238 una
678 4170 825 4256 distingit
848 4176 881 4236 et
907 4175 1042 4255 separat
1072 4178 1195 4236 terram

14 4305 15 4364 ῃ
79 4279 186 4370 Opoy5
209 4282 329 4352 deinde
343 4281 449 4350 tendit
464 4299 577 4350 uersus
594 4277 761 4347 meridiem
778 4278 820 4346 ad
836 4298 989 4363 magnam
1006 4277 1105 4363 uiam,
1131 4295 1197 4357 qua

14 4399 15 4410 ³
79 4390 139 4458 itur
154 4390 199 4457 ad
213 4391 327 4458 villam
344 4388 515 4457 Okozthov
530 4385 574 4454 ad
599 4387 682 4454 duas
713 4392 838 4468 mctss;
863 4383 983 4452 abhinc
1013 4383 1124 4469 pergit
1155 4381 1198 4450 ad

14 4505 15 4576 l
79 4505 200 4582 partem
216 4499 460 4567 meridionalem
479 4497 521 4564 ad
547 4495 629 4564 duas
661 4501 774 4580 metas,
807 4513 942 4578 quarum
972 4512 1038 4560 una
1067 4497 1199 4576 separat

79 4615 193 4678 terram
209 4607 344 4693 Achati,
367 4605 485 4674 dehinc
500 4605 646 4694 procedit
661 4604 705 4672 od
720 4604 803 4673 duas
828 4609 943 4692 metas,
972 4617 1107 4686 quarum
1133 4617 1199 4670 una
