3148 5164
833 285 992 384 Q

346 488 504 564 tanquam
521 479 610 546 socio
625 499 684 546 suo
699 477 887 565 confideret,
903 479 989 547 idem
1006 479 1164 562 Magister
1175 479 1328 564 Mychael
1347 481 1485 564 priuile-

348 587 437 674 ginm
453 585 515 652 sub
533 584 638 670 sigillo
655 603 713 652 suc
729 585 932 672 superfacto
948 586 1093 674 predicte
1119 587 1338 672 possessionis
1364 595 1483 654 contra

348 693 479 762 easdem
498 691 644 760 dominas
661 711 789 760 sorores
805 693 930 780 absque
945 714 1003 761 suo
1020 693 1104 760 scitu
1121 701 1154 760 et
1181 713 1346 762 consensu
1374 693 1482 761 eidem

349 799 467 868 Comiti
482 799 605 866 Jacobo
622 799 752 868 dedisse
767 799 927 868 diceretur
943 797 1027 868 falso
1045 799 1139 868 mode
1156 806 1188 866 ct
1203 800 1339 886 penitus
1363 809 1482 868 contm

338 906 418 992 jura
435 931 444 992 ;
465 906 549 974 vnde
566 907 594 974 si
611 905 658 973 ita
673 915 759 976 esset
774 909 859 975 sicut
874 906 1045 996 diceretur,
1061 907 1272 993 priuilegium
1290 907 1351 974 sub
1367 908 1482 993 sigillo

348 1033 407 1081 sno
424 1019 536 1080 contra
552 1013 682 1082 easdem
699 1011 848 1083 dominas
865 1033 994 1084 sorores
1009 1035 1107 1100 snper
1123 1015 1211 1082 lactu
1230 1014 1378 1082 eiusdem
1407 1035 1486 1100 pos·

345 1119 500 1188 sessionis
517 1119 640 1207 Vaynlo
655 1139 712 1206 per
728 1121 865 1188 eundem
882 1119 1039 1189 Comitem
1055 1122 1213 1188 Jacobum
1225 1143 1282 1208 per
1292 1121 1485 1189 huiusmodi

346 1228 508 1314 fraudem,
524 1226 731 1296 dolositatem
748 1235 780 1294 et
795 1227 961 1296 maliciam
979 1231 1144 1297 obtentum
1161 1236 1327 1296 cassasset
1354 1235 1391 1294 et
1423 1249 1483 1314 per

343 1335 454 1402 omnia
469 1333 628 1402 irritasset
636 1353 646 1419 ;
671 1333 718 1401 ita
733 1333 885 1404 videlicet
901 1341 933 1402 ut
949 1335 1215 1420 quandocunque,
1235 1335 1432 1420 ubicumque
1450 1342 1485 1402 et

346 1461 405 1526 per
422 1460 644 1526 quemcunque
660 1441 766 1526 ipsum
782 1441 988 1528 priuilegium
1005 1442 1037 1508 in
1054 1442 1160 1509 lucem
1176 1439 1353 1508 deductum
1369 1443 1487 1526 fieret,

345 1547 470 1615 viribus
486 1553 612 1616 sereret
626 1547 787 1617 firmitatis
801 1550 865 1616 stb.
889 1549 1010 1618 Datum
1044 1546 1134 1615 Bude
1165 1549 1392 1636 octuagesimo
1425 1549 1484 1618 die

344 1661 530 1722 octonarum
548 1655 621 1723 festi
638 1656 731 1724 Beati
748 1655 880 1744 Georgij
895 1655 1039 1726 martiris
1055 1675 1141 1724 anne
1158 1657 1291 1724 Domini
1303 1655 1485 1723 millesimo

344 1761 571 1830 trecentesimo
586 1765 808 1866 octuagesimo
825 1771 950 1850 quarto.

347 1961 521 2024 (Credetiea
538 1962 625 2013 budai
643 1961 696 2012 kir.
716 1961 845 2012 kamarai
864 1961 1048 2012 leveltarben.
1080 1959 1123 2010 Aa
1142 1961 1224 2012 itelet
1243 1951 1324 2026 teljes
1343 1963 1485 2026 azovegs'st

381 2051 443 2100 llsd
462 2050 698 2116 Olumduytdruuk
717 2051 751 2100 X.
771 2051 870 2115 vagyis
889 2065 907 2101 a
924 2050 1053 2102 mdsodik
1071 2051 1179 2116 lolyem
1197 2049 1247 2102 lv.
1260 2050 1318 2100 kot-
1335 2053 1396 2100 196.
1412 2050 1445 2116 l.)

871 2865 951 2936 460.

347 3061 435 3128 Glak
459 3064 689 3150 nemaelsdpbela'
712 3065 805 3130 Mdtd
816 3064 1083 3150 fdloua'azmeatcr
1114 3064 1187 3130 kara·
1220 3087 1258 3130 uz
1291 3073 1479 3155 campum-i

343 3171 527 3258 kdptuluut,
566 3175 651 3256 luopy
689 3195 711 3234 c
744 3173 876 3256 syddimi
907 3173 1129 3257 ldptolaanule
1161 3196 1183 3237 a
1215 3173 1302 3240 luza
1328 3186 1362 3240 es
1386 3175 1478 3240 Peter

342 3278 434 3344 Buce
458 3279 629 3344 oaeatercck
650 3279 698 3362 fia
722 3280 795 3342 ledat
817 3279 931 3344 tdrtdut
955 3278 1156 3344 siracusanae
1175 3282 1330 3366 tdrpyazo'
1347 3282 1476 3365 bizooy-
1568 3331 1569 3336 η

690 3385 857 3472 adplaudet
881 3389 997 3470 dtlrjc.
1022 3385 1124 3450 1295.
1568 3383 1569 3402 ¹

378 3551 381 3558 ⁵
450 3579 606 3647 Discretis
637 3577 715 3646 viris
746 3579 862 3646 amicis
894 3580 961 3646 suis
980 3577 1132 3664 Capitale
1163 3579 1309 3647 Ecclesie
1342 3583 1476 3667 strigo·

342 3687 467 3756 niensis
483 3687 631 3752 Matheus
647 3685 803 3770 Magister
819 3687 1008 3770 Agasonum
1026 3685 1148 3752 domini
1175 3686 1275 3768 Regis
1292 3697 1324 3754 et
1357 3690 1479 3757 Comes

343 3795 550 3866 Posuniensis
577 3797 725 3862 amicicie
750 3796 932 3862 continuum
960 3799 1202 3862 incrementum.
1218 3795 1479 3864 Transmisimns
1567 3811 1568 3836 ¹

342 3905 385 3972 ad
402 3923 460 3972 vos
475 3906 545 3972 viee
562 3911 594 3971 st
612 3905 683 3972 loco
699 3903 800 3970 nostri
827 3903 983 3968 Comitem
1016 3900 1144 3968 Petrum
1176 3903 1277 3968 filium
1310 3903 1479 3991 Zcbczlay

340 4033 439 4100 super
469 4011 692 4078 concambium
719 4019 751 4076 et
766 4011 1052 4077 commutacionem
1069 4030 1140 4076 cum
1156 4011 1253 4076 Petro
1271 4009 1335 4076 filio
1349 4012 1478 4094 Magis-

340 4121 380 4187 tri
398 4123 484 4186 Baris
503 4119 632 4206 lactans,
650 4125 798 4204 petentes
814 4155 1160 4169 ------
1176 4125 1336 4200 quatenus
1361 4121 1475 4203 ipsam

339 4227 636 4310 commutacionem,
668 4225 940 4310 quemadmodum
973 4228 1006 4291 in
1037 4227 1155 4292 litteris
1189 4225 1332 4310 Capituli
1357 4225 1475 4310 Nytri-
1566 4219 1567 4264 ἶ

339 4334 427 4400 ensis
447 4333 602 4399 uidebitis
619 4336 788 4420 contineri,
811 4337 911 4401 uestri
943 4335 1057 4420 gracia
1089 4333 1255 4418 priuilegij
1289 4331 1474 4415 dignemin-

338 4441 501 4507 roborare.
536 4441 635 4506 Cuius
667 4441 796 4522 quidem
817 4441 984 4526 priuilegij
1002 4441 1186 4526 Nytrieusie
1204 4437 1343 4526 Capituli
1358 4445 1472 4508 tenori

336 4548 412 4614 talis
430 4555 497 4612 est:
