3068 5150
772 297 932 400 js-

287 497 400 583 gracie
415 495 535 564 M⁸OC⁰
551 495 769 580 octuagesimo
785 471 947 577 secundc;
971 491 1107 562 Lectore
1123 498 1234 562 nostro
1256 491 1407 578 Magistro

287 603 515 674 Bauholomec
531 602 699 672 existente.

289 802 328 865 (Δ
357 802 465 866 nyitrei
495 801 688 867 kaptaiannak
721 798 832 850 1325·ki
861 796 1035 862 etimtib015
1075 795 1303 863 Mam-Suombat
1335 797 1412 848 utros

748 887 962 950 leveltiribsn.)

721 1169 989 1186 m

820 1701 897 1770 310.

292 1908 325 1972 A
336 1905 428 1990 ptest
441 1901 669 1991 keiptcicnnuio
685 1897 920 1988 tb'ruaayiceztei
927 1901 1083 1986 jetentcse
1093 1899 1117 1964 I
1124 1897 1157 1964 V.
1167 1900 1285 1966 Leiszio'
1295 1899 1419 1983 iris-eiig-

293 2013 455 2098 1202,ng
470 2009 619 2096 biaonyco
636 2007 776 2095 addesco
783 2005 910 2096 foeben
926 2007 1050 2095 Kemyn
1065 2009 1235 2073 meeteunek
1258 2006 1420 2091 Boranga

293 2119 418 2205 megyec'
427 2118 526 2202 janai
541 2115 782 2204 iesoglaituttuk
802 2093 907 2184 όυάνί
921 2113 1059 2182 Korsiai
1075 2125 1186 2183 mester·
1202 2117 1234 2180 έε
1242 2115 1294 2198 fia
1310 2115 1419 2180 Jatat

733 2225 868 2291 re'szcre.
883 2222 981 2288 1282.

402 2415 684 2486 Excellentissimo
701 2417 834 2486 domino
849 2437 909 2488 suc
924 2415 1083 2484 Ladiuiao
1099 2415 1160 2484 Dei
1175 2417 1289 2504 grauis
1305 2417 1417 2484 inclito

294 2523 378 2613 Regi
393 2523 563 2612 Hungarie
588 2523 773 2612 Capitulum
806 2523 1157 2608 Quinqueecolesiense
1188 2523 1357 2592 oraciones
1387 2523 1421 2588 in

296 2629 448 2700 Domino.
464 2629 594 2703 Litteris
611 2631 825 2700 celsitudinis
841 2630 957 2700 Uestre
972 2630 1111 2718 receptis
1127 2637 1322 2716 reuerenter,
1350 2650 1421 2697 cnm

296 2735 460 2806 Demetrio
477 2737 602 2808 Gemite
619 2737 659 2805 de
674 2739 806 2807 Barsna
821 2738 949 2807 homine
965 2745 1075 2807 uestro
1090 2737 1251 2807 bominem
1275 2745 1421 2805 nostrum

296 2845 532 2914 transmisimus
549 2845 755 2932 fideoignum,
788 2851 823 2913 ut
839 2863 948 2913 coram
964 2864 1003 2913 eo
1019 2847 1200 2913 secundum
1215 2845 1353 2913 formam
1369 2845 1422 2912 lit-

296 2959 441 3022 terarum
457 2961 639 3020 uestrarum
657 2973 715 3038 pro
742 2955 897 3022 trecentis
921 2951 1051 3038 marcis,
1081 2953 1115 3020 iu
1142 2951 1260 3038 quibus
1290 2953 1423 3024 racione

296 3057 487 3148 principalis
504 3058 606 3127 debiti
621 3079 685 3126 uon
703 3059 800 3127 soluti
815 3067 849 3127 et
880 3057 1048 3146 duplorum
1080 3059 1236 3146 Magister
1266 3059 1423 3128 Kominus

294 3167 380 3236 tilius
394 3167 530 3236 Comitis
546 3165 718 3253 Laurencij
746 3167 903 3236 aduersus
930 3167 1125 3256 Magistrum
1158 3168 1352 3236 Comercium
1384 3166 1424 3234 de

294 3271 394 3342 Owar
409 3282 442 3342 et
457 3273 559 3342 filium
575 3275 646 3343 eius
661 3274 819 3344 iacobum
835 3274 1037 3360 dignoscitur
1052 3273 1255 3359 remansisse,
1287 3274 1322 3340 in
1354 3292 1426 3360 pos·

294 3381 455 3450 sessiones
469 3379 572 3466 ipsius
588 3379 737 3472 Magistri
753 3381 894 3468 Kemyni
908 3381 942 3449 in
958 3382 1123 3449 Comitatus
1139 3380 1182 3449 de
1196 3382 1329 3448 Barsna
1353 3381 1421 3448 exi·

295 3493 430 3574 etentes,
448 3507 585 3573 quarum
601 3489 735 3556 nomina
751 3489 996 3577 subsequentur,
1024 3487 1127 3558 eidem
1158 3486 1317 3572 Magistro
1350 3485 1425 3556 (ior-

297 3593 394 3663 rcrdo
409 3602 442 3664 et
457 3595 526 3665 filio
541 3615 600 3664 sno
614 3597 738 3666 Jacobo
753 3599 934 3684 assignare,
962 3607 995 3666 et
1011 3597 1144 3668 eosdem
1161 3595 1194 3663 in
1211 3595 1335 3665 eisdem
1352 3615 1424 3683 pos·

296 3704 499 3772 sessionibus
514 3705 706 3774 auctoritate
720 3713 832 3774 uestra
847 3723 1054 3791 conseruare,
1085 3703 1190 3774 donec
1206 3704 1248 3772 de
1273 3702 1427 3790 dampnis

299 3819 333 3877 et
348 3809 390 3878 de
404 3808 532 3896 iniurijs
547 3831 606 3900 per
622 3812 759 3881 eundem
776 3811 958 3901 Kemynum
989 3811 1098 3896 ittutis,
1129 3810 1214 3879 iniis
1244 3825 1429 3897 competen-

299 3922 364 3986 tem
380 3916 562 4006 terminum,
579 3939 674 4005 quem
689 3917 786 3989 bomo
802 3929 909 3990 vester
925 3929 957 3990 et
972 3927 1083 3990 noster
1093 3917 1428 4003 duxerintassignan-

301 4027 390 4112 dum,
422 4047 482 4113 per
496 4027 607 4094 omnia
624 4025 722 4098 inerit
746 4028 960 4117 satisfactum,
990 4027 1134 4112 factique
1164 4027 1281 4096 seriem
1312 4027 1430 4097 Uestre

297 4135 553 4203 rescriberemus
567 4135 670 4221 Regio
684 4135 857 4204 Maiestati.
897 4135 1000 4222 quue
1015 4135 1112 4203 homo
1138 4141 1256 4223 noster,
1289 4154 1429 4203 mecum

297 4239 410 4309 There
425 4241 491 4311 filio
507 4241 595 4310 Bene
611 4245 652 4311 de
668 4243 824 4331 Herendy
840 4244 971 4314 bomine
987 4243 1133 4311 Demetri
1149 4240 1284 4310 Comitis
1300 4241 1342 4310 de
1367 4244 1431 4310 Ba·

299 4367 384 4417 rana
398 4349 540 4418 hominis
554 4350 655 4419 uestri
671 4349 715 4418 cd
730 4372 791 4421 nos
809 4352 948 4441 rediens,
974 4351 1070 4420 nobis
1086 4347 1198 4418 retulit
1221 4349 1301 4418 rius
1326 4370 1427 4419 voce:

298 4456 386 4542 qnod
401 4457 577 4529 secundum
594 4461 832 4528 continenciam
848 4460 918 4529 iam
935 4460 1096 4530 dictarum
1111 4458 1295 4528 litterarum
1307 4465 1433 4526 uestru-

299 4583 370 4632 rum
387 4565 459 4652 ipse
476 4562 591 4635 Comes
615 4565 797 4637 Demetrius
824 4565 920 4636 bomo
950 4575 1058 4638 uester
1089 4566 1172 4636 istas
1204 4565 1433 4654 possessiones
