3148 5164
850 951 926 1018 480.

320 1153 564 1237 Birtolcoaztciiy
581 1151 717 1216 Ldrt'uoz
734 1149 910 1232 eomesfiai
927 1153 957 1216 e's
982 1149 1113 1233 rutulos,
1145 1151 1268 1218 Milies
1294 1157 1457 1222 comesuek
1571 1165 1572 1202 ³

740 1257 793 1340 fio
809 1257 892 1320 lebat.
919 1258 1016 1323 1296.

430 1453 499 1520 Nos
533 1453 648 1520 Comes
680 1451 805 1537 Symon
821 1449 862 1516 de
880 1453 1011 1534 linzgon
1031 1451 1138 1519 Judax
1153 1453 1249 1521 Curie
1267 1453 1392 1522 domini
1407 1456 1458 1522 Si·
1571 1403 1572 1488 Ῐ

319 1561 484 1646 gismundi
500 1560 560 1626 Dei
578 1560 690 1644 grauia
704 1561 923 1626 Rornanorum
949 1561 1049 1645 Regis
1080 1563 1214 1646 sempe,
1244 1563 1397 1648 Augusti,
1413 1583 1455 1629 ω
1571 1565 1572 1588 r

319 1667 489 1750 Hungarie
520 1675 579 1733 eto.
596 1665 695 1752 Regis
712 1666 829 1732 damus
846 1685 903 1752 pro
920 1669 1084 1752 memoria,
1110 1667 1196 1751 quod
1213 1668 1396 1736 Pelbardns
1413 1671 1456 1736 de

319 1772 548 1842 llrdewthelek
564 1793 623 1857 pro
640 1774 742 1840 nobili
758 1773 891 1840 domiue
907 1775 1002 1840 Anna
1018 1781 1135 1842 vocate
1159 1796 1233 1842 enm
1265 1784 1455 1861 proeurato·

319 1884 378 1968 rijs
411 1882 529 1950 litteris
561 1879 705 1966 Capituli
735 1881 880 1948 hleolesie
913 1881 1082 1966 Agriensis
1100 1885 1161 1950 stb.
1178 1885 1213 1949 in
1233 1887 1361 1952 uetanis
1378 1885 1457 1952 sesti

320 1991 414 2060 Beati
430 1989 545 2058 Jaoobi
577 1988 725 2074 Apostoli
742 1989 776 2054 iu
808 1989 912 2074 figura
946 1991 1048 2058 nostri
1078 1989 1199 2076 Judioij
1235 1990 1456 2074 comparendo

318 2105 431 2166 eontra
460 2097 631 2166 Nicolaum
663 2103 695 2164 et
726 2095 927 2181 Stephanum
958 2097 1041 2163 lilios
1072 2099 1164 2164 l’elr'r
1181 2097 1239 2184 filij
1257 2099 1393 2184 Kyllani
1410 2100 1455 2166 de

316 2206 476 2292 hengeld,
493 2226 531 2273 ao
548 2206 684 2272 alterurn
710 2203 911 2288 Stephanum
941 2205 1041 2271 lilium
1073 2206 1169 2272 Pauli
1200 2206 1242 2274 de
1274 2206 1401 2292 eadem,
1419 2217 1453 2274 et

316 2312 455 2382 Paulum
487 2311 588 2380 lilium
606 2311 692 2378 Petri
707 2310 877 2396 Wayuode
904 2311 946 2380 de
962 2312 1067 2380 Vereb
1084 2315 1253 2398 proposuit
1271 2335 1307 2380 eo
1325 2313 1421 2380 niodo
1442 2341 1451 2380 :

316 2419 403 2506 qnod
417 2419 491 2503 ipss
507 2417 639 2483 domina
654 2419 752 2486 Anna
766 2435 896 2484 wnsors
911 2437 972 2485 sua
987 2425 1074 2486 esset
1096 2419 1165 2486 fllia
1196 2417 1318 2506 prolati
1350 2420 1451 2486 Nino·

318 2527 360 2594 lai
376 2526 418 2592 de
448 2523 568 2592 thha
599 2543 641 2590 ex
656 2525 759 2590 nobili
777 2523 908 2590 domina
924 2524 1092 2593 Elisabeth
1111 2531 1228 2592 voeats
1244 2525 1315 2591 lilia
1330 2527 1453 2593 nobilis

312 2634 442 2702 domine
457 2631 550 2716 lisga
566 2639 691 2715 vooate,
707 2631 773 2698 filie
788 2631 948 2708 ¹,Iohannis
964 2631 1021 2714 filij
1040 2631 1170 2698 Marini
1190 2631 1232 2698 do
1249 2631 1339 2699 diota
1364 2634 1461 2700 Len·-
1571 2699 1572 2708 ,

310 2741 388 2826 gold
417 2745 610 2826 propagata,
628 2738 821 2826 prelatoque
841 2738 973 2806 domina
987 2739 1136 2806 Elisabet
1151 2759 1219 2808 vna
1238 2759 1313 2808 oum
1330 2741 1454 2809 nobili·
1571 2749 1572 2772 ¹

312 2851 371 2917 bus
387 2845 581 2916 dominabus
597 2844 706 2913 Katha
721 2844 789 2911 lilia
804 2845 961 2931 Stephani
975 2844 1036 2929 filij
1054 2845 1187 2914 Martini
1221 2847 1264 2914 de
1299 2847 1465 2931 Leugeld.

254 2983 258 2988 ·
314 2955 348 3020 in
364 2953 523 3022 uniuersis
553 2953 679 3039 juribus
712 2953 978 3037 possessionariis
993 2952 1133 3020 oondarn
1149 2952 1272 3020 domiui
1288 2953 1455 3039 Stephani
1571 3041 1572 3044 Ἴ

314 3061 466 3130 custodis
482 3057 727 3144 Strigoniensis,
743 3067 775 3125 et
793 3059 926 3145 Georgij
955 3059 1104 3127 Cantoris
1135 3059 1305 3144 Agriensis
1338 3061 1455 3129 Eoole·

314 3171 445 3252 siarum,
469 3187 530 3234 nee
546 3187 610 3234 non
626 3165 770 3250 religiosi
787 3168 848 3234 viri
866 3165 976 3235 fratris
993 3167 1135 3236 Emeriei
1152 3167 1192 3234 de
1209 3167 1335 3237 Ordine
1351 3169 1457 3235 Here·

314 3278 463 3345 mitorum
479 3273 910 3360 SanotiPanliperoondam
922 3275 1087 3343 dominum
1104 3275 1307 3344 Lodouioum
1327 3275 1455 3359 Regem

317 3387 350 3450 in
366 3403 459 3452 veros
492 3383 627 3451 herodot
643 3389 676 3450 et
691 3382 854 3466 legitimos
883 3402 1088 3452 successores
1120 3383 1297 3450 eorundem
1326 3382 1456 3452 domini

315 3489 475 3576 Stephani
491 3489 641 3558 custodis
657 3490 900 3576 strigoniensis,
918 3498 952 3560 et
967 3489 1101 3577 Georgij
1118 3491 1279 3570 cantoris,
1296 3511 1360 3559 neo
1385 3511 1457 3558 non

314 3597 426 3665 fratris
441 3598 580 3666 Emerioi
596 3599 743 3685 pretenta
763 3599 934 3685 extitisset,
951 3607 984 3666 et
999 3619 1040 3666 ex
1057 3620 1094 3667 eo
1112 3599 1185 3685 ipsa
1201 3597 1338 3667 domina
1352 3599 1456 3666 Anna

316 3704 357 3771 de
373 3704 632 3791 possessionibus
650 3705 798 3790 hengeld
823 3705 974 3792 predicta
1004 3725 1044 3774 ao
1074 3703 1206 3773 Baohon
1239 3713 1272 3771 et
1301 3705 1457 3774 Fanohsl

314 3809 439 3879 voeatis
469 3809 655 3897 porcionem
688 3832 760 3879 oum
792 3811 999 3895 possessione
1029 3811 1149 3879 hahere
1180 3810 1324 3898 deberet,
1352 3831 1456 3894 qnam

316 3918 472 3987 rehabere
514 3919 610 3986 vellet
639 3917 682 3986 ab
712 3918 854 4003 atrisque
894 3917 1070 4003 Stephano,
1111 3917 1250 3985 Nieolso
1281 3924 1314 3983 et
1347 3917 1458 3989 Paulo

318 4023 500 4111 prenotatis
527 4025 601 4108 jure
634 4031 830 4109 exposoente
860 4027 922 4094 sth.
955 4021 1050 4111 (lirre
1065 4043 1104 4091 aa
1123 4022 1345 4111 ellenbesaed)
1364 4024 1457 4107 quod

319 4133 377 4199 hoo
394 4133 477 4199 bene
492 4150 603 4199 verum
619 4131 711 4216 foret,
728 4139 762 4197 st
779 4131 906 4215 prefata
923 4131 1055 4200 domina
1071 4131 1240 4198 Elisabeth
1265 4129 1333 4197 lilia
1364 4131 1457 4199 diste

317 4238 447 4306 domine
477 4240 580 4328 Baga,
610 4261 746 4310 anasum
774 4241 969 4327 pretitulatis
996 4239 1161 4309 nobilibus
1178 4237 1373 4306 dominabus
1388 4241 1459 4309 Ks-

317 4346 388 4431 tha,
405 4345 564 4432 Koohyna
580 4353 613 4414 et
627 4347 740 4433 lllena,
758 4346 888 4416 lilisbus
903 4345 1027 4415 seilioet
1044 4345 1244 4434 prelatorum
1278 4342 1458 4433 Stephani,

319 4453 446 4518 Thoure
477 4460 509 4518 et
523 4453 683 4520 iohannis
715 4452 856 4520 liliorum
872 4451 1005 4520 Martini
1021 4453 1055 4520 in
1072 4451 1271 4538 pretitulatis
1287 4452 1458 4522 uniuersis

319 4559 579 4640 possessionibus
595 4581 635 4626 ao
646 4559 775 4648 juribus
791 4561 1074 4650 possessionarijs,
1105 4557 1259 4628 videlieet
1290 4559 1458 4649 hengeld,
