3068 5150
830 866 906 936 858.

299 1067 331 1133 A
349 1071 482 1153 adprdbi
498 1071 725 1158 kdptolcnock
740 1065 1006 1152 bicoayoctpleuele
1021 1089 1042 1129 a
1059 1033 1152 1130 Pera
1176 1085 1274 1130 comcs
1297 1064 1427 1130 Periit

299 1177 428 1262 malefic,
443 1175 586 1264 achoo
602 1179 634 1242 es
653 1173 732 1244 lodo
749 1177 934 1242 Boruorrcai
948 1175 1086 1240 aemeselr
1101 1173 1170 1239 lro'zt
1185 1179 1300 1238 torrent
1316 1171 1426 1236 birtel-

735 1281 869 1350 crero'rdl
893 1283 992 1348 1284.

410 1479 595 1568 Capitulum
622 1479 769 1548 ucelesie
785 1477 1018 1564 Zagrabiensis
1035 1475 1184 1544 omnibus
1201 1477 1320 1562 quibus
1336 1497 1428 1563 expe-

303 1587 350 1656 dit
381 1607 514 1675 presens
545 1587 699 1674 seriptum
740 1587 934 1674 inspecturis
965 1585 1104 1652 salutem
1136 1584 1168 1651 in
1200 1585 1352 1652 Domino.
1383 1585 1429 1650 Ad

304 1697 527 1765 vniuersorum
557 1696 711 1764 noticiam
744 1696 858 1764 harum
885 1695 968 1763 serie
983 1693 1133 1761 volumus
1149 1695 1331 1780 peruenire,
1348 1693 1427 1778 quod

304 1805 420 1873 Οοιιιοε
435 1805 549 1872 Petrus
565 1803 649 1870 filius
666 1801 788 1870 Petrilo
805 1802 847 1870 ab
863 1821 928 1868 rna
947 1809 1058 1888 parle3
1082 1797 1235 1886 Goyanus
1254 1807 1287 1867 et
1311 1802 1430 1868 luanus

303 1913 359 1997 tilij
392 1912 470 1980 Wlls
502 1911 629 1980 nobiles
659 1911 701 1978 de
717 1911 865 1980 Bornouz
895 1912 937 1977 ab
954 1910 1063 1978 altera
1080 1909 1114 1976 in
1130 1915 1244 1976 nostre
1259 1911 1430 1994 presencia

305 2019 469 2088 ‹ronsdtuti
486 2019 664 2086 retulerunt
679 2024 712 2086 et
727 2017 865 2086 confessi
881 2025 955 2084 sunt
971 2017 1004 2082 in
1030 2019 1123 2084 terris
1153 2016 1221 2083 suis
1252 2016 1293 2084 de
1325 2016 1431 2104 thna

303 2133 369 2194 tam
401 2127 561 2214 empticijs
589 2145 685 2212 quam
725 2125 934 2211 bereditarijs
965 2126 1017 2192 uel
1049 2125 1153 2192 eciam
1169 2125 1320 2209 aquisitis
1336 2129 1429 2192 talem

305 2234 507 2319 diuisionem,
522 2243 555 2303 et
571 2235 673 2304 eciam
690 2236 723 2301 iu
745 2235 858 2320 aliqua
873 2242 966 2321 parte
982 2254 1039 2302 seu
1056 2233 1238 2319 quantitate
1255 2235 1432 2301 concambi-

305 2363 358 2411 um
376 2343 493 2411 iecisse
509 2364 566 2411 seu
583 2343 765 2412 celebrasse
790 2351 926 2414 eatenus
948 2343 1032 2410 inter
1063 2361 1129 2428 eos,
1162 2341 1319 2409 videlicet
1349 2343 1432 2427 quod

308 2451 451 2540 prefatus
477 2451 592 2518 Comes
624 2451 740 2520 Petrus
771 2458 888 2517 terram
920 2470 1014 2520 suam
1045 2449 1217 2536 amarciem,
1251 2449 1432 2535 contiguam

310 2559 405 2628 terris
437 2559 549 2647 Coyan
582 2567 614 2626 et
630 2559 752 2626 luanus
769 2579 840 2626 oum
858 2559 1004 2626 omnibus
1019 2558 1215 2626 utilitatibus
1232 2559 1337 2646 ipsius
1354 2568 1433 2626 terre

309 2669 400 2736 dedit
415 2675 447 2736 et
462 2666 597 2735 tradidit
613 2665 735 2734 eisdem
753 2666 885 2753 Coyano
901 2675 933 2734 et
958 2666 1087 2754 luanus,
1105 2674 1137 2735 et
1152 2687 1210 2752 per
1241 2689 1297 2736 eos
1328 2689 1433 2736 eornm

308 2775 482 2844 heredibus
510 2773 728 2860 heredumque
753 2777 994 2844 successoribus
1010 2781 1169 2859 perpetuo
1185 2775 1433 2860 possidendam

309 2884 372 2970 ipsi
397 2905 473 2952 uero
506 2885 659 2970 Ooyanus
690 2891 722 2950 et
754 2883 875 2950 luanus
907 2889 1029 2950 terram
1060 2901 1152 2949 suam
1184 2883 1373 2972 aquisitam‚
1402 2893 1434 2950 ut

311 2994 474 3078 dicebant,
506 2994 692 3076 contiguam
710 2991 805 3058 terris
822 2990 956 3058 Comitis
973 2991 1097 3076 Petrus,
1113 2991 1275 3058 dederunt
1291 2999 1323 3061 et
1339 2993 1434 3076 assig-

312 3107 430 3169 narunt
446 3098 550 3166 eidem
567 3097 683 3165 Oomiti
699 3099 823 3182 Petrus,
855 3107 888 3164 et
904 3117 960 3182 per
981 3117 1053 3165 eum
1071 3097 1219 3166 similiter
1251 3101 1319 3168 suis
1351 3102 1435 3168 here·

310 3209 404 3276 dibus
435 3207 652 3292 heredumque
684 3207 921 3275 successoribus
952 3207 1020 3273 iure
1035 3215 1190 3292 perpetuo
1207 3209 1434 3292 possidendam

311 3325 343 3386 et
358 3313 543 3386 habendam
559 3335 632 3383 eum
649 3315 846 3384 utilitatibus
862 3315 1007 3382 eiusdem
1039 3323 1125 3382 terre
1156 3315 1336 3400 uniuersis3
1361 3318 1436 3386 obli-

311 3429 426 3510 gantes
458 3443 494 3492 se
510 3427 622 3509 partes
654 3421 696 3488 ad
713 3423 952 3508 obligaoiouem
970 3423 1161 3492 alterutrum
1178 3427 1220 3492 ab
1236 3427 1325 3492 omni
1342 3427 1436 3512 impe·

311 3534 440 3618 ticione,
458 3531 486 3600 si
502 3569 546 3580 -
563 3567 606 3578 —
623 3571 667 3582 -·
684 3552 733 3600 em
751 3534 884 3600 racione
900 3533 1059 3600 dictarum
1076 3541 1233 3600 terrarum
1250 3553 1308 3618 per
1332 3554 1436 3618 quem·

311 3641 399 3728 piam
416 3640 494 3708 oriri
510 3639 715 3724 contingeret
730 3639 926 3728 infuturum,
943 3659 1015 3707 cum
1033 3642 1174 3727 propriis
1191 3641 1260 3710 suis
1277 3641 1437 3708 laboribus

311 3757 344 3818 et
360 3747 522 3836 expensis.
540 3745 769 3834 Distinguntur
801 3757 909 3815 autem
940 3745 1025 3816 dicte
1056 3757 1140 3815 terre
1171 3748 1326 3836 ipsorum,
1357 3752 1438 3819 sicut

312 3865 422 3947 partes
453 3857 545 3925 nobis
576 3858 766 3944 retulerunt,
799 3858 862 3926 hiis
878 3857 982 3944 signis
998 3878 1056 3926 seu
1072 3859 1168 3926 metis
1185 3883 1193 3925 :
1210 3849 1369 3930 Vid'elicet
1385 3881 1439 3946 per

312 3969 418 4035 locum
434 3966 488 4035 vbi
515 3966 608 4052 palus
640 3965 762 4035 Prodor
793 3974 909 4036 vocata
940 3965 1028 4032 cadit
1058 3965 1090 4030 in
1122 3964 1276 4057 Glynam,
1308 3970 1439 4038 cedente

313 4083 420 4142 tamen
454 4076 527 4161 ipsa
558 4074 678 4159 palude
694 4075 727 4141 in
744 4075 973 4161 proprietatem
991 4074 1115 4161 Ooyani
1132 4083 1164 4142 et
1180 4075 1301 4145 luanus
1316 4077 1437 4165 predic-

314 4193 436 4268 torum;
461 4181 548 4250 vnde
563 4181 730 4268 egreditur
744 4181 850 4270 prima
876 4189 973 4269 meta,
988 4187 1021 4249 et
1036 4183 1106 4250 iens
1122 4201 1180 4267 per
1196 4186 1336 4252 eandem
1352 4187 1439 4272 palu·

314 4291 386 4361 dem
417 4311 543 4376 semper
576 4309 687 4358 versus
718 4290 884 4359 meridiem
902 4289 991 4357 venit
1006 4291 1049 4358 ad
1066 4297 1166 4377 eaput
1182 4292 1284 4377 ipsius
1300 4289 1438 4379 paludis,

314 4411 348 4468 et
364 4397 429 4466 exit
445 4399 488 4466 ad
504 4399 666 4481 quandam
684 4399 783 4488 viam,
801 4399 855 4467 vbi
871 4405 922 4466 cst
937 4407 1024 4466 meta
1040 4406 1166 4481 torrea;
1189 4397 1266 4468 inde
1283 4420 1341 4486 per
1368 4421 1438 4468 ean·

315 4507 390 4575 dem
422 4505 508 4574 viam
539 4505 642 4596 vadit,
674 4515 706 4574 et
721 4507 868 4592 peruenit
899 4507 941 4573 ad
960 4506 1059 4576 aliam
1092 4507 1245 4595 paludem
1263 4507 1439 4576 Moriuicha
