3112 5154
792 1197 864 1266 141.

266 1446 333 1514 IV.
358 1448 475 1515 doado
503 1450 681 1535 kirolynab
711 1451 812 1536 Pezye
842 1451 994 1538 belystqet
1025 1456 1182 1538 coeqyazt
1213 1455 1400 1540 adcordnya

484 1557 654 1623 Barencbci
669 1557 781 1624 Ebora
796 1571 905 1624 meatur
920 1563 1084 1626 eadmero.
1099 1560 1194 1629 1276.

375 1807 552 1876 [ladizlaus
568 1808 631 1876 Dei
647 1809 949 1896 graciaHnngarie,
969 1809 1151 1897 Dalmecie,
1170 1807 1320 1896 Oroatia,
1336 1813 1400 1877 Ra-

268 1937 328 2004 me,
344 1915 467 2000 Seruio,
482 1915 633 2004 Gallicie,
660 1915 860 2002 Lcdomerie,
892 1913 1048 1986 Cumanie
1079 1916 1298 2003 Bulgarieque
1327 1918 1398 1986 Rex

267 2024 414 2092 omnibus
445 2031 512 2091 tam
544 2024 749 2108 presentibus
780 2044 877 2110 quam
910 2023 1027 2092 futuris
1069 2030 1237 2109 presentes
1269 2025 1398 2094 litteras

268 2130 461 2216 inspecturis
477 2129 616 2198 sulutem
632 2131 665 2198 in
681 2133 825 2199 omnium
840 2134 1016 2201 saluatore.
1048 2131 1149 2216 Regia
1180 2131 1399 2201 Sublimitatis

270 2237 460 2306 inmensitas
477 2235 654 2323 opitulaoie
669 2245 745 2307 tunc
761 2239 878 2308 fruitur
893 2239 1057 2327 remedijs,
1074 2259 1146 2307 oum
1161 2259 1293 2308 suorum
1307 2241 1398 2308 labo·

271 2365 323 2415 res
338 2345 481 2414 fidelium
496 2346 604 2413 votiue
620 2347 889 2416 remuneracionis
906 2347 1054 2416 antidoto
1070 2346 1177 2415 allicit
1192 2355 1225 2416 et
1240 2349 1400 2434 percellit.

271 2453 410 2523 Proinde
440 2452 484 2521 ad
502 2455 725 2524 uniuersorum
756 2465 823 2528 tam
855 2456 1058 2544 presencium
1088 2477 1187 2541 quarn
1219 2455 1399 2525 futurorum

271 2562 419 2630 noticiam
452 2563 568 2634 harum
584 2565 684 2632 serie
714 2567 862 2635 volumus
904 2565 1084 2653 peruenire,
1117 2563 1203 2650 quod
1245 2563 1402 2648 Magister

269 2669 418 2738 Andreas
448 2672 534 2740 lilius
565 2672 709 2741 Abraam
741 2673 782 2742 de
808 2674 973 2742 Bercnche
1003 2673 1047 2741 ad
1068 2679 1211 2741 nostram
1243 2673 1404 2742 accedens

272 2779 473 2865 presenciam
484 2781 609 2848 anobis
626 2779 789 2849 humiliter
805 2781 1022 2868 supplicando
1043 2780 1234 2868 postulauit,
1249 2787 1286 2848 ut
1301 2801 1403 2866 quan·

274 2885 349 2956 dam
380 2893 500 2957 terram
532 2887 640 2957 (lastri
671 2887 889 2974 Symigiensis
919 2891 1027 2977 Pezyc
1046 2893 1206 2972 uocatam,
1224 2908 1324 2974 super
1340 2908 1406 2972 qua

273 2995 356 3064 duas
371 2997 556 3066 mansiones
571 2997 795 3066 tantummodo
817 2997 937 3067 asserit
967 2995 1133 3082 residcrc;
1157 3002 1190 3064 ct
1206 2997 1290 3066 alias
1322 2995 1407 3062 duas

274 3121 412 3185 quarum
443 3125 542 3172 unam
574 3109 695 3173 terram
726 3105 973 3175 sanctilerorum
1008 3111 1191 3174 nostrorum
1222 3103 1344 3172 ibidem
1371 3105 1406 3172 iu

275 3212 386 3300 Penye
401 3215 606 3302 existentem,
623 3221 656 3282 ct
672 3213 786 3283 eedem
807 3214 939 3282 nomine
970 3213 1151 3300 nuncupari
1183 3212 1281 3298 dicit;
1305 3211 1406 3280 aliam

274 3339 351 3387 vero
382 3325 502 3390 terram
529 3321 643 3389 Jacobi
669 3323 853 3408 iobagionis
869 3319 976 3391 (lustri
996 3322 1211 3410 Symigiensis
1227 3321 1299 3388 sine
1318 3319 1409 3390 bere·

275 3429 352 3496 dum
368 3429 489 3498 solacio
507 3427 705 3516 decedentis,
721 3450 793 3500 cum
809 3431 906 3500 terris
937 3429 1061 3500 eisdem
1094 3429 1220 3498 mixtim
1252 3425 1406 3497 adiacen-

276 3541 352 3622 tem,
385 3538 457 3605 vsui
474 3537 568 3605 vnius
592 3538 703 3624 aratri,
736 3559 884 3626 vacuam,
917 3545 949 3607 ct
963 3537 1198 3608 habitatoribus
1224 3536 1410 3624 destitutas,

277 3641 340 3711 sibi
356 3643 500 3712 conferre
516 3642 557 3711 de
572 3645 775 3729 benignitate
800 3648 906 3730 Regia
930 3646 1145 3730 dignaremur.
1180 3645 1299 3713 Verum
1331 3643 1411 3729 quia

276 3750 317 3820 de
341 3752 496 3836 qualitate
529 3758 560 3820 et
587 3754 768 3839 quantitate
799 3759 955 3822 terrarum
984 3753 1159 3822 earundem
1175 3752 1268 3822 nobis
1286 3753 1412 3820 ueritas

279 3880 345 3926 non
362 3863 545 3944 constabat,
562 3860 713 3932 fidelibus
745 3863 864 3933 uostris
895 3860 1045 3948 (lapitulo
1076 3861 1225 3930 Ecclesie
1257 3859 1413 3929 Albensis

233 4057 235 4062 Ι
277 3967 398 4036 nostris
430 3965 579 4037 dedimus
610 3969 731 4038 litteris
763 3971 796 4037 in
822 3968 999 4053 mundatis,
1029 3975 1065 4036 ut
1081 3967 1123 4037 de
1155 3970 1251 4038 terris
1275 3966 1411 4036 ‘eisdem

279 4075 400 4144 scirent
432 4083 464 4144 ct
495 4077 695 4161 inquirerent
724 4076 944 4146 omnimodam
975 4079 1158 4161 ueritatem,
1185 4083 1216 4144 et
1246 4080 1342 4161 prout
1365 4073 1416 4142 eia

279 4189 451 4267 constaret,
481 4184 576 4252 nobis
593 4204 651 4272 per
667 4204 744 4253 suas
773 4185 900 4254 litteras
916 4183 1152 4255 remandarent
1170 4179 1265 4262 Quod
1281 4179 1413 4266 quidem

281 4287 468 4380 Capitulum
484 4291 577 4361 nobis
594 4291 724 4359 demum
740 4293 923 4380 rescripsit,
940 4292 1026 4376 quod
1046 4311 1145 4378 snper
1160 4289 1311 4378 predicta
1326 4295 1416 4357 terra

280 4397 386 4467 (lustri
418 4397 633 4485 Symigiensis
664 4401 774 4487 Peuye
805 4401 938 4468 nomine
969 4399 1171 4468 inuenissent
1202 4396 1306 4466 fnisse
1330 4397 1416 4466 duas

282 4505 388 4576 curias
413 4527 545 4594 vacuas,
571 4508 657 4576 alias
688 4529 764 4578 vero
797 4509 878 4578 duas
911 4515 1013 4578 terras
1045 4506 1260 4595 supradictas,
1293 4509 1417 4574 terram
