3148 5164
628 305 779 406 Q

242 502 402 569 Omnibus
434 501 555 568 Christi
587 501 738 568 fidelibus
772 501 831 568 stb.
866 497 1076 586 (kovetkezik
1109 499 1281 586 anyitraii

132 607 365 698 ktptalaunak
400 607 535 677 tronti
578 605 874 694 bizonysagtevele,
908 609 991 674 mint
1022 606 1159 674 fentobb
1188 610 1270 676 451.

133 738 178 787 su.
197 719 241 804 a.)

134 915 187 978 (Aa
206 915 377 980 esztergami
395 913 592 976 ktptalannak
608 913 718 964 1295·ki
732 911 892 976 atinattbot
912 913 986 964 mint
1001 911 1086 964 alabb
1101 915 1162 965 toa.
1177 926 1214 964 sa.
1229 917 1253 966 a'.

390 1017 406 1053 a
424 1001 503 1054 molt.
522 1001 588 1066 gros
604 1003 663 1067 Ζῆς
682 1000 778 1052 osalad
803 1001 1018 1066 levtltaraban.)

572 1287 838 1304 m

660 1821 754 1892 nol.
850 1869 857 1878 ·

140 2023 204 2089 Pet
228 2025 261 2088 e'a
285 2021 415 2105 Kouma,
452 2022 576 2088 Bnaina'
609 2016 730 2086 Koama
764 2041 862 2089 eomes
887 2021 965 2108 fiai,
1003 2020 1214 2110 eqyezkeduek
1253 2046 1293 2087 on

142 2129 384 2217 nupyaaombnti
416 2128 631 2217 potpnrottat
669 2153 752 2197 ozon
782 2127 978 2216 feltitelekre
1009 2132 1113 2213 atavo,
1153 2131 1292 2216 melyek-
1407 2123 1410 2131 ⁴

288 2237 370 2303 otoo
385 2233 547 2323 juvatum
565 2237 635 2304 eaelo
658 2237 811 2304 satillttieet
837 2237 1004 2323 hirjanak.
1029 2239 1128 2302 1295.

250 2431 319 2497 Nos
349 2429 472 2497 Paulus
504 2435 537 2497 et
552 2429 708 2500 (thosmas
725 2429 783 2516 filij
802 2427 938 2498 Comitis
954 2430 1092 2501 Chosme
1109 2431 1150 2499 de
1166 2436 1275 2518 Bouyn

142 2537 365 2624 siguifioamus
388 2537 547 2608 uniuersis
578 2539 697 2624 quibus
729 2537 861 2627 expedit
891 2559 950 2625 per
980 2546 1148 2626 presentes
1165 2565 1173 2607 :
1190 2540 1276 2626 quod

143 2666 216 2712 oum
249 2644 373 2712 ciuibus
405 2643 446 2714 do
476 2647 620 2731 Tyerna,
653 2651 686 2713 et
716 2645 865 2714 omnibns
897 2647 939 2714 ad
972 2647 1078 2734 ipsam
1103 2644 1276 2715 Ciuitatem

143 2753 388 2840 pertinentibus,
404 2754 458 2838 qui
474 2752 507 2820 in
533 2759 644 2822 nostra
675 2753 889 2842 possessione,
921 2755 954 2820 in
982 2747 1171 2840 quoeunque
1202 2756 1276 2824 loeo

143 2862 252 2947 iuuerit,
284 2880 408 2950 ryneas
429 2859 553 2928 habent
568 2865 669 2948 sytaa
686 2861 720 2928 in
736 2861 835 2929 talem
854 2859 1060 2928 concordiam
1076 2881 1133 2928 son
1149 2880 1278 2946 compo·

143 2971 300 3037 sieionem
317 2967 505 3040 deuenimus
523 2994 530 3036 ι
547 2977 582 3037 vt
613 2971 655 3036 do
686 2969 830 3054 qualibet
861 2967 955 3035 vinea
986 2968 1119 3056 integra
1148 2970 1276 3034 sotuent
1336 2955 1338 2959 ⁸

143 3077 283 3166 singulis
315 3078 410 3145 aunis
442 3077 536 3144 nobis
567 3085 633 3146 tres
663 3096 783 3161 pensas
804 3075 1013 3144 denariorum
1031 3075 1275 3162 Vyennensinm

143 3187 178 3253 in
196 3185 324 3252 duobns
339 3184 495 3272 terminis,
512 3183 665 3252 videlieet
694 3183 727 3250 iu
760 3181 1038 3267 quadragensimo
1070 3203 1168 3251 unam
1198 3205 1277 3270 pen·

144 3313 226 3380 sam,
258 3291 291 3358 in
324 3290 487 3359 vindemio
519 3311 597 3360 uero
628 3291 710 3358 duas
742 3309 881 3376 pensas3
906 3289 982 3358 item
1001 3291 1165 3359 demedio
1181 3291 1279 3360 vinea

144 3401 322 3485 sexaginta
338 3399 499 3486 denarios,
515 3405 547 3464 et
564 3398 619 3490 do,
631 3398 773 3484 quartali
805 3398 900 3466 unius
931 3396 1058 3482 integre
1088 3419 1208 3497 vyuee‘
1224 3401 1278 3468 tri-

144 3510 240 3594 ginta
271 3505 423 3575 deuarios
455 3504 581 3573 soluent
612 3507 646 3573 in
663 3505 786 3574 duobus
814 3503 963 3572 terminis
979 3505 1188 3592 supradietis.
1203 3509 1278 3575 Pre-

144 3623 238 3684 terea
253 3615 413 3701 uolumus,
432 3619 468 3680 ut
483 3613 633 3681 seruitori
648 3619 768 3692 nostro,
785 3611 837 3679 oui
869 3611 1011 3678 officinm
1047 3619 1193 3682 nostrum
1225 3615 1281 3682 du·

145 3723 294 3790 norimus
326 3741 386 3805 pro
417 3727 561 3805 tempore
578 3717 841 3787 committendum
860 3719 892 3784 in
909 3717 1086 3806 vyndemio
1105 3728 1135 3787 et
1151 3721 1183 3788 in
1202 3743 1279 3805 qua-

146 3829 335 3914 dragesima
350 3827 390 3893 de
406 3829 550 3912 intregro
575 3845 683 3912 vynea
715 3827 846 3894 uoluunt
877 3834 1013 3910 quatuor
1044 3827 1206 3918 denarios,
1240 3829 1280 3897 de

146 3935 366 4028 medianam
399 3953 506 4020 vynea
531 3935 609 4002 duos
627 3933 792 4021 denarios,
807 3941 838 4000 et
856 3935 897 4001 do
915 3936 1058 4018 quartuli
1078 3957 1185 4005 unum.
1202 3939 1282 4006 Item

147 4065 209 4129 pro
225 4043 370 4126 terragio
386 4049 496 4109 nostro
513 4041 554 4108 de
571 4041 716 4126 qualibet
748 4041 846 4108 vinea
878 4042 1018 4130 integra,
1055 4045 1140 4128 quod
1172 4046 1284 4130 volga-

143 4153 227 4218 riter
259 4149 432 4236 purehreht
450 4149 590 4234 ,diuitum
608 4148 689 4215 duos
706 4167 826 4216 aeones
845 4149 913 4216 vini
935 4170 1008 4217 enm
1025 4158 1114 4218 recto
1130 4159 1161 4216 et
1178 4151 1285 4218 debito

150 4256 544 4343 aeouevilledessouyn,
577 4265 608 4324 et
639 4255 719 4323 duos
751 4256 908 4326 denarios
945 4260 1071 4324 soluere
1104 4265 1286 4325 teneantur.

147 4368 230 4434 Item
265 4385 324 4450 pro
351 4366 471 4431 tributo
489 4366 529 4434 de
545 4365 689 4449 qualibet
707 4365 832 4431 tunetla
850 4365 921 4430 vini
943 4385 1004 4450 que
1021 4366 1061 4432 do
1078 4367 1286 4450 possessione

147 4480 181 4541 et
198 4473 239 4538 de
256 4471 339 4538 uilla
355 4480 466 4539 nostra
482 4471 618 4558 duottur,
635 4493 692 4540 sex
713 4472 863 4540 denarios
896 4472 1030 4540 soluant
1061 4475 1286 4542 tautummodo

143 4587 262 4647 utnon
297 4581 415 4666 plures.
448 4581 528 4648 Item
562 4583 709 4648 uolumus
726 4587 756 4646 et
783 4580 1011 4664 eoncessimns,
1047 4580 1132 4663 quod
1156 4580 1286 4664 quioun-
