3170 5166
829 760 905 827 ton.

301 955 351 1024 Aa
366 959 549 1044 esaurpams'
572 955 790 1043 kdpdaianank
813 957 1085 1060 bizoopadplsnede,
1113 957 1195 1043 bopy
1220 957 1315 1022 Pe'tsr
1330 973 1424 1021 wrm

344 1069 377 1132 ta
385 1065 439 1148 fin
457 1065 580 1134 Mitrida
601 1059 1384 1154 Uprdceodrdteiodtdbdditdnddomi.1299.
1423 1109 1427 1114 .

407 1367 575 1438 Universis
592 1369 709 1436 Obristi
727 1369 874 1437 tideiibns
899 1373 1064 1452 presentes
1080 1367 1207 1434 litteras
1233 1364 1426 1450 inspecturis

297 1479 480 1564 Capitulum
496 1476 642 1544 Eoelesie
665 1474 898 1561 strigoniensis
923 1471 1062 1542 seintenr
1087 1474 1122 1540 in
1138 1471 1282 1540 Domino
1307 1473 1428 1558 roupi·

298 1595 433 1654 ternans.
449 1583 500 1650 Ad
524 1583 745 1652 rniusrsorum
762 1582 916 1650 notioiam
931 1589 1042 1652 tenore
1058 1581 1262 1666 presenoinnr
1274 1579 1426 1648 votnmns

297 1693 478 1782 peruenire,
496 1689 582 1775 qnod
598 1690 724 1758 nobiles
741 1690 802 1758 viri
818 1685 934 1756 Οοιιιοε
942 1689 1057 1756 Potrns
1073 1688 1158 1754 fitius
1172 1685 1341 1771 qnondam
1356 1685 1428 1752 tia·v

297 1801 388 1888 gistri
414 1799 511 1882 Baas,
537 1805 570 1865 et
585 1796 741 1864 Niooians
764 1797 855 1864 titius
870 1797 939 1863 eius
963 1797 1006 1864 ab
1023 1815 1087 1864 nna
1115 1802 1228 1882 parte;
1246 1796 1280 1861 ot
1305 1792 1425 1861 nobilis

296 1909 347 1978 vir
370 1907 487 1973 (tornes
511 1903 628 1972 Petrus
651 1903 739 1970 nlius
763 1903 931 1989 annstay
959 1903 1001 1969 de
1017 1921 1137 1987 genae
1161 1901 1279 1969 Lndan
1295 1903 1370 1968 vioe
1394 1905 1425 1969 et

296 2015 426 2081 nornine
450 2009 569 2078 nobilis
595 2019 627 2080 et
652 2009 777 2077 bonesti
802 2011 865 2078 viri
879 2009 1012 2098 tiatbsy
1038 2009 1182 2077 Palatini
1198 2009 1337 2076 domitis
1363 2008 1426 2074 Po.

295 2119 457 2188 noniensis
482 2137 553 2184 onrn
579 2115 753 2185 subinianti
770 2119 990 2202 proonrntorio
1007 2116 1049 2183 ab
1075 2117 1189 2200 attera,
1206 2115 1252 2182 ad
1276 2123 1432 2208 nosm-

296 2225 491 2293 aooedentes
502 2225 726 2311 presenciam
746 2222 830 2290 idom
847 2223 1003 2292 Niootees
1027 2223 1121 2291 iilius
1137 2225 1242 2308 ipsios
1257 2221 1347 2290 Petri
1362 2219 1421 2288 Oo·

296 2332 384 2399 rnitis
415 2338 566 2416 presente
592 2329 704 2398 eodem
736 2336 828 2416 patro
853 2349 914 2398 sno
945 2330 1108 2414 quoddam
1146 2329 1299 2398 Castrum
1324 2347 1424 2398 annm

295 2438 429 2524 Vgroyg
453 2445 613 2522 nonatum,
639 2457 710 2505 enm
736 2439 995 2523 possessionibus
1022 2445 1056 2505 ot
1070 2437 1167 2504 terris
1190 2456 1232 2503 ae
1247 2438 1325 2523 aiijs
1349 2439 1425 2504 inri-

294 2546 354 2612 bus
369 2544 438 2611 sois
462 2543 635 2632 vniuersis,
650 2547 694 2612 ad
719 2546 825 2632 ipsum
851 2547 1002 2614 Castrum
1028 2546 1266 2632 pertinentibus
1282 2564 1322 2614 se
1347 2565 1423 2613 eon·

293 2652 398 2719 sessus
414 2657 464 2719 est
478 2651 663 2720 uendidisse
679 2651 808 2720 Matheo
824 2651 942 2720 (inmiti
958 2653 1118 2738 Palatino,
1134 2657 1168 2719 et
1182 2671 1243 2736 per
1257 2671 1334 2719 enm
1351 2653 1423 2721 sois

292 2757 467 2824 heredibus
496 2755 715 2841 heredumque
754 2778 884 2826 suornm
915 2759 1174 2842 suceessoribua3
1206 2765 1305 2844 prout
1333 2759 1426 2830 iden·

290 2867 406 2934 Petrns
432 2861 545 2930 Comes
571 2871 663 2950 pater
688 2865 759 2934 eins
790 2861 1009 2933 mediantibus
1040 2869 1162 2932 nostris
1194 2872 1228 2932 ot
1267 2865 1417 2953 capitati

289 2969 473 3054 Nytriensis
490 2971 618 3056 litteris,
635 2991 693 3056 pro
710 2971 851 3054 quadam
868 2973 1051 3056 quantitate
1066 2973 1205 3056 pecunie
1220 2971 1328 3040 eidem
1344 2993 1427 3043 rens

289 3074 426 3145 didisset
451 3083 606 3162 perpetuo
641 3085 673 3144 ot
699 3079 957 3146 irrenooabiliter
988 3077 1231 3167 possidendum,
1263 3081 1326 3149 snb
1358 3083 1423 3152 eis⁴

288 3183 362 3250 deni
393 3185 486 3268 penis
527 3192 561 3248 st
597 3184 868 3272 obligaoionibas,
909 3187 1026 3270 quibus
1068 3193 1258 3272 prenotatns
1302 3187 1424 3258 Gonnos

287 3287 402 3355 Petrus
427 3298 522 3374 pater
550 3289 620 3359 eius
644 3293 678 3358 in
709 3294 795 3361 santo
831 3293 1032 3362 nendioionis
1064 3293 1141 3362 dieti
1170 3295 1278 3362 Casiri
1312 3296 1424 3364 eidem

287 3393 420 3462 idatboo
444 3397 595 3464 Palatino
619 3400 740 3468 nostris
765 3401 800 3467 in
826 3402 966 3488 piatatis
1003 3399 1122 3468 titteris
1147 3419 1184 3468 se
1219 3401 1426 3472 dinossoitnr

286 3499 462 3582 obligasse.
503 3506 540 3570 ln
568 3505 659 3572 onius
675 3507 721 3573 rei
746 3509 935 3574 memoriam
961 3515 994 3576 et
1009 3515 1201 3594 perpetuam
1228 3509 1425 3579 firmitatem

287 3615 457 3689 presentes
496 3610 539 3676 ad
571 3612 762 3696 peticionem
799 3623 830 3680 st
860 3614 1056 3684 instanciam
1087 3617 1234 3701 ipsarum
1267 3617 1420 3700 paroinnn

284 3713 505 3784 oonoessimus
530 3717 655 3786 litteras
686 3719 787 3807 sigitti
826 3723 928 3790 nostri
974 3725 1151 3791 munimine
1192 3725 1421 3810 consignatas.

284 3813 403 3882 Datum
435 3839 494 3906 per
523 3841 638 3891 manns
664 3824 797 3896 disereti
825 3827 886 3896 viri
911 3827 1063 3916 Magistri
1080 3831 1238 3916 Cypriani
1270 3829 1429 3929 Leotoris,

283 3915 530 4014 strigoniensis,
577 3929 662 3998 feria
702 3935 805 4003 toreio
833 3943 911 4005 ante
951 3937 1069 4032 festum
1104 3937 1200 4005 Beati
1220 3935 1431 4029 ''Laurenoij‘

284 4029 428 4096 martiris
444 4051 531 4100 anno
546 4037 678 4104 Domini
695 4041 744 4104 Μ0
761 4043 829 4109 CC⁰
843 4045 1054 4128 nonagesimo
1071 4045 1220 4132 septimo.

281 4161 422 4225 (Ersdetie
452 4175 636 4244 bbrbirtyatn,
668 4184 789 4250 melyrdl
820 4203 837 4238 a
868 4189 963 4252 penset
986 4191 1147 4244 stiriis-stilti
1178 4193 1422 4258 aelyemzsintron

280 4251 366 4320 idem
387 4272 404 4308 a
422 4261 508 4316 budoi
527 4268 579 4320 trir.
599 4268 932 4330 kamarai'Ievdltirbeu'.
965 4273 997 4332 V.
1018 4283 1043 4331 ὃ.
1064 4281 1146 4348 Fejer
1165 4283 1234 4336 θοὰ.
1255 4287 1337 4353 Dipl.
1358 4289 1421 4340 vn.

684 4362 743 4412 not.
766 4368 789 4414 3.
809 4381 831 4415 r.
854 4372 913 4420 108.
932 4371 1001 4437 lap)

708 4575 975 4594 ...ἣ-,ὑ-η--ᾕ-
