3096 5160
806 261 964 376 aa

322 467 471 556 distingit
516 467 699 554 ‘letetlren;
751 468 869 540 deinde
923 487 1037 540 uersus
1090 467 1351 556 septemtrionem
1407 464 1451 537 ad
1538 535 1546 558 ἡ

321 581 403 650 dues
443 587 557 666 metas,
595 601 731 666 quarum
772 601 839 650 una
869 588 1002 668 separat
1033 588 1153 648 terram
1184 579 1338 659 Halasci;
1376 577 1453 646 hino

319 688 466 774 procedit
482 709 595 760 uersus
611 691 743 776 plagam
759 690 1059 776 septemtrionalem
1075 689 1119 755 ad
1134 688 1218 756 dnas
1240 695 1358 772 metas,
1389 709 1453 774 qne

321 803 395 864 sunt
419 805 526 865 erecte
551 799 644 866 iuxta
666 798 854 884 pinachium
872 797 1008 866 ecclesie
1022 797 1134 866 Sancti
1157 798 1281 882 llarcy,
1314 816 1451 881 quarum

320 925 386 972 una
402 909 534 990 separat
549 911 668 972 terram
684 907 779 990 Βοῦς
801 906 922 973 abhinc
937 905 1022 974 redit
1038 904 1083 972 ad
1099 913 1226 991 portum
1240 903 1400 990 Danubij,
1419 911 1454 971 et

323 1011 368 1080 ibi
385 1021 461 1080 sunt
478 1012 540 1080 dne
556 1019 640 1080 mete
656 1013 841 1099 angulares,
869 1023 900 1081 et
917 1013 964 1082 sic
979 1009 1183 1080 terminatur.
1223 1013 1262 1079 In
1279 1011 1369 1078 onius
1402 1012 1449 1077 rei

320 1119 549 1206 testimonium,
581 1125 613 1186 et
628 1125 664 1186 ut
680 1119 739 1188 hec
756 1140 891 1206 presens
908 1117 1045 1188 donacio
1061 1126 1172 1188 nostra
1188 1119 1285 1187 robur
1301 1119 1453 1186 obtineat

320 1235 475 1314 perpetue
491 1227 660 1314 firmitatis,
693 1238 863 1314 presentes
880 1229 1101 1298 concessimus
1132 1228 1259 1295 litteras
1287 1225 1455 1312 dupplicis

320 1335 423 1419 sigilli
438 1335 542 1404 nostri
558 1335 732 1404 munimine
748 1337 928 1404 roboratas.
969 1337 1091 1403 Datum
1107 1356 1166 1422 per
1181 1354 1296 1402 manus
1313 1351 1452 1400 venera-

319 1443 394 1511 bilis
409 1445 513 1529 patris
528 1442 649 1512 domini
665 1443 793 1511 Andree
808 1444 871 1512 Dei
887 1445 1000 1528 gracia
1015 1443 1167 1530 Episcopi
1183 1441 1352 1528 Agriensis
1371 1441 1453 1510 lide·

320 1551 363 1620 lis
379 1551 574 1637 (lancellarij
593 1552 703 1635 nostri,
719 1571 805 1619 auno
821 1551 953 1620 Domini
968 1551 1089 1619 wod
1105 1551 1318 1638 nonagesimo
1328 1549 1451 1637 primo,

321 1659 459 1744 septimo
473 1657 634 1728 kalendas
653 1661 803 1744 Augusti.

322 1853 463 1924 (Eradetie
499 1859 683 1925 bdrhairtyin,
721 1858 841 1925 melyrdl
878 1874 895 1910 a
926 1857 1075 1922 peccetnelr
1106 1857 1238 1909 odrodelre
1269 1856 1456 1920 viriis-sarge

320 1948 556 2014 selyemzsinbron
574 1950 661 2015 fdgg3
681 1964 699 2000 a
717 1949 803 2000 budai
821 1949 873 2000 kir.
894 1949 1021 2000 kamarai
1040 1947 1225 2000 leveltdrban.
1242 1973 1273 1984 -
1287 1945 1344 1998 Sok
1367 1945 1455 1995 hiba-

439 2037 485 2090 val
505 2037 610 2090 kiadva
627 2037 755 2103 Fejernel
775 2038 842 2089 cod.
861 2039 937 2104 Dipl.
957 2039 1004 2090 VI.
1024 2038 1083 2090 ket.
1105 2043 1128 2088 1.
1148 2053 1171 2088 r.
1192 2041 1251 2088 142.
1271 2037 1327 2101 lap.

848 2873 924 2942 422.

319 3072 440 3139 Mentor
455 3073 627 3140 nodarent
638 3095 801 3161 percaeca
817 3097 838 3140 a
848 3074 939 3158 picei
969 3073 1195 3159 kdptelonleoz,
1225 3072 1308 3159 hopy
1338 3071 1453 3158 Futep

316 3190 443 3246 meatent
458 3183 550 3264 iotae,
580 3182 741 3248 misaco-iat
757 3189 790 3244 'o't
821 3179 911 3246 cloec
926 3179 1026 3266 odjoa
1041 3183 1146 3246 cisano
1161 3176 1299 3247 Kcnrdd
1328 3189 1455 3245 mentes·

654 3289 813 3374 haeoughe'
828 3289 989 3376 ae'pea'nek.
1023 3285 1122 3360 1291.

427 3483 551 3551 Amicis
567 3483 687 3552 nostris
711 3483 895 3552 karissimis
921 3483 1072 3570 Capitulo
1104 3481 1459 3568 Quinqucecclcaiensi

321 3593 476 3660 Nicolanr
493 3592 672 3678 Palatinus,
705 3591 821 3660 Comes
839 3591 1063 3679 Symigiensis,
1095 3589 1257 3674 Albensis,
1289 3595 1322 3656 et
1336 3589 1460 3658 ludex

320 3703 536 3768 Cumanorum
552 3698 733 3766 amiciciam
748 3707 911 3784 paratam.
946 3700 1187 3770 Discrecionem
1203 3705 1347 3768 vestram
1364 3702 1461 3782 poti-

318 3827 391 3873 mns
406 3805 587 3892 diligenter,
617 3812 775 3891 quatenus
790 3807 928 3875 mittatis
943 3807 1107 3874 hominnm
1124 3826 1233 3894 unum,
1263 3807 1318 3890 qui
1343 3805 1463 3876 radat
1543 3891 1544 3898 ἵ

319 3913 363 3980 ad
378 3914 570 3997 Magistrum
586 3911 773 3998 Philippum
791 3934 863 3980 cnm
879 3913 1008 3982 homine
1024 3921 1164 3998 quatuor
1179 3913 1330 3981 Jndicum
1347 3913 1463 3984 Nobi·
1543 3971 1544 3992 ι

319 4019 399 4086 lium
414 4019 457 4086 de
472 4019 613 4104 Barana,
632 4026 664 4086 et
679 4019 768 4086 dicat
783 4020 888 4088 eidem
910 4023 1009 4089 uerbo
1025 4029 1146 4106 nostro,
1163 4019 1248 4105 quod
1259 4028 1332 4089 octo
1343 4021 1461 4092 boues

320 4125 361 4193 de
375 4125 506 4211 populis
522 4127 670 4212 Magistri
685 4127 836 4196 Ournardi
862 4129 904 4196 de
934 4129 1016 4197 villa
1045 4127 1211 4214 Hasouglr,
1241 4148 1321 4214 quos
1354 4129 1463 4200 circa

319 4233 434 4300 festum
459 4234 553 4302 Beati
578 4235 722 4304 llicaelis
747 4237 848 4323 recipi
863 4234 950 4322 iecit,
982 4234 1085 4304 eidem
1101 4236 1258 4322 Magistro
1288 4235 1463 4308 (iomardo

319 4340 412 4407 reddi
428 4341 528 4408 iaciat
542 4342 614 4413 sine
630 4343 771 4430 dampno
786 4345 871 4412 inire
887 4343 1046 4412 decimum
1062 4343 1208 4430 quintum
1224 4344 1311 4413 diem
1326 4363 1462 4416 arecc·

318 4447 431 4531 pcione
461 4451 674 4533 presencium.
712 4453 864 4540 Alioquin
895 4451 984 4521 dicat
1016 4453 1117 4520 eciam
1150 4452 1256 4522 eidem
1288 4451 1463 4537 Magistro

325 4553 486 4642 Philippo,
518 4557 648 4642 quodsi
666 4578 760 4630 secus
791 4560 912 4650 fecerit,
943 4566 1060 4630 extunc
1090 4579 1188 4649 super
1218 4559 1463 4646 possessiones
