3068 5150
553 367 676 470 ...iffi

79 563 244 634 familiaris
260 565 398 634 clericus
414 572 524 634 noster
541 565 584 632 ad
602 571 747 632 nostram
763 563 925 632 accedens
952 563 1156 650 presenciam
1182 585 1203 630 a

81 671 168 740 nohis
190 673 290 760 pecijt
316 673 501 759 diligenter,
533 680 567 739 vt
599 672 763 757 quandam
795 677 915 738 terram
947 670 1204 740 uduornicorum

81 789 253 850 nostrorum
279 783 387 870 Sardy
418 791 581 872 vocatam,
608 782 642 848 in
660 780 739 848 villa
754 779 841 848 Kaal
858 779 891 846 in
917 779 1079 848 Comitatu
1111 777 1205 848 Zala-

82 891 179 959 dieusi
193 890 406 978 adiacentem,
422 891 495 958 nsui
511 889 647 958 duorum
673 895 853 980 aratrorum
884 887 1109 976 sufficientem,
1141 909 1205 974 que

80 998 203 1081 quidem
219 1020 327 1067 vacua
342 1006 375 1066 et
390 998 633 1067 habitatoribus
659 997 818 1064 destituta
849 994 964 1085 fuerat,
995 995 1100 1064 eidem
1132 1015 1203 1064 eon·

79 1106 155 1172 terre
170 1106 211 1173 de
226 1106 430 1192 benignitate
445 1107 549 1190 Regia
565 1106 785 1190 dignaremur.
800 1104 869 1171 Nos
885 1103 995 1190 igitur,
1013 1104 1063 1171 cui
1078 1125 1118 1172 ex
1135 1103 1204 1172 olli·

80 1213 124 1279 cio
141 1215 280 1299 suscepti
299 1213 466 1300 regiminis
481 1214 639 1282 incumbit
656 1214 763 1282 metiri
790 1212 906 1280 merita
930 1212 1141 1300 singulorum,
1172 1217 1205 1278 et

83 1319 185 1404 dignis
215 1342 275 1407 pro
291 1321 416 1390 meritis
430 1319 644 1407 respondere;
667 1318 937 1388 commendabilia
951 1319 1145 1386 fidelitatum
1174 1324 1206 1385 et

83 1429 243 1498 meritoria
259 1429 417 1514 obsequia
434 1429 538 1516 ipsius
553 1427 703 1513 Magistri
718 1429 838 1516 Kolyn‚
871 1447 934 1512 qne
949 1426 1035 1494 idem
1051 1428 1086 1495 in
1118 1425 1205 1496 dele·

83 1535 185 1602 randis
201 1535 427 1621 legadionibus
441 1538 563 1606 nostris
579 1535 719 1604 fideliter
736 1535 883 1604 exhibuit
898 1541 931 1604 et
947 1536 1115 1621 impendit,
1133 1556 1201 1622 pre·

80 1643 173 1712 iatam
190 1649 307 1712 terram
325 1643 583 1714 uduornicorum
601 1651 784 1713 nostrornm
809 1641 917 1729 Sardy
948 1649 1099 1714 uocatam
1130 1661 1202 1710 cum

80 1754 143 1819 suis
167 1751 358 1820 utilitatibus
375 1760 408 1820 et
422 1753 635 1839 pertinenoiJs
651 1752 823 1838 uniuersis,
840 1751 945 1820 vineis
960 1751 1098 1838 scilicet,
1128 1770 1202 1836 pra·

79 1861 126 1946 tis,
143 1861 238 1928 siluis
254 1867 288 1927 et
302 1859 399 1928 terris
417 1861 605 1950 arabilibus,
636 1860 814 1930 secundnm
833 1859 919 1947 quod
950 1880 1008 1947 per
1039 1857 1200 1946 predictos

78 1968 276 2037 uduornicos
294 1970 439 2036 limitata
455 1969 562 2037 fuerat
578 1976 611 2037 et
641 1989 805 2057 possessa,
838 1975 1014 2036 memorato
1044 1967 1200 2052 blagistro

79 2075 208 2163 Kolyno,
241 2083 275 2145 et
291 2096 350 2162 per
375 2097 449 2144 eum
479 2077 547 2146 suis
579 2075 745 2162 fratribus,
777 2077 951 2166 Rychardo
983 2072 1136 2144 uidelicet
1167 2083 1201 2141 et

81 2182 217 2270 Dytrico,
242 2203 283 2251 ac
299 2183 443 2270 ipsorum
461 2185 635 2254 heredibus
652 2185 874 2270 heredumque
890 2204 1022 2252 snorum
1038 2203 1201 2252 suecesso-

79 2291 160 2358 ribus
175 2291 246 2358 iure
261 2301 421 2378 perpetuo
453 2301 485 2361 et
515 2293 775 2361 irreuocabiliter
806 2293 966 2380 dedimus,
998 2291 1200 2378 donauimus,

79 2397 269 2466 contulimus
284 2405 383 2482 atque
399 2399 593 2468 tradidimus
609 2401 745 2487 pacifice
762 2407 794 2468 et
821 2400 930 2484 quiete
956 2399 1199 2485 possidendam.

80 2507 113 2572 ln
128 2507 218 2573 cuius
231 2507 278 2574 rei
308 2509 495 2575 memoriam
529 2514 785 2595 perpetuamque
815 2507 1001 2575 firmitatem
1029 2513 1201 2593 presentes

80 2613 288 2681 concessimus
321 2614 447 2684 litteras
472 2614 637 2703 dupplicis
662 2615 767 2702 sigilli
792 2617 892 2684 nostri
915 2614 1094 2683 munimine
1109 2616 1201 2685 roho·

80 2725 170 2788 ratas.
187 2724 307 2790 Datum
322 2741 381 2807 per
398 2743 514 2792 manus
539 2724 672 2794 discreti
706 2724 766 2792 viri
798 2723 947 2808 hlagistri
979 2725 1199 2792 Bartholomei

81 2829 233 2916 Prepositi
248 2831 458 2916 Zepusiensis
474 2833 559 2901 Aule
585 2840 694 2903 nostre
726 2831 1000 2920 vicecancellarii
1030 2833 1142 2904 dilecti
1168 2842 1200 2903 et

80 2935 178 3006 fidelis
192 2941 290 3007 nostri
307 2959 395 3009 anno
411 2941 541 3008 Domini
557 2941 823 3010 ΜὈΟῡΙιΧΧΧο
838 2943 947 3030 tercio,
966 2943 1071 3028 Regni
1091 2951 1198 3011 autern

79 3047 173 3112 nostri
187 3068 273 3116 auno
289 3045 467 3118 undecimo.

81 3242 215 3302 (Eredetie
226 3247 414 3314 hbrhhrtyhn,
433 3248 689 3313 adid-ibolyaszlntt
702 3249 939 3315 selyemnsinoron
953 3249 1066 3316 liigglitt
1077 3249 1200 3316 pecsetje

140 3337 291 3404 elveszett3
319 3354 337 3390 a
356 3337 465 3390 lbmelt.
483 3339 604 3405 herozeg
622 3339 794 3406 lilszterhtzy
814 3340 908 3392 osalhd
927 3339 1141 3403 lsrdltdrhban.)

187 4797 283 4847 ΙΟΙΠΙ.
297 4803 379 4850 EUM.
395 4804 466 4851 msc.
482 4817 523 4834 *-
541 4809 612 4850 nnn.
627 4807 694 4848 xm·
