3148 5146
654 951 728 1016 105.

117 1149 180 1214 IV.
205 1149 324 1215 Ldaz'd
339 1148 520 1233 loirdlyrruk
537 1169 607 1211 eaeo
633 1145 810 1232 adomdayt
841 1149 1029 1233 rasperb'ritd
1060 1149 1250 1234 douepdlyar

500 1253 750 1340 privilegiatae.
767 1254 863 1320 1274.

226 1448 403 1517 Ladialaus
433 1447 495 1514 Dei
526 1449 642 1531 gracia
671 1448 851 1535 Hungorie,
885 1449 1067 1535 Dalmacie,
1103 1448 1250 1536 Groacie,

115 1561 229 1644 Ilame,
246 1555 369 1641 Seruis,
402 1553 554 1641 Gallicie,
596 1554 800 1639 Lodomerie,
834 1553 1000 1642 comanis,
1031 1557 1251 1640 Bulgarieque

115 1667 188 1732 Rex
221 1661 368 1730 omnibus
400 1661 523 1729 Christi
554 1660 705 1729 fidelibus
721 1669 890 1748 presentes
906 1661 1032 1732 litteras
1047 1664 1249 1731 intuentibus

116 1773 260 1838 salntem
277 1771 310 1836 in
327 1769 468 1837 omnium
500 1768 678 1836 salvatore.
695 1768 748 1834 Ad
778 1770 1002 1838 universorum
1033 1771 1186 1838 noticiam
1202 1777 1251 1838 te·

114 1899 197 1946 nore
212 1878 415 1962 presencium
439 1876 587 1944 volumus
603 1875 785 1963 pervenire,
807 1876 891 1960 quod
908 1881 1036 1961 gratam
1055 1876 1245 1944 fidelitatem

115 1992 148 2052 ct
183 1983 458 2053 commendabilia
498 1985 615 2052 merita
656 1983 889 2069 circumspecte
930 1983 1139 2068 providencia
1172 1983 1248 2068 viri,

116 2093 274 2180 Magistri
305 2091 452 2177 Gerardi,
481 2091 571 2158 Artis
601 2089 764 2160 Medicina
779 2090 989 2174 Professoris,
1006 2089 1112 2158 fidelis
1129 2089 1245 2176 phisici

116 2198 236 2285 nostri,
267 2199 383 2280 quibus
411 2219 520 2267 coram
551 2198 673 2266 nostris
706 2206 739 2264 et
769 2197 1034 2284 predecessorum
1065 2205 1248 2268 nostrorum

116 2309 197 2374 Bele
227 2305 387 2374 videlicet
417 2307 471 2374 ari
487 2305 599 2392 nostri,
617 2313 650 2372 ct
666 2303 825 2390 Stephani
844 2305 1000 2390 genitoris
1015 2307 1128 2390 nostri,
1145 2307 1238 2376 domi

116 2435 245 2501 norum,
277 2415 355 2480 olim
386 2414 560 2480 illustrium
592 2413 719 2498 Regum
753 2413 928 2498 Hungarie‚
968 2415 1089 2484 occulis
1129 2415 1249 2484 meruit

117 2521 342 2607 multipliciter
373 2521 575 2606 conplorare,
607 2531 751 2588 nostrum
782 2527 814 2586 et
830 2520 1014 2588 corumdem
1045 2542 1181 2608 corpora
1213 2523 1248 2588 in

116 2630 274 2714 adoptata
289 2627 442 2695 sanitatis
457 2633 542 2695 statu
574 2627 798 2695 conservando
814 2648 875 2712 per
906 2634 1055 2712 tempora
1085 2630 1251 2714 longiora.

118 2736 345 2819 Attendentas,
370 2741 625 2818 revocantesque
641 2737 674 2801 in
690 2736 845 2823 animum,
865 2735 1007 2820 qualitor
1022 2737 1108 2804 idem
1124 2738 1246 2824 Magis-

118 2851 166 2911 ter
198 2842 366 2911 Gerardus
398 2863 457 2928 per
489 2844 665 2910 exercitate
695 2843 926 2910 sollicitudinis
956 2862 1013 2910 sue
1045 2842 1143 2910 fidam
1174 2865 1248 2929 opc-

120 2952 295 3034 racioncm,
326 2970 386 3018 nos
417 2951 597 3018 auxiliante
633 2951 771 3019 Domino
805 2951 845 3016 de
861 2950 955 3034 gravi
986 2949 1180 3032 egritudinis
1197 2971 1250 3016 ar·

121 3061 232 3147 riculo,
265 3059 323 3124 ubi
356 3059 396 3126 de
411 3060 481 3125 vita
505 3067 618 3127 nostra
635 3065 761 3144 poterat
786 3060 902 3126 merito
935 3057 1085 3143 dubitari,
1117 3057 1251 3144 pristine

121 3167 263 3234 restituit
294 3167 439 3234 sanitati.
471 3167 540 3235 Nos
557 3169 591 3234 in
623 3167 801 3251 aliqualem
832 3167 1127 3238 remunerationem
1156 3173 1203 3234 tot
1220 3174 1252 3236 et

122 3283 288 3341 tantorum
304 3275 490 3341 meritorum
506 3293 647 3362 suorum,
666 3295 707 3342 ex
721 3263 814 3342 certa
844 3274 984 3342 sciencia
1002 3281 1035 3339 et
1050 3293 1139 3340 mera
1170 3274 1252 3341 libe-

123 3382 269 3466 ralitate,
302 3381 343 3448 de
375 3383 540 3449 Beronum
580 3387 765 3450 nostrorum
791 3379 1022 3448 nichilominus
1053 3381 1187 3447 oonsilio
1220 3389 1252 3448 et

124 3507 298 3574 consensu,
334 3489 527 3557 contulimus
562 3491 666 3557 eidem
706 3490 864 3573 Magistro
906 3487 1050 3555 cerardo
1093 3485 1255 3572 quandam

125 3603 246 3661 terram
278 3594 385 3662 Castri
401 3596 645 3679 Zagrabicnsis‚
658 3597 821 3662 Tornovra
837 3601 998 3684 vocatam,
1014 3615 1086 3662 cum
1102 3597 1253 3665 omnihus

124 3701 192 3768 suis
224 3702 422 3769 utilitatibus
453 3709 484 3768 et
514 3703 729 3788 pertinenciis
761 3703 934 3790 universis,
977 3701 1072 3770 terris
1103 3701 1257 3771 videlicet

124 3811 221 3876 cultis
255 3816 288 3874 et
314 3810 456 3894 incultiS,
488 3810 604 3895 vineis,
637 3811 742 3896 silvis,
775 3812 970 3898 nemoribus,
1004 3809 1108 3896 aquis,
1141 3811 1254 3898 pratis,

123 3916 295 4003 fenilibus,
312 3915 354 3982 ab
374 3916 447 4002 ipso
479 3917 695 4003 Zagrabicnsi
728 3914 841 3983 Castro
872 3924 1043 4003 exceptam
1075 3915 1207 4001 penitus
1225 3923 1258 3982 et

123 4030 318 4109 exemptam,
350 4044 407 4110 per
423 4045 495 4092 enm
514 4033 547 4092 et
562 4044 621 4112 per
636 4043 714 4093 suos
731 4024 867 4092 heredes
888 4025 1109 4108 heredumque
1126 4043 1257 4091 suorum

122 4131 157 4195 in
189 4135 358 4216 posterum
388 4151 595 4200 successores
630 4130 896 4199 inrevocabiliter
937 4137 1094 4216 perpetuo
1124 4131 1259 4218 pacifice

122 4237 366 4323 possidendam,
395 4260 467 4308 eam
483 4241 547 4308 sibi
563 4261 622 4327 per
637 4239 831 4326 Dyonisium
853 4240 1019 4323 Comitem,
1037 4247 1114 4305 tunc
1129 4241 1259 4309 Bonum

122 4345 228 4411 tocius
262 4343 447 4435 Sclauonic,
480 4349 568 4416 nullo
606 4347 848 4416 contradictore
888 4351 1078 4431 apparente,
1110 4347 1194 4412 sicut
1225 4347 1259 4413 id

129 4451 282 4518 eiusdem
299 4451 384 4521 Bani
400 4455 507 4523 littere
523 4455 750 4542 declarabant,
767 4452 930 4539 assignari
940 4450 1098 4519 faciendo.
1108 4452 1261 4520 Volentes

127 4567 162 4623 et
178 4560 325 4644 presenti
351 4559 519 4629 ediocione
548 4569 708 4648 perpetuo
741 4562 895 4630 duratura
926 4566 1115 4644 statuentes,
1143 4565 1261 4626 uttam

1114 4666 1156 4738 81
