3124 5152
833 328 989 430 goe-

1556 473 1557 506 i

350 527 498 596 arborem
529 523 645 610 egnrfa
675 543 769 592 ornoe
798 524 973 609 nipnatam,
990 522 1043 590 ubi
1068 523 1136 588 exit
1152 521 1192 588 de
1208 522 1310 609 potok
1327 526 1360 588 ot
1377 522 1483 590 tendit
1556 509 1557 580 i

351 654 408 720 per
424 632 545 701 vallem
560 651 672 700 versus
688 639 829 700 montem
839 635 872 698 et
882 629 1028 715 pervenit
1043 628 1087 695 ad
1102 628 1254 696 arborem
1270 629 1368 716 nyrfa
1387 649 1484 697 ernoa

351 742 537 828 signatam
560 738 679 806 deinde
698 757 756 824 per
772 745 912 807 montem
931 737 1019 805 venit
1033 735 1077 803 ad
1092 735 1212 804 vallem
1227 736 1271 803 ad
1286 736 1368 804 duas
1390 737 1483 804 arbo-
1556 731 1557 734 ’

350 867 403 916 res
419 848 494 916 eber
524 867 617 916 ornae
647 847 795 931 signatas
813 852 845 914 ot
877 844 970 912 metis
1001 845 1113 912 terreis
1142 843 1376 928 aironmfnoaa3
1404 843 1481 912 inde
1556 833 1557 884 ἕ

349 953 555 1044 pervenitad
586 973 685 1022 noum
701 953 811 1041 potok,
825 954 881 1021 nbi
908 959 957 1021 eet
971 953 1067 1020 arbor
1083 959 1200 1038 gertan
1216 971 1310 1020 ernee
1327 951 1480 1037 signata3

352 1065 438 1134 unde
453 1061 602 1133 aseendit
618 1061 661 1130 ad
673 1070 814 1130 montem
829 1069 862 1129 et
877 1063 1026 1148 pervenit
1045 1059 1089 1128 ad
1107 1059 1189 1128 dnaa
1221 1061 1353 1128 arbores
1386 1059 1483 1146 nynia
1556 1055 1557 1058 ’

354 1193 448 1242 ornee
479 1173 645 1258 signatam
670 1169 789 1238 deinde
819 1188 878 1256 per
908 1169 1024 1238 vallem
1055 1167 1224 1236 deseendit
1241 1168 1276 1234 in
1294 1169 1423 1254 sylvam
1438 1169 1480 1238 ad
1556 1227 1557 1230 ,

350 1284 498 1351 arborem
523 1283 599 1348 ober
631 1297 725 1348 orooe
756 1279 930 1366 signatam,
963 1283 1051 1346 meta
1086 1285 1194 1346 terrea
1225 1275 1458 1346 eiroominsam
1556 1291 1557 1300 ¹

352 1389 437 1458 nnde
466 1389 554 1456 venit
585 1387 628 1456 ad
665 1388 815 1456 arborem
853 1408 915 1474 nyr
954 1407 1048 1456 ornae
1084 1387 1272 1471 signatam3
1319 1385 1363 1453 ab
1402 1383 1478 1453 inde

352 1499 395 1566 ad
433 1497 580 1564 arborem
633 1495 719 1583 byb,
759 1513 854 1563 eruee
891 1495 1077 1582 signatam3
1116 1493 1194 1561 inde
1240 1493 1284 1562 ad
1332 1494 1480 1562 arborem
1556 1539 1557 1546 ι

351 1627 432 1674 naar
463 1609 621 1688 vooatam,
655 1620 750 1671 erano
780 1605 964 1688 signatam
1002 1600 1088 1669 unde
1117 1621 1233 1688 parum
1272 1599 1479 1688 proeedendo

350 1713 498 1802 pervenit
529 1713 572 1782 ad
587 1732 685 1782 onum
703 1711 812 1799 potok,
833 1713 887 1780 nbi
904 1720 953 1780 est
968 1712 1063 1779 arbor
1079 1732 1161 1780 naar
1176 1730 1271 1780 ernoe
1286 1712 1428 1796 signata,
1447 1719 1480 1777 et
1556 1735 1557 1740 ¹

350 1841 408 1910 por
422 1821 527 1910 ipsum
543 1822 643 1908 potok
658 1820 866 1888 amandando
881 1818 1084 1907 pervenitad
1100 1818 1233 1887 arbores
1244 1820 1363 1906 jawar,
1380 1837 1477 1888 ornoe

349 1931 516 2015 signatae;
540 1927 658 1997 deinde
689 1927 779 1996 venit
809 1927 851 1996 ad
867 1933 1018 2015 montem,
1048 1927 1103 2012 qni
1129 1926 1217 2010 wigo
1233 1925 1330 1993 bereb
1346 1925 1477 2008 dieitur,

349 2035 404 2104 ubi
420 2042 470 2104 eet
485 2035 541 2103 via
556 2053 619 2119 qne
635 2032 726 2103 vadit
737 2033 780 2103 ad
796 2033 989 2122 Glannioba,
1007 2041 1039 2102 et
1054 2053 1112 2121 per
1127 2034 1267 2101 eandem
1281 2032 1369 2100 viam
1384 2035 1477 2102 venit
1556 2081 1557 2122 3

349 2144 394 2211 ad
409 2141 559 2212 arborem
584 2149 770 2210 castaneam
795 2163 891 2210 ornoe
916 2143 1097 2229 signatam
1124 2143 1211 2210 unde
1230 2161 1287 2228 por
1303 2141 1391 2210 viam
1407 2163 1479 2227 per-
1556 2209 1557 2216 ,

351 2251 442 2320 venit
458 2249 504 2318 ad
519 2249 602 2318 duas
618 2251 750 2318 arborea
768 2251 851 2318 haas
868 2257 900 2318 et
930 2271 991 2338 nyr
1022 2271 1118 2319 oruee
1150 2252 1306 2336 signatas,
1325 2257 1359 2318 et
1387 2261 1478 2320 meta

349 2368 456 2427 terrea
486 2357 700 2427 eironmiooas
717 2357 759 2425 ad
785 2365 890 2427 metas
907 2360 1098 2444 angularem
1115 2357 1201 2426 unde
1219 2359 1341 2444 regirat
1357 2361 1392 2426 in
1408 2361 1476 2427 val·
1556 2347 1557 2432 J

350 2467 413 2536 tom
430 2485 543 2534 versus
558 2465 726 2533 meridiem
742 2465 784 2534 ad
800 2469 950 2535 arborem
966 2473 1156 2534 eastaneam
1182 2469 1476 2554 orueesignatam3
1556 2453 1557 2488 ³

348 2575 426 2643 inde
455 2574 662 2662 procedendo
693 2575 841 2661 pervenit
857 2597 914 2662 per
940 2576 1078 2642 eandam
1095 2579 1213 2644 vallem
1230 2575 1274 2644 ad
1291 2577 1401 2662 potok,
1421 2577 1477 2643 nbi

348 2689 424 2751 snnt
440 2681 504 2752 due
517 2683 650 2750 arbores
668 2681 736 2769 byk
752 2701 845 2751 ornoe
861 2683 1010 2770 signate5
1035 2683 1152 2751 deinde
1168 2682 1285 2752 transit
1300 2703 1358 2770 per
1374 2685 1480 2770 potok
1556 2695 1557 2772 j

348 2789 552 2858 aseendendo
582 2791 624 2858 ad
642 2797 782 2859 montem
814 2791 1021 2879 pervenitad
1046 2793 1129 2859 duas
1146 2792 1278 2860 arbores
1296 2789 1363 2879 byk
1379 2812 1480 2861 oruoe
1556 2805 1557 2884 f

347 2902 516 2986 signatam
539 2899 625 2968 unde
640 2901 730 2968 venit
746 2899 789 2970 ad
805 2910 955 2984 montem,
970 2901 1027 2968 ubi
1042 2908 1119 2970 sunt
1143 2901 1205 2973 due
1237 2903 1369 2968 arborea
1402 2922 1479 2988 nyr,
1556 2983 1557 2990 ἵ

348 3009 442 3076 metis
458 3009 574 3077 terreis
604 3007 805 3094 oironminse,
836 3009 890 3076 ubi
907 3011 1069 3078 vioinatnr
1087 3017 1172 3078 terre
1189 3010 1366 3097 Vyobeoh3
1397 3010 1479 3076 inde
1556 3023 1557 3066 ῑ

349 3116 492 3204 procedit
508 3138 567 3204 per
583 3117 720 3185 eundem
738 3125 880 3186 montem
896 3124 928 3185 et
943 3119 1092 3204 pervenit
1108 3117 1151 3186 ad
1171 3117 1345 3203 quamdam
1362 3125 1481 3205 ruptu—
1556 3119 1557 3200 ξ

347 3245 416 3291 ram
433 3225 558 3292 Gurbnt
583 3229 750 3304 vocatam
773 3223 859 3294 unde
873 3226 1022 3313 pervenit
1038 3227 1079 3293 ad
1097 3245 1194 3294 onum
1211 3228 1322 3314 potok,
1339 3233 1372 3292 et
1387 3233 1482 3294 tran-
1556 3241 1557 3320 J

347 3333 459 3401 sitiens
476 3335 581 3416 ipsum
598 3331 698 3416 potok
713 3334 885 3402 revertitur
900 3335 933 3400 in
959 3355 1058 3402 unum
1090 3335 1198 3420 hereb,
1230 3335 1285 3403 nbi
1316 3341 1391 3403 aunt
1408 3341 1481 3404 tres

347 3445 482 3510 arbores
513 3439 610 3509 obeer
641 3459 736 3508 ornae
761 3441 907 3526 signate;
931 3441 1008 3512 inde
1023 3441 1171 3510 aseendit
1185 3441 1229 3510 ad
1246 3463 1343 3510 unum
1360 3445 1482 3511 monti·
1556 3461 1557 3516 j

347 3551 454 3619 ouium
485 3549 655 3636 Oueshegh
686 3557 848 3639 vocatum,
875 3569 975 3634 aquo
1007 3549 1232 3620 descendendo
1263 3551 1483 3637 pervenitad
1556 3549 1557 3560 ’

347 3659 494 3726 arborem
510 3657 587 3724 eber
604 3664 691 3724 meta
706 3663 814 3725 terrea
828 3657 1091 3744 oironmfnasam3
1114 3659 1202 3727 unda
1221 3659 1400 3746 procedens
1420 3680 1484 3746 per

346 3765 468 3835 vallem
485 3765 632 3851 pervenit
664 3766 707 3831 ad
738 3767 876 3852 primam
908 3774 1025 3836 metam
1057 3768 1158 3856 Zopot
1188 3769 1422 3856 supradietam.
1441 3770 1483 3834 In

346 3875 436 3942 noina
452 3873 500 3940 rei
516 3873 715 3963 memoriam,
731 3885 763 3941 et
773 3879 808 3942 ot
818 3873 999 3944 huiuamodi
1017 3877 1142 3962 empoio
1158 3883 1190 3944 et
1205 3875 1358 3944 vendioio
1374 3877 1482 3946 robur
1556 3863 1557 3924 5

346 3983 493 4068 optineat
508 3981 679 4066 firmitatis,
695 3981 738 4051 ad
753 3983 946 4052 instanoiam
963 3985 1106 4069 pareium
1124 3991 1291 4070 presentes
1315 3989 1484 4055 eoncessi-
1556 3979 1557 4016 ³

345 4107 417 4156 mus
447 4087 574 4158 litteras
591 4091 690 4176 sigilli
706 4091 810 4158 nostri
825 4092 1002 4160 munimine
1018 4075 1195 4162 roboratas.
1211 4093 1333 4161 Datum
1350 4093 1485 4178 ‘tagra-
1556 4075 1557 4146 ]

343 4198 397 4266 bie
413 4217 500 4265 anno
516 4201 650 4269 Domini
666 4199 838 4267 millesimo
855 4199 1010 4269 OGLXX.
1028 4223 1123 4272 nono.

346 4397 507 4462 (Thaleaioa,
525 4397 649 4450 Monam.
668 4398 768 4451 histor.
787 4399 974 4465 Episoopatua
992 4399 1189 4466 Zagrebiensia
1202 4403 1224 4452 1.
1237 4401 1299 4454 ltdt.
1322 4407 1382 4454 199.
1403 4403 1483 4472 lap.)
1556 4461 1557 4468 χ
