3096 5160
598 335 757 444 Qu„

114 533 362 620 lirmitstemqno
393 543 584 623 perpetrem
610 537 716 606 eidem
733 538 892 622 Magistro
908 535 1052 604 Duruzlo
1070 541 1237 622 presentes

114 643 335 712 conoessimns
350 643 481 712 litteras
502 645 644 732 duplicis
674 646 777 730 sigilli
809 647 911 714 nostri
944 646 1119 713 munimine
1148 643 1239 710 roho-

117 759 217 818 ratas.
247 750 367 819 Datum
398 773 457 839 per
488 773 604 822 manus
643 754 775 822 disereti
806 753 869 821 viri
899 752 1049 838 Magistri
1080 751 1241 819 Theodori

110 854 265 924 Alliensis
305 860 453 929 Eeelesio
492 861 665 950 Prepesiti‚
706 861 789 928 Aule
821 867 933 929 nostre
963 855 1237 944 Vionanoellarij

111 963 223 1031 dileeti
238 985 280 1032 se
294 965 405 1034 fidelis
422 969 526 1035 nostri
556 990 643 1036 anno
678 968 809 1036 Domini
841 967 1011 1036 millesimo
1042 965 1111 1033 00⁰
1141 983 1241 1032 nona·

110 1073 235 1154 gesimo
252 1073 407 1160 seeundo,
424 1075 530 1159 Regni
545 1081 655 1143 autem
672 1077 774 1144 nostri
790 1096 876 1143 anno
892 1075 1002 1142 ternio.

111 1267 255 1332 (Eredetie
273 1283 291 1318 a
309 1267 401 1331 Bnmy
420 1269 516 1320 esalbd
534 1267 736 1338 leveltdrhhan,
768 1269 907 1320 mtsolsts
937 1284 954 1318 a
972 1283 1008 1318 m.
1037 1273 1058 1316 t.
1091 1266 1240 1320 akodsmie

110 1357 300 1410 iratttrdben.
337 1357 425 1408 Besae
443 1359 548 1411 hiadva
566 1359 694 1424 sternel
713 1357 778 1410 cod.
799 1359 876 1423 Dipl.
894 1359 943 1411 VI.
962 1359 1021 1408 rot.
1043 1363 1067 1406 1.
1086 1372 1109 1408 r.
1131 1361 1191 1407 204.
1210 1357 1241 1421 l.)

653 2175 732 2244 434.

111 2375 160 2440 Aa
174 2377 248 2460 apri
273 2373 492 2461 lsdptolunoak
522 2373 798 2460 bieoaysdpleoele,
829 2374 913 2462 kopp
945 2372 1071 2463 Botbyk
1103 2372 1238 2442 Choloua

108 2484 138 2545 ta
166 2481 314 2546 Thurooa
338 2480 555 2568 helyatpekbea
578 2482 646 2547 leod
677 2481 819 2545 birtokdt
851 2480 1014 2568 dteaqedro
1049 2481 1235 2571 ledoydaale

423 2593 453 2650 da
467 2585 592 2671 oejduek
614 2585 791 2654 erdaok.
810 2587 909 2654 1292.

215 2780 377 2850 Omnibus
393 2779 514 2849 Christi
530 2779 680 2848 fidelibus
696 2785 763 2848 tam
779 2779 984 2866 presentibus
1000 2800 1097 2865 quam
1115 2782 1233 2851 futuris

107 2904 244 2974 presens
259 2889 416 2973 seriptum
433 2885 629 2973 inspecturis
661 2888 798 2956 salutern
830 2885 864 2968 ip
895 2888 1036 2955 omniurn
1068 2889 1234 2956 saluatore

105 2993 159 3060 Ad
198 2993 423 3063 uniuersorum
471 2994 623 3062 notioiam
673 3000 785 3062 tenore
834 2997 1037 3079 presencium
1086 2997 1234 3064 volumus

105 3103 302 3185 peruenire:
318 3099 405 3186 quod
420 3101 552 3188 Bothyk
568 3103 609 3169 de
625 3100 716 3170 iuxta
732 3101 864 3170 fluuium
911 3102 1062 3172 Thuruoh
1095 3103 1137 3168 eb
1169 3125 1235 3170 vno

106 3214 212 3296 parte,
227 3210 270 3276 ab
286 3209 389 3276 altera
404 3227 482 3276 uero
496 3208 600 3276 era
615 3209 680 3276 lilio
695 3207 816 3278 Zoloeh
833 3229 953 3294 genero
964 3207 1109 3276 eiusdem
1124 3227 1234 3277 eoram

104 3315 200 3382 nobis
230 3315 447 3400 personaliter
478 3315 672 3404 eonstitutis,
713 3315 858 3404 prelatus
890 3315 1021 3403 Bothyk
1063 3317 1233 3400 proposuit

104 3423 288 3490 viuauoee:
315 3420 400 3505 quod
440 3440 513 3488 eum
553 3423 709 3490 heredum
750 3429 859 3491 eareat
900 3422 1033 3508 solaeio,
1065 3423 1233 3507 porciones

102 3549 194 3614 suas,
211 3547 293 3612 ques
308 3529 407 3598 hehet
437 3529 472 3595 in
503 3529 597 3597 terris
628 3528 765 3598 Oheken
797 3536 829 3598 et
858 3528 1012 3598 Thuruoh
1043 3529 1167 3597 voeatis
1199 3533 1232 3596 in

103 3634 267 3704 contum
283 3637 490 3729 (bononiensi
506 3635 731 3723 existentibus,
755 3637 816 3704 sub
847 3637 971 3706 eisdem
1005 3635 1102 3706 oertis
1133 3639 1229 3705 metis

101 3752 135 3810 et
150 3741 302 3828 antiquis,
327 3742 445 3826 quihus
470 3743 556 3812 idem
581 3743 781 3831 possidebat,
807 3763 880 3812 oum
905 3744 1053 3814 omnibus
1079 3740 1226 3812 utilitati-

102 3851 165 3918 bus
188 3855 223 3918 et
253 3849 463 3936 pertineneijs
488 3851 565 3939 suis,
598 3851 743 3920 dedisset
774 3851 962 3919 contulisset
979 3859 1011 3919 et
1041 3847 1232 3920 tradidisset

107 3957 237 4024 domine
267 3955 334 4024 lilie
362 3977 421 4026 sue
451 3957 545 4026 uxori
575 3957 654 4026 dieti
684 3956 800 4040 ere,
818 3965 850 4025 et
865 3955 970 4026 eidem
985 3955 1100 4040 era,
1117 3959 1182 4026 sibi
1199 3964 1232 4026 et

101 4065 170 4134 suis
217 4063 391 4134 heredibus
440 4065 659 4152 heredumque
704 4085 834 4134 suorum
880 4064 1122 4134 suecessoribus
1161 4063 1230 4130 iure

102 4176 260 4258 perpetuo
292 4173 428 4258 pseilioe
457 4173 670 4261 possidendas
702 4183 735 4243 et
765 4175 947 4242 habendas.
978 4175 1020 4240 Et
1035 4173 1125 4240 Iwan
1143 4171 1230 4240 filius

101 4279 213 4364 ligidij
239 4299 299 4366 pro
315 4299 352 4348 se
368 4287 400 4350 et
423 4302 485 4366 pro
515 4281 619 4352 Pouth
650 4280 751 4350 fratre
783 4302 861 4366 sno;
886 4284 963 4350 item
994 4280 1114 4348 Paulus
1145 4279 1228 4348 filius
1308 4348 1314 4376 Ι

99 4385 226 4454 Thome
257 4407 314 4472 pro
344 4408 380 4456 se
411 4396 445 4456 et
474 4409 535 4474 pro
566 4389 716 4460 ‚Iohanne
754 4391 855 4458 fratre
894 4410 964 4478 suo,
995 4389 1227 4472 consanguinei

95 4493 203 4577 ipsius
221 4490 354 4577 Bathyk
369 4497 631 4565 eteommetanei
648 4503 819 4588 terrarum,
850 4518 959 4565 eoram
992 4495 1086 4563 nohis
1118 4516 1224 4582 pereo-

94 4600 221 4670 naliter
262 4601 440 4691 eonstituti,
480 4603 555 4672 haio
586 4605 760 4674 donaoioni
791 4625 847 4676 seu
880 4603 1051 4672 oollaoioni
1093 4605 1225 4688 plenum

1053 4709 1118 4782 34*
