3112 5154
849 989 921 1058 lut.

299 1187 349 1255 ..A
369 1187 570 1276 pdcsudrodi
585 1187 777 1254 bouceutuek
807 1186 1086 1274 diaouysdpleccle,
1118 1188 1202 1275 kopp
1226 1211 1249 1252 o
1279 1189 1453 1280 Nauspty·i

308 1296 457 1362 -uemeseb
473 1296 505 1362 έε
520 1319 542 1362 α
566 1295 702 1380 Koauy
727 1298 789 1359 ectr
815 1293 887 1362 teob
905 1294 1090 1381 joobepyat
1118 1293 1270 1362 birtcicuk
1300 1301 1453 1368 satereia

375 1404 543 1470 udlaaatott
560 1403 656 1468 esraa
671 1402 906 1487 kumenjurtaa
923 1401 1006 1468 altat
1020 1401 1252 1489 szabo'lpoatdk.
1277 1407 1378 1474 1276.

625 1592 651 1660 O
866 1593 893 1660 B
1109 1597 1139 1662 A

425 1703 611 1772 Contentus
650 1701 839 1786 Monasterij
880 1701 1101 1774 waradiensis
1132 1705 1295 1772 uniuersis
1328 1705 1451 1774 Christi

317 1811 466 1879 fidelibus
483 1809 688 1896 presentibus
705 1808 828 1894 pariter
843 1815 876 1876 ct
891 1804 1006 1878 suturis
1022 1819 1190 1896 presentes
1200 1813 1330 1880 litteras
1341 1815 1452 1900 inspe-

297 1961 299 1966 ·
316 1923 417 1988 cturis
433 1920 571 1988 salutem
588 1919 623 1984 in
638 1917 780 1984 Domino
796 1915 1038 2002 sempiternam.
1056 1920 1109 1986 Ad
1126 1921 1351 1988 uniuersorum
1369 1921 1455 1990 noti·

318 2028 403 2094 eiam
420 2034 530 2094 tenore
546 2023 749 2110 presencium
767 2023 916 2090 uolumus
934 2025 1115 2112 peruenire,
1131 2027 1216 2111 quod
1233 2026 1351 2094 Comes
1368 2028 1449 2094 Leo

320 2135 443 2202 nardus
459 2133 499 2198 de
515 2132 657 2217 Nempty
685 2151 743 2216 pro
774 2129 953 2215 Domiuieo,
985 2131 1145 2217 Dyonisio
1176 2142 1208 2200 et
1238 2135 1344 2204 Paulo
1375 2135 1453 2221 fiiijs

318 2239 471 2310 Berekun
488 2239 533 2306 de
550 2237 632 2304 nilla
647 2239 748 2320 Bona,
761 2237 954 2324 jobagiones
970 2239 1074 2308 Casiri
1092 2242 1133 2310 de
1150 2241 1262 2308 Koaad
1278 2245 1322 2310 ab
1343 2243 1454 2309 altera

321 2369 433 2416 eoram
449 2347 542 2414 nobis
559 2345 771 2430 personaliter
788 2347 953 2414 constituti
978 2355 1216 2433 proposuerunt
1232 2375 1240 2414 :
1257 2350 1347 2434 quod
1377 2370 1454 2416 cnm

317 2477 417 2544 super
433 2457 520 2524 iaetu
537 2455 703 2522 cuiusdam
721 2455 880 2539 particule
896 2461 980 2523 terre
995 2457 1141 2541 ipsorum
1158 2456 1267 2526 Pousa
1284 2459 1454 2530 etPaulus

320 2567 353 2632 in
372 2573 458 2632 terra
475 2560 650 2647 Dominioi,
668 2561 817 2646 Dycnisij
836 2568 869 2628 et
885 2563 979 2629 Pauli
996 2563 1132 2630 filiorum
1142 2563 1278 2631 Comitis
1288 2562 1454 2631 Leonardi

321 2671 540 2761 predictorum
555 2669 648 2736 Boxa
663 2674 789 2753 vocate,
823 2689 921 2753 quam
937 2669 1038 2753 ijdem
1053 2670 1110 2756 biij
1130 2670 1263 2738 Comitis
1288 2669 1454 2738 Leonmdi

302 2803 361 2851 «cx
376 2779 480 2864 Regia
495 2775 673 2845 donacione
688 2775 864 2861 possident,
892 2777 1106 2844 communiter
1122 2777 1304 2862 existentis,
1338 2777 1454 2864 111111]-
1554 2829 1555 2850 t

318 2911 391 2980 nys,
408 2887 557 2956 Obuileus
574 2885 726 2968 Comites,
744 2883 929 2967 Stephanus
947 2884 987 2952 de
1004 2884 1151 2971 Bokana,
1168 2886 1286 2971 Pobor,
1305 2884 1452 2971 Bolosey

319 2999 360 3064 de
376 2997 507 3075 Peturd,
531 2999 564 3060 et
579 2992 791 3060 Sebastianus
809 2992 893 3060 filius
909 2992 1024 3075 Deme,
1056 2994 1089 3058 in
1105 2992 1179 3080 ipsa
1194 2993 1277 3060 uilla
1292 2996 1386 3060 Bona
1419 2995 1455 3060 in

320 3103 496 3192 quindenis
513 3099 695 3168 residencie
711 3100 870 3167 exercitus
886 3101 1036 3168 arbitrari
1052 3099 1241 3170 debuissent
1265 3103 1353 3168 inter
1382 3121 1455 3186 par·

318 3223 389 3295 tcs;
412 3209 544 3276 tandem
562 3205 779 3274 mediantibus
794 3208 948 3292 predictis
976 3209 1128 3295 Bolosey,
1157 3208 1354 3276 Sebastiano
1384 3211 1456 3276 filio
1553 3225 1554 3240 ²

319 3323 432 3406 Deme,
459 3313 672 3385 Obellcvfilio
690 3315 831 3402 blatbey,
865 3321 897 3380 et
912 3315 1108 3382 Sebastiano
1131 3314 1206 3381 ,11110
1240 3315 1358 3384 Jacobi
1391 3336 1453 3402 per

320 3429 409 3513 ipsas
426 3430 537 3511 partes
554 3423 596 3489 de
612 3421 680 3488 suis
697 3420 828 3487 arbitris
845 3418 887 3486 ad
904 3420 1073 3488 arbitrium
1089 3420 1276 3488 iaciendum
1289 3421 1332 3488 ad
1343 3421 1456 3508 ipsam

320 3535 432 3602 villam
449 3533 539 3598 Boua
555 3529 714 3613 adductis,
739 3527 885 3612 ipsisque
901 3528 1148 3613 arbitrantibus,
1163 3529 1311 3615 predicte
1338 3538 1457 3615 partes
1552 3611 1553 3620 ἵ

321 3645 355 3709 in
372 3642 471 3708 talem
488 3637 579 3723 pacis
595 3642 627 3704 et.
642 3635 815 3702 concordie
826 3638 978 3702 unionem
990 3636 1208 3724 deuenissent,
1226 3644 1323 3724 prout
1332 3639 1457 3705 seriem
1552 3627 1553 3638 ’

323 3751 428 3838 ipsius
444 3745 572 3829 arbitrij
589 3743 708 3810 factam
725 3764 783 3829 per
799 3745 937 3811 arbitros
955 3743 1116 3828 predictos
1132 3746 1217 3812 iuter
1232 3745 1324 3832 ipsas
1341 3754 1458 3831 partes

306 3875 419 3943 *super
435 3853 597 3939 particula
612 3857 697 3917 terre
712 3851 857 3936 predicte
874 3851 907 3916 in
940 3852 1055 3918 litteris
1088 3853 1293 3936 Preceptoris
1324 3854 1458 3922 Domus

320 3965 441 4032 Milicie
456 3960 587 4044 Templi
613 3963 645 4024 et
676 3958 890 4044 predictorum
921 3959 1116 4027 arbitrorum
1150 3961 1278 4047 plenius
1309 3962 1459 4031 uidimus
1551 4007 1552 4046 ,

323 4068 497 4150 contineri;
521 4068 605 4152 quod
622 4065 801 4151 predictam
819 4067 1011 4152 particulam
1027 4077 1111 4136 terre
1127 4070 1270 4156 ipsorum
1287 4070 1401 4136 Pensa
1426 4079 1461 4138 et

310 4179 440 4246 ,Paulus
458 4175 575 4261 prefati
592 4172 705 4238 arbitri
721 4182 914 4258 separantes
930 4195 951 4241 a
967 4183 1057 4242 terra
1073 4175 1236 4242 Dominici
1254 4183 1286 4242 et
1317 4195 1459 4244 suorum

318 4286 454 4354 fratrum
471 4281 689 4368 predictorum
705 4281 765 4347 sub
781 4280 877 4348 certis
894 4281 989 4348 metis
1005 4281 1048 4347 ab
1080 4303 1144 4348 rna
1174 4288 1269 4368 purte
1300 4282 1460 4367 reliquis-

303 4396 392 4460 ·sent
406 4389 487 4476 ipsis
504 4391 612 4456 Pousa
628 4394 661 4455 et
675 4389 797 4455 Paulus
815 4387 1055 4473 possidendam.
1095 4391 1180 4457 Mete
1206 4397 1313 4456 autem
1346 4391 1461 4474 ipsius
1550 4403 1551 4418 *

319 4497 478 4584 particule
494 4505 589 4582 terre,
621 4515 683 4580 que
700 4495 799 4564 cessit
816 4497 849 4561 in
866 4496 1051 4581 porcionem
1068 4497 1176 4566 Pensa
1193 4505 1225 4564 et
1240 4496 1365 4566 Paulus
1382 4519 1446 4586 pre

303 4603 490 4687 dicturum,
522 4601 584 4668 boc
600 4601 716 4670 ordine
732 4603 972 4688 distunguutur5
1003 4611 1100 4687 prout
1117 4603 1348 4672 distincciones
1365 4607 1461 4693 ipsa·
