3096 5160
847 919 926 987 413.

323 1113 390 1182 III.
407 1117 518 1181 Eodre
533 1116 644 1205 hardly
659 1117 840 1204 meyerdatta'
856 1116 928 1182 Aba
944 1093 1179 1204 oemaetadpbclc'
1193 1117 1318 1194 ‚Omode
1330 1119 1450 1186 uddort

587 1223 660 1310 Uup
676 1229 849 1310 vermeppc
864 1223 1068 1302 birtoldbau.
1097 1229 1196 1293 1290.
1219 1298 1221 1303 ,

1223 1310 1253 1367 δ

431 1418 579 1485 Andreas
595 1419 656 1486 Dei
674 1420 786 1502 gracia
801 1419 977 1508 Hungarie,
1000 1420 1181 1507 Dalmacie,
1208 1423 1351 1508 Oroacie,
1385 1424 1451 1488 Ra·

324 1546 387 1610 me,
403 1525 526 1612 Scruie,
543 1525 693 1614 Gallicis,
712 1527 911 1612 Lodomerie,
937 1525 1102 1614 Cumania,
1134 1529 1354 1614 Bulgarieque
1381 1531 1452 1596 Rex

323 1633 472 1702 omnihus
502 1633 622 1701 Christi
652 1632 803 1700 fidelihus
821 1640 985 1718 presentes
1002 1633 1130 1702 litteras
1146 1635 1344 1721 inspecturis
1361 1637 1451 1703 saiu-

324 1751 390 1808 tem
423 1740 457 1806 in
488 1739 631 1806 omnium
662 1741 834 1807 saluatore.
856 1739 989 1807 Summa
1013 1741 1134 1808 milicie
1151 1744 1223 1810 laus
1239 1749 1298 1828 est,
1330 1741 1453 1808 Gororc

324 1845 410 1936 (lgy)
426 1848 529 1932 Regio
545 1856 578 1915 et
593 1847 788 1916 utilitatibus
814 1848 863 1914 rei
888 1850 1018 1933 publice
1049 1850 1261 1918 ministerium
1294 1851 1452 1916 exhibere

323 1957 427 2048 Regia
444 1955 669 2025 munificencia
690 1954 883 2040 dignissimi,
908 1976 989 2040 quos
1004 1976 1069 2023 non
1084 1959 1256 2042 perterruit
1271 1978 1330 2043 pro
1345 1959 1455 2039 Regia

323 2065 497 2132 Maiestate
513 2063 685 2132 diuersitas
702 2063 752 2130 vel
768 2061 949 2130 aduersitas
965 2065 1140 2133 acciormm.
1163 2065 1304 2132 Proinde
1320 2065 1363 2130 ad
1381 2065 1456 2131 vni-

325 2192 492 2248 uersprum
517 2171 671 2237 noticiam
695 2177 761 2235 tam
777 2171 979 2254 presencium
995 2190 1092 2254 quam
1122 2172 1302 2239 futurorum
1333 2171 1454 2238 harum

326 2281 410 2348 serie
427 2279 575 2345 uolumus
590 2277 761 2362 peruenire
778 2303 786 2342 :
803 2276 887 2363 quod
903 2277 1063 2346 Omodeus
1079 2279 1249 2348 Palatinus
1265 2279 1305 2348 dc
1329 2299 1455 2364 genere

326 2389 405 2470 Aba,
423 2407 517 2470 quem
534 2407 591 2452 sue
607 2385 855 2474 spectabilitatis
871 2387 992 2454 attollit
1009 2389 1111 2474 origo,
1128 2389 1171 2455 ad
1186 2395 1329 2456 nostram
1356 2407 1452 2454 acce-

326 2492 406 2559 dens
422 2493 624 2578 presenciam
641 2493 788 2560 exhibuit
802 2493 919 2563 Nostra
949 2495 1051 2578 Regio
1082 2495 1245 2562 Maiestati
1276 2493 1454 2579 priuilegia

326 2599 448 2666 domini
464 2599 567 2666 incliti
582 2599 682 2684 Regis
698 2599 855 2686 Ladizlai,
871 2599 1037 2668 karissimi
1047 2601 1203 2686 patruelis
1212 2601 1325 2667 fratris
1335 2601 1453 2684 nostri,

326 2711 360 2776 in
376 2709 492 2793 quihus
507 2709 647 2784 uidimus
665 2709 831 2795 contineri,
848 2709 935 2792 qued
952 2709 1037 2776 idem
1054 2707 1217 2778 Omodeus
1233 2714 1308 2795 post
1324 2707 1450 2774 obitum

325 2816 448 2885 domini
463 2815 569 2882 incliti
583 2815 684 2899 Regis
694 2813 862 2899 Stephani,
879 2816 1066 2884 cumadhuc
1077 2816 1182 2884 dictus
1192 2818 1261 2882 Rex
1272 2815 1454 2882 hadialaus

327 2928 456 3010 propter
471 2921 628 3007 puerilem
644 2929 763 2989 etatem
779 2942 844 2988 nou
860 2929 972 3006 posset
987 2924 1030 2990 ad
1045 2923 1178 3009 plenum
1196 2929 1263 2990 tam
1295 2924 1362 2989 late
1394 2941 1455 3006 pa-

326 3033 424 3098 tentis
439 3031 544 3112 Regni
561 3029 695 3096 climate
720 3031 909 3114 gummaro,
941 3030 1115 3114 multisque
1144 3027 1388 3097 calamitatibus
1422 3036 1455 3094 et

327 3137 497 3222 pressuris,
530 3135 705 3221 presentim
721 3134 832 3220 prelijs
848 3137 1011 3202 intestinis
1026 3135 1131 3222 ipsum
1146 3137 1292 3220 Regnum
1319 3135 1456 3219 Hungu-

327 3245 375 3311 1ie
388 3241 509 3328 passim
524 3243 595 3308 sine
610 3243 739 3310 delectu
755 3243 865 3326 aliquo
880 3249 1063 3312 vastaretur
1080 3269 1088 3308 :
1106 3243 1190 3310 idem
1208 3241 1371 3311 Omodeus
1389 3245 1453 3309 Pa-

332 3353 454 3418 latinus
470 3371 527 3436 pro
543 3352 742 3418 sublimitate
766 3351 898 3434 Regalis
925 3349 1080 3419 culminis
1113 3358 1144 3419 et
1174 3352 1296 3419 honore
1326 3352 1457 3418 Corone

327 3459 464 3526 diuersis
480 3456 722 3526 discriminibus
739 3464 771 3525 et
786 3459 901 3544 prelijs
918 3479 953 3526 se
970 3459 1123 3529 obiecerit
1138 3461 1257 3545 pluries
1275 3479 1347 3526 eum
1372 3479 1452 3526 suo·

327 3587 397 3632 rum
413 3566 619 3643 multitudine
630 3566 835 3652 bellatorum,
868 3565 953 3634 inter
969 3586 1033 3650 que
1048 3569 1234 3652 promiscua
1250 3566 1311 3633 lati
1342 3565 1456 3632 discri-

327 3673 415 3740 mina
431 3672 643 3759 precisionem
661 3673 712 3740 sui
729 3671 822 3756 digiti
839 3672 1023 3740 articularis
1040 3692 1157 3739 manus
1174 3673 1305 3739 dextere
1321 3675 1455 3758 excepit

327 3781 450 3848 fortiter
467 3779 649 3846 dimicando
665 3783 778 3845 contra
794 3778 988 3847 Othocarum
1005 3781 1108 3848 eciam
1124 3783 1247 3864 Regem
1263 3780 1395 3847 Beemie
1421 3781 1457 3846 in

328 3887 538 3972 expedicione
575 3887 730 3972 generali,
761 3888 895 3972 gloriosi
926 3889 1114 3956 certaminis
1145 3887 1282 3955 victorie
1312 3889 1459 3956 finaliter

329 3995 524 4080 assistendo,
555 3995 609 4063 vhi
626 3993 732 4062 dictus
748 3996 816 4062 Rex
838 3995 972 4064 Beemie
997 3995 1103 4062 extitit
1134 3997 1360 4082 interemptus.
1401 3998 1457 4062 Ad

328 4105 399 4190 hec,
415 4123 485 4169 cum
502 4103 692 4170 uniuersitas
719 4103 936 4170 Cumanorum
968 4105 1002 4170 in
1035 4102 1238 4170 infidelitatis
1268 4103 1455 4170 versuciam

328 4211 523 4296 obrepsisset
538 4216 652 4277 contra
667 4209 773 4295 ipsum
787 4211 919 4295 Regem,
936 4211 1039 4278 tocius
1054 4231 1113 4280 sue
1129 4209 1276 4296 potencie
1297 4209 1455 4278 seniciam

328 4317 507 4384 hostilitate
523 4317 694 4406 barbarica
711 4316 893 4405 excitando,
908 4317 980 4401 ipso
997 4315 1141 4386 Omodeo
1168 4315 1322 4384 Palatino
1353 4319 1458 4386 Maie-

329 4428 406 4492 stati
422 4425 525 4508 Regia
541 4423 726 4512 adherente,
744 4445 881 4512 superna
897 4425 959 4492 Dei
974 4423 1198 4492 misericordia
1213 4423 1301 4490 felici
1317 4423 1459 4492 victoria

329 4529 502 4598 dissecauit
517 4533 640 4618 pariter
657 4538 690 4600 et
706 4534 867 4600 conteruit
891 4531 1071 4600 inmensam
1102 4531 1310 4602 barbaricam
1326 4532 1457 4600 'ferita-
