3112 5154
392 231 394 240 '
575 255 737 356 ...ne-

95 449 227 539 deinre,
243 469 344 537 snper
359 449 420 518 hoo
446 448 654 520 ostendentes
683 447 861 538 priuilegia¹
887 465 909 514 a
931 445 1036 515 felinis
1067 440 1220 512 memorie

97 559 222 629 domino
237 553 326 643 Rege
341 557 422 624 Belo
443 557 522 626 olim
538 557 636 644 edita,
667 563 700 626 et
715 577 735 625 a
750 554 964 626 sonnissimo
978 555 1069 640 Rege
1084 552 1220 620 Stesano

96 666 289 737 eonfirmata
313 666 402 738 visis
417 667 540 737 eisdem
556 665 752 754 priuilegijs,
773 670 807 733 et
823 663 942 750 auditis
958 660 1217 748 allegooionibns

97 773 265 846 eorundem
280 774 446 843 hominnm
463 773 504 842 de
518 774 689 860 anagnino,
721 791 794 841 oum
804 771 938 858 jnstinis
953 777 1128 840 ooneonum
1159 778 1221 856 est,

96 891 127 952 ‘vt
139 882 365 968 vnosqoisqne
380 881 547 967 possideat
566 880 654 967 qood
669 899 762 948 soom
778 886 847 964 est;
870 877 1037 964 predictas
1052 885 1156 948 terras
1187 883 1219 944 et
1314 953 1316 956 v

98 989 315 1077 possessiones
345 988 472 1074 damus,
503 987 711 1055 concedimus
743 991 775 1055 et
803 987 988 1056 relaxamus
1020 987 1218 1074 supradietis

98 1096 275 1166 hominibus
291 1095 332 1164 de
346 1095 507 1180 Tragurio
523 1096 646 1182 absquo
661 1095 750 1163 omni
766 1094 1030 1166 eontradiooione
1045 1095 1147 1165 libere
1178 1113 1219 1163 oo

100 1205 328 1292 perpetualiter
358 1203 584 1290 possidendos,
617 1201 766 1274 similiter
796 1214 829 1273 et
853 1205 1077 1274 oonfirmamus
1093 1203 1217 1274 eisdem

100 1313 277 1382 hominibus
292 1311 335 1380 de
348 1310 510 1395 Tragurio
527 1331 639 1380 omnes
671 1319 776 1380 terras
808 1319 841 1380 ot
870 1313 1104 1399 possessiones,
1135 1330 1218 1396 quas

97 1419 222 1506 hebent,
248 1425 359 1488 tenent
374 1424 407 1486 et
421 1416 602 1507 possident,
626 1438 690 1505 que
706 1418 923 1488 extenduntur
938 1437 1040 1503 osque
1056 1417 1219 1490 adtentos

96 1527 134 1595 de
147 1527 270 1614 Blisoy,
301 1531 338 1594 vt
355 1545 411 1594 ees
427 1526 620 1594 habeantet
644 1532 778 1595 teneant
801 1529 926 1611 absque
956 1525 1218 1600 oontradiooione

96 1634 232 1705 alieuius
247 1653 406 1724 persone3
431 1631 549 1703 dantes
565 1639 598 1702 et
613 1634 847 1704 oonstitoentes
862 1635 896 1701 in
913 1637 1115 1721 prestnldom
1131 1637 1220 1706 nobi·

99 1744 155 1810 len
170 1742 276 1812 virum
291 1741 492 1810 Radonlanm
507 1741 609 1811 filium
625 1741 787 1827 quondam
804 1745 938 1814 Comitis
953 1743 1056 1816 Jaoou
1072 1747 1114 1817 de
1143 1747 1220 1814 Bre-

100 1848 182 1918 berio
197 1848 241 1917 ad
256 1847 317 1919 heo
332 1850 441 1920 omnia
456 1849 599 1918 fideliter
613 1850 816 1938 exequenda.
859 1853 901 1919 Vt
917 1852 1017 1940 igitur
1031 1854 1217 1924 huiusmodi

97 1957 230 2026 donacio
245 1957 299 2027 vel
315 1957 451 2026 oollooio
467 1959 1069 2048 roburperpetoefirmitatisobtineat,
1086 1967 1118 2030 et
1127 1961 1221 2030 firmo

98 2071 284 2153 perseueret,
299 2085 362 2134 neo
375 2065 472 2153 lapsu
488 2064 672 2156 (temporis)
693 2067 727 2134 in
743 2067 867 2136 irritum
883 2076 1061 2156 reuocetur,
1085 2089 1217 2156 presen·

101 2177 144 2239 tes
161 2171 352 2240 oontniimns
367 2171 494 2241 litteras
519 2182 630 2244 nostro
661 2175 818 2259 pendenti
850 2174 961 2262 sigillo
993 2177 1215 2249 eommunitas.

101 2281 215 2348 Datum
230 2285 306 2350 ante
322 2281 452 2348 Nonam
472 2281 507 2348 in
537 2281 707 2368 quindenis
739 2283 943 2353 Pentecosten
973 2305 1058 2353 anno
1088 2285 1221 2356 Domini

100 2385 215 2456 ti⁰dd⁰
229 2391 471 2477 septuagesimo
487 2389 611 2475 quinto.

100 2583 221 2653 innotus,
239 2590 376 2643 Memorie
395 2591 520 2644 stroiohe
538 2592 568 2644 di
586 2593 664 2644 Troo
683 2596 726 2644 93.
745 2594 766 2644 1.
794 2593 828 2646 V.
847 2595 873 2647 o.
892 2595 974 2662 ster
993 2593 1061 2648 (iod.
1088 2595 1164 2662 Dipl.
1183 2598 1217 2650 V.

422 2682 482 2734 tot.
503 2686 526 2732 1.
544 2679 608 2734 resa
628 2686 687 2734 291.
708 2683 738 2736 ds
758 2687 817 2736 ³14.
837 2684 879 2750 ll.)

525 2965 789 2977 m

623 3501 695 3570 131.

105 3697 205 3763 Dan
219 3699 283 3766 dcto
299 3703 332 3768 do
348 3699 764 3787 salameqyeifdiepdooak
779 3699 1049 3787 bizooysdqleoele,
1065 3699 1149 3788 doyy
1166 3699 1224 3766 IV.

110 3802 219 3872 Lciszid
234 3805 345 3894 tiroly
358 3807 577 3893 poraaosdbdl
592 3832 613 3872 a
629 3807 760 3873 testeos·
774 3807 911 3874 nemesele
918 3807 1045 3894 sotdjdt
1060 3810 1223 3895 meqhotd·
1330 3859 1332 3864 ,

548 3917 644 3981 volta.
671 3914 770 3983 1275.

105 4095 393 4179 (Hszoi'okmtnyttr
413 4113 462 4168 IV.
482 4115 539 4165 kot.
561 4119 602 4168 54.
622 4115 660 4178 l.;
691 4111 774 4165 nehai
792 4113 868 4164 Rath
887 4113 994 4179 Kdroly
1016 4111 1224 4178 kdzlemenye.)

528 4397 795 4412 au-u——t—-n
