3112 5154
852 240 1013 346 .-¹4.4...

367 436 526 526 clesicnsi,
541 437 702 526 Dyenisie
718 438 892 525 lauriensi,
908 439 1069 526 Plnylippe
1079 437 1267 508 Waehiensi
1279 440 1355 509 aule
1365 439 1476 510 demine

366 549 492 635 Regius
517 549 690 617 carissime
715 546 876 616 censertis
907 553 1018 616 nostre
1049 547 1265 634 Gancellarie,
1296 549 1478 636 Thymetiee

366 657 592 746 Zagrabiensi,
630 655 825 724 Ledemerie
864 655 1081 742 waradiensi,
1121 657 1216 724 Petro
1264 657 1474 744 Transiluane,

367 765 499 832 Andree
514 764 677 850 Agriensi,
695 761 851 846 Gregorio
874 759 1097 830 Ghanadiensi
1114 769 1146 830 et
1161 765 1257 831 Petre
1274 763 1389 832 Electe
1403 765 1476 832 lies

368 872 536 960 primieusi
566 870 741 957 llpiseepie
773 869 938 938 Ecclesiae
968 870 1031 937 Dei
1062 868 1201 938 feliciter
1231 871 1478 955 gubernantibus.

366 981 463 1048 Petro
479 977 646 1066 Palatino,
673 977 796 1044 Gemite
812 977 1028 1062 Supruniensi
1044 984 1076 1044 et
1106 975 1224 1044 Jndice
1255 977 1476 1060 Cumanorum

305 1085 307 1088 ’
367 1085 494 1156 Thema
509 1087 601 1154 Bane
617 1083 721 1154 tecius
736 1085 922 1180 Selauenie,
954 1083 1085 1152 Matheo
1110 1084 1266 1171 Magistro
1297 1086 1474 1154 Tauamiee-

366 1215 438 1260 rem
453 1199 649 1280 nestrorum,
680 1190 796 1268 llikud
812 1191 904 1258 Bane
919 1190 959 1258 de
975 1191 1124 1279 Zeurine,
1157 1190 1283 1276 Vgrine
1315 1189 1478 1278 Weyweda

366 1299 582 1368 'ltanailuane
599 1307 631 1368 et
646 1297 774 1366 Gemite
791 1297 832 1364 dc
848 1297 974 1386 Zenuk,
1000 1298 1150 1366 Relande
1164 1297 1321 1384 Magistro
1336 1299 1478 1368 Teuarni-

366 1427 476 1478 eerum
492 1407 620 1474 domine
633 1406 759 1490 Regina
775 1403 901 1472 Gemite
917 1405 958 1472 de
973 1405 1076 1492 Zanc,
1107 1405 1273 1494 Stephane
1289 1404 1411 1474 Gemite
1425 1405 1478 1470 Da-

365 1515 540 1602 pisererum
555 1519 737 1582 nestrorum
753 1509 877 1580 Gemite
892 1511 1076 1598 Bachienei,
1105 1511 1200 1598 Meys
1232 1509 1359 1581 Gemite
1387 1511 1477 1602 Symi-

366 1623 484 1710 giensi,
515 1620 685 1688 Herrande
701 1619 827 1688 Gemite
842 1619 948 1688 Gastri
963 1620 1084 1705 Ferrei,
1115 1619 1232 1704 Bagun
1247 1618 1375 1688 Gemite
1397 1619 1477 1687 Zala-

366 1727 483 1815 diensi,
499 1735 532 1796 et
548 1729 626 1815 alijs
642 1748 738 1812 quam
754 1726 905 1813 pluribus
921 1726 1100 1797 Comitatus
1115 1726 1220 1812 Regni
1236 1728 1338 1796 nestri
1355 1728 1477 1818 tenent-

365 1839 426 1906 bua
443 1845 475 1906 et
490 1835 640 1910 honeret.

369 2035 510 2096 (Eredetie
529 2033 723 2100 berhtrtytn,
763 2033 884 2100 melyrel
904 2047 921 2084 a
939 2031 1033 2099 kirtly
1051 2035 1146 2085 ketttc
1176 2033 1300 2100 peesttje
1331 2033 1479 2084 netu-verer

369 2123 606 2188 selyemzsineren
624 2123 712 2190 iiigg;
739 2140 756 2176 a
780 2124 887 2175 temtlt.
919 2124 1037 2190 herezeg
1067 2125 1221 2191 Batthytni
1252 2125 1346 2176 cseltd
1377 2120 1480 2173 leutiti-

864 2213 973 2277 utban.)

793 2499 1061 2510 -n—u———--

889 3049 964 3120 tet.

360 3249 508 3315 Erecthei
522 3248 625 3336 ι’ᾔαόὸ
640 3249 855 3336 kirtlyeteak
864 3247 985 3337 Symop
995 3253 1027 3318 ta
1037 3246 1197 3338 Symeder
1206 3251 1403 3340 tezyatpeket
1414 3255 1483 3319 idr-

361 3357 462 3443 9pcad
477 3356 662 3443 edematcyc
678 3380 699 3422 a
724 3359 920 3444 nytlezipeti
944 3358 1172 3446 apeezaztrta
1196 3365 1358 3428 eadmerus.
1390 3363 1487 3430 1275.

466 3549 610 3633 isabella
639 3549 701 3620 Dei
713 3553 828 3636 gracia
858 3553 985 3639 Regina
1003 3553 1170 3639 Hungarie
1185 3553 1346 3623 uniuersis
1362 3553 1485 3623 Gtristi
1547 3607 1548 3614 κ

359 3657 511 3734 fidelibus
526 3666 592 3726 tam
609 3658 812 3745 presentibus
828 3681 924 3746 quam
949 3661 1066 3730 futuris
1097 3681 1230 3748 presens
1262 3664 1420 3748 scriptum
1438 3663 1484 3728 in·

358 3767 522 3842 tuentibus
551 3764 688 3832 salutem
704 3767 737 3834 iu
753 3767 891 3835 Domine
910 3767 1486 3856 sempiternam.1teligiesamvitam

358 3873 549 3948 ducentibus
563 3875 652 3958 pium
669 3879 719 3940 est
735 3880 768 3939 et
783 3875 879 3942 saluti
900 3875 1104 3958 conueniens,
1131 3874 1377 3943 reminiscencie
1409 3876 1488 3942 der·

356 3985 429 4050 tera
459 3977 641 4066 precidere,
672 3985 707 4046 rt
731 3981 862 4049 Dininis
893 3983 1011 4066 officijs
1041 3981 1161 4050 deditis
1194 3981 1286 4050 nulla
1315 3982 1489 4066 ingeratur

356 4089 493 4170 eccesie,
525 4086 567 4153 ab
599 4095 709 4154 eterne
739 4089 1025 4176 contemplacionis
1056 4087 1228 4157 dulcedine
1259 4090 1405 4158 cuccari.
1428 4089 1490 4157 Pie

357 4195 455 4279 igitur
470 4194 589 4262 mentis
605 4193 723 4260 affectu
739 4192 877 4265 deuetas
893 4196 1167 4264 Sanctimeniales
1184 4195 1227 4264 de
1242 4198 1355 4265 Insula
1363 4197 1489 4266 Sancte

356 4302 461 4370 Marie
492 4300 635 4386 Virginis
665 4303 850 4388 prospicere
881 4306 1058 4390 cupientes,
1092 4323 1156 4390 que
1186 4305 1330 4374 Domine
1361 4304 1490 4389 iugiter
1547 4297 1548 4384 ξ

352 4407 546 4486 ,famulando
562 4429 634 4478 sese
650 4409 777 4496 pompis
793 4411 894 4480 seculi
925 4411 1127 4500 abdicarunt,
1154 4412 1275 4480 nudum
1309 4411 1489 4500 Christum,
1547 4387 1548 4476 l

356 4513 552 4586 renunciatis
568 4516 720 4602 preprijs,
735 4517 861 4586 deuotis
879 4517 998 4604 etudijs
1015 4517 1215 4604 insequendo
1231 4543 1239 4586 ε
1257 4520 1291 4586 in
1322 4526 1489 4588 sustenta-
1547 4477 1548 4558 l
