3096 5160
580 294 741 402 Q

100 509 170 587 tem,
196 500 308 584 eaptis
324 515 365 567 ex
380 495 502 569 eisdem
518 498 665 588 plurimis
682 504 714 568 et
739 495 882 584 occissis,
914 489 1049 584 reliquis
1074 488 1226 569 omuibus

5 695 6 710 χ
99 620 188 680 extra
203 610 312 698 Regni
337 611 478 680 oonfinia
508 611 585 697 suge
615 611 755 700 presidio
787 627 823 681 se
845 607 1126 698 transferentibus,
1143 611 1229 681 sieut

5 749 6 776 ι
98 720 291 806 temporalis
307 719 508 807 oportunitas
522 721 704 807 supetebat.
743 721 879 807 Insuper
903 741 974 788 oum
991 721 1116 807 perlida
1147 739 1228 805 gaus

97 829 270 896 Tartariea
307 829 454 912 Regnum
492 827 661 914 Hungurie
700 849 772 896 oum
803 830 891 896 omni
921 828 1044 898 milioie
1083 829 1229 915 ipsorum

98 936 274 1024 introisset,
305 945 428 1021 vestus,
461 937 614 1006 incendia
631 945 662 1006 et
677 937 936 1024 depredationes
953 937 1113 1025 orribiles,
1146 938 1230 1005 siout

99 1043 197 1112 moris
214 1045 358 1132 ipsorum
376 1051 437 1131 ast,
469 1045 720 1131 committend03
745 1045 831 1114 idem
864 1045 1027 1115 Omodeus
1059 1044 1229 1114 Palatinus

5 1201 6 1248 ,
98 1161 212 1220 eontra
228 1152 363 1220 eosdem
379 1151 535 1222 Tartarus
551 1154 760 1242 insurgendo,
792 1155 912 1222 multos
928 1175 968 1220 ex
984 1153 1065 1240 ipsis
1081 1139 1138 1222 ore
1161 1155 1230 1240 gla-

5 1263 6 1276 ’
103 1259 145 1344 dij
164 1260 344 1343 interemit,
360 1265 393 1326 et
409 1280 506 1344 quum
523 1262 633 1346 plures
649 1262 796 1348 eaptiuos
814 1261 976 1347 liberauit,
994 1281 1034 1328 ae
1050 1261 1082 1326 in
1099 1260 1229 1348 signum

101 1367 235 1436 vietorie
252 1367 364 1437 desem
383 1368 494 1454 eapite
508 1367 694 1456 Prinoipnm
712 1369 753 1436 de
780 1369 852 1456 ipsa
883 1375 980 1454 gente
1010 1368 1137 1456 perlida
1168 1368 1230 1456 ipsi

99 1475 179 1560 Regi
195 1475 354 1544 Ludizlao
369 1475 580 1562 presentauit
616 1477 718 1546 Nobis
735 1478 837 1545 seiam
856 1485 929 1564 post
945 1477 1067 1544 obitum
1085 1475 1228 1545 eiusdem

5 1675 6 1678 Ἴ
100 1583 252 1650 Ladinlai
269 1583 368 1670 Regis
385 1584 490 1651 inoliti
517 1586 677 1673 patruelis
709 1585 817 1652 fratris
850 1584 953 1654 nostri
984 1584 1230 1653 suceedentibus

5 1739 6 1784 3
103 1690 208 1757 eidem
226 1691 298 1758 inre
313 1697 345 1758 et
360 1691 477 1758 ordine
491 1692 651 1778 geniture,
680 1692 766 1759 idem
783 1689 945 1758 Omodeus
962 1690 1130 1758 Palatinus
1156 1711 1229 1762 eum

5 1823 6 1872 l
102 1807 169 1868 tuta
184 1799 344 1868 societate
361 1807 394 1866 et
410 1801 609 1886 cognatione
626 1821 685 1868 sna
701 1807 793 1870 tante
808 1801 977 1868 fidelitatis
993 1801 1149 1887 anspioijs
1165 1809 1228 1870 stu·

101 1908 171 1975 duit
185 1907 357 1994 adherere,
373 1927 435 1991 que
452 1908 618 1995 explicere
634 1929 692 1994 per
708 1909 838 1994 singula
853 1911 986 1993 longum
1002 1915 1099 1996 esset,
1125 1916 1160 1975 ut
1175 1930 1228 1976 ex-

102 2015 286 2101 perimente
302 2015 379 2083 fidei
396 2017 500 2103 ipsum
515 2017 634 2102 iugiter
650 2017 924 2104 recommendant,
956 2016 1038 2084 adeo
1064 2023 1101 2084 ut
1126 2016 1230 2084 seium

104 2143 215 2192 omnes
231 2126 457 2209 possessiones
473 2145 551 2192 suas
568 2131 635 2191 tam
653 2125 867 2193 hereditarius
883 2145 978 2208 quem
995 2125 1098 2193 eeium
1123 2124 1232 2209 nequi-

106 2232 193 2319 sitas,
209 2253 276 2300 vna
290 2251 363 2299 enm
379 2231 618 2301 municionibus
636 2239 668 2300 et
686 2231 815 2315 eastris,
848 2232 967 2301 nostris
982 2231 1112 2300 duxerit
1127 2234 1232 2300 mani·

107 2342 163 2407 bns
178 2340 362 2408 liberaliter
376 2339 571 2420 offerendus,
604 2348 714 2409 nostre
730 2340 944 2409 celsitudinis
960 2341 1094 2410 arbitrio
1124 2339 1231 2428 dispo·

111 2449 245 2534 mendas,
261 2448 296 2514 in
312 2449 414 2534 ipsius
431 2456 464 2517 et
478 2448 634 2517 heredum
651 2469 782 2518 suorum
800 2451 947 2537 personis
964 2470 1022 2537 pro
1048 2449 1232 2536 insignibus

109 2559 173 2625 suis
189 2557 319 2626 autibus
334 2557 565 2643 gratilleandas
581 2556 623 2626 ad
641 2559 780 2643 plenum,
813 2557 965 2627 uel-alias
980 2557 1097 2627 nostris
1125 2557 1233 2645 dispo·

109 2665 283 2735 sioionibus
315 2665 554 2749 reseruandas;
599 2671 690 2732 tanto
721 2666 886 2735 fidelitatis
918 2665 1035 2734 ardore
1067 2666 1233 2734 nobiseum

5 2819 6 2852 ÷
108 2771 188 2842 intra
203 2775 281 2859 ipsa
297 2773 453 2843 nouitatis
468 2772 567 2841 inieia
583 2773 798 2862 procedendo,
817 2781 850 2842 ut
866 2768 968 2842 multa
984 2780 1103 2862 eastra,
1118 2771 1230 2842 multe·

110 2900 168 2963 qne
182 2881 397 2967 munieiones,
430 2901 492 2966 que
509 2881 659 2949 maximis
677 2886 824 2967 poterant
849 2881 1017 2950 laboribus
1041 2891 1076 2949 et
1104 2881 1231 2948 sudori·

5 2991 6 2996 ’
109 2988 164 3056 bns
181 2987 335 3075 optineri,
369 3007 430 3056 sua
456 2989 584 3056 eantela
609 2997 642 3058 ot
671 2989 833 3056 industria
863 2987 1040 3076 personali,
1073 2987 1114 3056 de
1143 2984 1234 3055 saoili

114 3101 224 3164 nostre
240 3101 318 3164 sunt
333 3094 463 3164 reddita
477 3093 609 3163 dioioui.
642 3096 779 3165 Talibus
804 3097 906 3181 igitur
922 3103 955 3164 ot
969 3095 1068 3164 tantis
1085 3095 1155 3164 eius
1169 3094 1233 3164 vir·

5 3219 6 3222 ’
108 3204 227 3272 tutibus
245 3203 429 3288 recensitis3
457 3203 496 3270 de
512 3204 648 3271 oonsilio
666 3205 900 3273 uenerabilium
925 3211 1054 3290 patrum
1079 3203 1235 3272 [odorne-

105 3311 145 3398 rij
160 3311 222 3380 Dei
238 3311 355 3396 gratia
370 3311 614 3396 Strigoniensis,
631 3311 791 3382 lobannis
807 3311 995 3380 colonensis
1012 3310 1232 3398 Arolriepiseo·

107 3439 230 3507 purum,
263 3415 394 3485 Andree
418 3419 600 3505 Agriensis,
633 3419 755 3487 Pussoe
785 3417 962 3487 Nitriensis
994 3419 1227 3504 Episcopornm

106 3547 167 3594 nee
181 3548 247 3595 non
264 3526 399 3594 aliorum
431 3528 605 3594 Procerum
638 3533 671 3594 et
702 3529 864 3594 Beronum
897 3548 937 3594 ao
967 3527 1233 3594 consiliariorum

102 3635 209 3719 Regni
225 3634 332 3701 nostri
350 3657 358 3697 :
375 3633 542 3702 vniuersas
558 3633 780 3718 possessiones
798 3641 941 3721 tempore
958 3635 1104 3702 eiusdem
1130 3633 1230 3718 Regis

105 3741 251 3809 Ladinlai
269 3747 337 3810 tam
355 3740 536 3826 insignibus
553 3742 667 3828 prelijs
683 3739 870 3830 acquisitus,
885 3741 1035 3810 videlieet
1058 3741 1237 3828 possessio·

101 3869 178 3916 nem
194 3869 252 3918 sen
267 3848 464 3916 Comitatum
483 3850 558 3934 Vng
573 3857 723 3918 voeatum
749 3869 822 3918 oum
856 3849 1006 3918 omnibus
1037 3847 1237 3917 utilitatibus

103 3955 177 4025 suis
192 3965 224 4048 et
239 3955 454 4043 pertinenoiJs
468 3956 642 4044 vniuersis,
658 3957 764 4025 eidem
779 3956 922 4026 Omodeo
937 3957 1102 4045 Palatino,
1131 3964 1164 4026 et
1178 3977 1240 4044 per

103 4083 184 4133 enm
206 4067 274 4132 suis
307 4061 481 4133 heredibus
511 4065 730 4151 heredumque
761 4085 892 4134 suorum
923 4065 1163 4135 suoesssoribus
1195 4062 1237 4132 ad

103 4173 212 4240 inetur
226 4170 419 4242 oollaeionis
435 4173 578 4242 eiusdem
595 4174 693 4258 Regis
709 4175 859 4243 Ladizlai
875 4173 1028 4243 duximus
1044 4174 1237 4242 austeritate

102 4280 313 4368 presentium
338 4281 373 4348 in
405 4288 549 4352 eternam
580 4282 627 4348 rei
659 4283 846 4349 memoriam
878 4279 1143 4363 confirmandam
1170 4281 1235 4348 imo

103 4387 278 4456 cuiusdam
294 4387 485 4465 nonaoionis
500 4388 572 4455 iure
587 4389 729 4457 antinum
747 4387 936 4456 renouando
961 4385 1100 4472 titulum,
1123 4405 1237 4472 preno-

104 4493 252 4564 minatae
268 4493 366 4582 quusi
381 4493 422 4564 de
437 4516 521 4564 nouo
538 4496 644 4566 eidem
660 4497 856 4565 contulimus
872 4494 1113 4584 perhempniter
1137 4492 1237 4579 possi·

102 4601 246 4672 dendus.
261 4605 299 4670 In
317 4605 408 4672 ouius
424 4605 472 4673 rei
489 4606 676 4674 memorium
692 4613 948 4694 perpetuamque
963 4603 1150 4673 firmitatem
1167 4622 1237 4688 pre-

217 4739 319 4781 rroaun.
334 4730 418 4784 mss.
434 4742 504 4786 nrsr.
522 4751 561 4764 -·
579 4743 651 4782 nrm..
668 4743 736 4786 ιω.
1087 4713 1132 4784 32
