3148 5164
276 1313 307 1380 Α
320 1313 412 1400 picei
426 1309 582 1396 lrclptulua
599 1309 667 1374 u'tlr
682 1307 772 1374 Buta
786 1303 949 1388 bolyodpre
965 1298 1137 1363 oouutlrozd
1153 1295 1225 1362 roob
1255 1295 1406 1380 olcmduyt

405 1415 522 1482 cusu
538 1437 646 1498 coms,
663 1389 1138 1489 doloremsummum.
1171 1400 1271 1468 1293.

386 1647 545 1714 Nicolaus
561 1644 750 1730 Propositus
775 1647 809 1708 et
834 1637 1019 1724 Capitulum
1052 1633 1411 1722 Quinqueecolesiensis

282 1753 429 1824 Ecclesie
442 1751 592 1821 omnibus
609 1769 744 1837 presens
769 1748 927 1832 scriptum
961 1743 1172 1812 cernentibus
1204 1742 1347 1809 salutem
1379 1741 1412 1806 in

281 1859 433 1930 Domino.
458 1859 510 1926 Ad
526 1858 749 1926 uniuersorum
765 1853 921 1922 noticiam
937 1852 1084 1920 volumus
1117 1849 1298 1936 peruenire,
1330 1847 1415 1931 quod

283 1966 409 2037 litteras
426 1963 547 2034 domini
563 1963 664 2048 Regis
680 1963 722 2028 de
752 1979 854 2028 manu
871 1955 1203 2046 [Comitisssradinlai
1235 1955 1323 2022 omni
1355 1974 1419 2038 quo
1557 1952 1558 1986 ³

287 2074 398 2142 decuit
412 2070 600 2140 reuerencia
616 2071 787 2140 ethonore
803 2066 986 2150 recepimus
1002 2065 1036 2130 in
1054 2065 1116 2132 heo
1132 2062 1253 2130 verbo:

395 2179 544 2247 Andreas
573 2177 636 2244 Dei
666 2177 780 2262 gracia
813 2176 882 2242 Rex
916 2170 1084 2255 Huugarie
1115 2171 1176 2238 sib.
1207 2167 1422 2258 (lovetkezik
1558 2156 1559 2208 ³

288 2288 348 2358 111.
363 2285 472 2352 Eudre
486 2285 662 2368 kirtlyuals
690 2281 829 2353 roeo-ki
862 2297 1034 2366 paruncsa,
1069 2277 1151 2344 mint
1181 2277 1314 2344 ientebb
1347 2281 1423 2347 440.

290 2397 380 2465 suam
397 2388 503 2475 ulatt.)

402 2497 559 2580 Idemque
574 2496 689 2563 comes
705 2493 883 2562 Lodislaus
911 2493 1037 2560 litteras
1055 2489 1197 2560 'nostrus
1222 2492 1429 2560 memoriales

296 2607 392 2674 nobis
408 2602 554 2670 exhibuit
570 2603 705 2669 formum
720 2600 905 2669 huiusmodi
924 2601 1144 2668 continentes:

406 2712 473 2779 llos
489 2711 676 2794 Capitulum
694 2707 1057 2792 Quinqueoccloeionsis
1074 2709 1221 2776 Ecclesia
1231 2710 1294 2775 stb.
1307 2709 1430 2796 (kerot-

298 2821 399 2890 nesii
416 2817 544 2903 apecsi
560 2817 789 2902 ktptalanuak
809 2815 946 2885 ruet-ki
965 2815 1187 2902 emleklevele,
1209 2817 1292 2880 mint
1301 2815 1432 2882 ientebb

302 2933 381 2997 427.
407 2928 495 2994 scium
512 2920 619 3008 alatt.)

410 3031 566 3116 Idemque
583 3029 699 3098 Comes
716 3029 892 3097 Ladinlaus
909 3027 993 3096 alias
1008 3027 1136 3096 litteras
1161 3033 1292 3095 nostrus
1317 3049 1435 3096 memo·

304 3140 403 3208 riales
419 3136 512 3207 nobis
529 3135 677 3203 exhibuit
692 3135 724 3202 in
740 3135 800 3201 hee
816 3134 933 3202 verba:

413 3247 483 3312 Nos
500 3241 685 3328 Capitulum
701 3241 1294 3328 QuinqueecclesiensisEcclesiestb.
1314 3243 1441 3330 (lovet-

306 3351 405 3423 keuik
421 3373 442 3420 a
457 3349 543 3437 pecsi
560 3348 791 3436 kdptulannak
812 3347 950 3416 12921ιί
968 3347 1194 3435 emleklevele,
1210 3349 1294 3414 mint
1309 3347 1444 3416 fentebb

308 3463 385 3530 437.
400 3478 446 3525 sn.
463 3454 507 3542 a.)

419 3565 489 3632 Nos
514 3571 622 3630 autem
655 3563 817 3630 mandatis
850 3569 883 3629 et
914 3563 1079 3650 preceptis
1108 3564 1221 3649 Regijs
1252 3561 1448 3632 satisfacere

316 3672 495 3758 cupientes,
525 3673 560 3734 ut
591 3686 631 3733 ex
662 3667 772 3735 debito
788 3673 821 3734 et
837 3688 881 3734 ex
897 3675 974 3756 toto,
991 3668 1117 3735 litteras
1132 3665 1254 3734 domini
1277 3667 1379 3754 Regis
1411 3675 1446 3735 et

316 3779 454 3846 duarum
471 3773 617 3860 parcium
643 3772 770 3840 litteras
801 3780 932 3840 nostras
964 3773 1171 3841 memoriales
1200 3793 1266 3840 non
1298 3776 1449 3863 abrasos,

322 3904 388 3950 non
406 3879 618 3967 cancellatus,
634 3899 698 3945 non
716 3879 866 3965 abolitas,
884 3899 948 3946 non
965 3878 1202 3964 interlineales,
1218 3899 1285 3946 non
1300 3886 1452 3969 transpo-
1501 3938 1505 3948 .

317 3990 410 4074 sitas,
427 4005 488 4053 nec
504 3987 667 4069 inclinus
683 3984 734 4054 sni
751 3994 847 4070 parte
862 3986 1004 4056 viciatus
1024 3988 1095 4055 eius
1111 3987 1147 4052 in
1162 3985 1282 4074 sigillo,
1299 3985 1455 4058 deverbo

317 4097 360 4163 ad
378 4094 519 4179 verbum,
553 4098 586 4158 et
601 4092 644 4160 de
659 4092 767 4160 littera
781 4091 826 4160 ad
842 4092 981 4162 litteram
1000 4094 1146 4178 rescribi,
1180 4099 1212 4158 et
1243 4095 1454 4179 presentibus

319 4201 467 4286 sigillum
484 4205 630 4265 nostrum
661 4200 783 4286 apponi
816 4199 952 4268 fecimus
986 4199 1089 4268 eciam
1121 4199 1251 4268 iusticia
1280 4201 1456 4272 suadente.

320 4313 436 4376 Actum
454 4325 542 4372 anno
553 4305 683 4372 Domini
694 4307 866 4376 millesimo
881 4307 1109 4376 ducentesimo
1119 4307 1332 4392 nonagesimo
1342 4311 1459 4398 tercio,

321 4433 434 4483 mense
458 4411 551 4496 Julij.
591 4412 760 4500 Stephano
776 4415 927 4504 Centone,
959 4415 1113 4484 Dionisio
1131 4413 1283 4504 Custode,
1316 4416 1460 4485 Nicolao

323 4525 465 4608 Decano,
505 4521 685 4607 ceterisque
723 4543 820 4608 quam
860 4525 1011 4609 plurimis
1061 4523 1182 4593 ibidem
1232 4523 1471 4596 existentibus.
