3124 5152
831 947 908 1016 aab.

302 1148 474 1218 AReicbc
500 1147 681 1214 sclavonici
696 1150 816 1212 vdrboc
848 1150 970 1214 turtozd
1000 1150 1230 1234 praedulista'b
1252 1151 1340 1236 jopu
1370 1149 1432 1216 IV.

362 1255 482 1322 Ldaald
498 1253 609 1341 uirctp
625 1257 644 1318 1
648 1255 766 1323 ata-tt
777 1255 1077 1345 privilepicmdualc
1093 1257 1240 1344 olcpp'dn.
1266 1259 1366 1324 1279.

408 1452 476 1520 Nos
507 1451 660 1520 Nicotaus
692 1451 733 1520 de
752 1452 842 1521 Gara
871 1453 975 1540 Regni
1005 1451 1174 1539 Hungaris
1205 1453 1434 1523 Palatinuset

302 1561 408 1631 Judex
425 1559 648 1648 Gomauorum,
663 1581 724 1630 nec
739 1583 805 1631 non
829 1563 946 1630 (lomes
975 1563 1089 1630 Petrus
1121 1562 1163 1629 de
1189 1563 1294 1630 Peren
1324 1561 1436 1630 Judex
1560 1593 1561 1644 3

303 1670 399 1738 Curia
430 1667 636 1736 Serenissimi
667 1676 699 1736 et
721 1671 887 1757 Magnifiei
904 1671 1061 1757 Principis
1088 1668 1209 1738 domini
1224 1669 1438 1758 Sigismuudi,

302 1777 364 1845 Dei
380 1775 492 1862 gracia
508 1777 728 1845 Romanorum
745 1779 842 1864 Regis
862 1777 998 1866 Semper
1028 1777 1177 1866 Augusti,
1195 1797 1234 1845 ac
1264 1777 1438 1864 Hungarie
1560 1847 1561 1852 ,

304 1894 364 1955 ete.
381 1887 492 1973 Regis,
517 1885 672 1953 memorie
703 1886 964 1954 commendantes
983 1891 1097 1954 tenore
1115 1887 1317 1971 presencium
1334 1889 1437 1972 sigui-

305 1995 439 2062 fioamus
464 1993 580 2078 quibus
612 1993 746 2078 expedit
777 1995 962 2064 universis:
997 1993 1083 2078 quod
1114 2014 1187 2061 oum
1218 1995 1307 2062 Elias
1348 1995 1438 2064 filius

306 2101 448 2189 Mykech
479 2103 520 2168 de
550 2101 679 2168 Welike
710 2102 824 2172 Comes
854 2102 1031 2172 Terrestris
1063 2104 1275 2192 Reyehensis,
1290 2123 1351 2172 nec
1366 2124 1434 2173 non
1560 2095 1561 2098 ¹

308 2209 481 2278 Ladislaus
500 2209 585 2278 tilius
615 2210 786 2279 Michaelis
818 2212 860 2279 de
889 2212 1125 2300 Fodorostyna,
1144 2203 1176 2280 et
1207 2213 1321 2279 Petrus
1351 2211 1439 2280 filius
1560 2213 1561 2246 ³

305 2317 393 2384 Petri
424 2317 552 2384 Ohvrch
583 2317 624 2386 de
656 2319 847 2403 Pribenoch,
878 2323 912 2388 in
944 2341 1052 2389 eorum
1084 2342 1124 2388 ac
1154 2319 1377 2390 uniuersorum
1405 2327 1440 2386 et
1560 2313 1561 2390 Ῐ

309 2425 509 2510 singulorum
526 2425 724 2494 Predialiom
741 2435 774 2495 et
803 2416 966 2496 'Nobilium
996 2429 1105 2498 castri
1134 2427 1334 2516 Reyeheusis
1365 2448 1438 2514 per·
1560 2481 1561 2484 ,

308 2533 398 2604 sonis
429 2533 560 2602 domino
592 2541 702 2604 nostro
733 2536 941 2621 sigismundo
957 2537 1050 2622 Regi,
1066 2537 1101 2604 in
1116 2555 1166 2624 eo,
1182 2536 1270 2620 quod
1286 2539 1436 2622 quamvis
1560 2565 1561 2568 ¹

308 2642 371 2728 ipsi
388 2647 420 2710 et
437 2642 574 2728 quilibet
593 2665 702 2712 eorum
733 2643 896 2728 prediales
912 2651 944 2714 et
974 2643 1101 2712 nobiles
1126 2644 1325 2730 j0bagioues
1358 2644 1438 2712 Cas·

307 2756 432 2817 treuses
463 2750 641 2840 existendo,
674 2773 732 2840 per
757 2751 849 2821 diuos
880 2754 987 2840 Reges
1013 2751 1192 2840 Hungarie,
1216 2759 1349 2840 propter
1365 2774 1438 2839 pre
1560 2727 1561 2744 ³

308 2860 400 2926 clara
430 2861 671 2945 progenitorum
705 2881 814 2928 eorum
847 2861 1055 2930 seruiciorum
1085 2860 1201 2929 merita
1239 2858 1442 2946 specialibus

308 2968 492 3035 libertatum
523 2970 740 3056 prerogatiuis
757 2976 789 3036 et
803 2969 961 3054 graciosis
987 2968 1134 3050 indultis,
1149 2969 1262 3054 vigore
1277 2975 1440 3038 certorum
1560 2961 1561 3040 Ῐ

310 3073 500 3142 litteralium
517 3077 803 3144 instrumentorum
835 3076 953 3145 exinde
984 3075 1202 3146 confectorum
1234 3075 1376 3145 fuissent
1408 3086 1442 3146 et
1560 3109 1561 3116 ¹

311 3189 422 3250 essent
438 3182 618 3270 presigniti,
635 3183 822 3267 eisdemque
838 3205 859 3252 a
875 3190 1029 3272 tempore,
1047 3183 1139 3251 cuius
1159 3184 1358 3253 eontrarium
1375 3206 1443 3254 non
1560 3211 1561 3280 j

309 3293 473 3377 existeret,
491 3291 534 3356 ad
550 3291 652 3359 inslar
667 3291 858 3378 predialium
876 3299 906 3360 et
932 3291 1090 3360 nobilium
1117 3311 1268 3360 verorum
1284 3299 1318 3359 et
1347 3299 1444 3360 natu·

310 3399 425 3466 ratium
456 3401 670 3466 servieucium
701 3399 884 3486 Regalium‚
915 3399 1001 3467 vltra
1017 3402 1162 3468 Drauam
1183 3401 1443 3487 constitutorum,
1560 3459 1561 3472 ,

311 3512 344 3571 et
359 3505 451 3574 iuxta
467 3504 650 3575 eorumdem
682 3508 849 3576 libertates
865 3506 916 3576 vsi
947 3505 1088 3574 luissent
1104 3512 1135 3574 et
1166 3507 1284 3596 ganisi,
1316 3507 1445 3593 fruique
1560 3519 1561 3596 j

311 3613 465 3680 deberent
496 3615 537 3681 de
552 3614 621 3682 iure
653 3619 684 3680 et
700 3616 861 3700 gaudere5
884 3613 1113 3682 nichilominus
1144 3611 1254 3682 tomen
1279 3615 1445 3684 hlartiuus

312 3718 418 3789 dictus
434 3723 516 3788 Dens
532 3720 574 3788 de
599 3720 776 3790 Zeredahel
808 3721 965 3789 litteralia
995 3743 1105 3790 eorum
1136 3721 1346 3808 munimenta,
1380 3743 1446 3808 que
1560 3771 1561 3818 3

312 3827 399 3916 apud
431 3849 467 3897 se
485 3829 664 3915 habuisset,
696 3831 846 3898 manibus
878 3831 946 3898 suis
975 3829 1187 3920 vendicando,
1220 3839 1252 3899 et
1274 3833 1445 3918 premissis

315 3957 424 4005 eorum
456 3936 663 4006 libertatibus
693 3937 919 4006 fraudulenter
949 3938 1083 4006 obuiare
1113 3937 1343 4028 machinando,
1372 3950 1444 4010 tam
1560 3919 1561 3952 ³

312 4046 383 4131 ipse
413 4044 572 4113 Martinus
603 4046 697 4132 Ders,
729 4067 826 4132 quam
857 4045 985 4113 demum
1012 4046 1130 4113 nobilis
1148 4043 1282 4114 domina
1298 4065 1444 4136 consors,

310 4174 372 4222 nec
387 4174 451 4221 non
468 4153 525 4239 filij
543 4159 575 4220 et
591 4153 784 4222 adherentes
800 4154 904 4240 ipsius
921 4155 1051 4222 Martini
1062 4156 1159 4243 Ders,
1189 4157 1280 4242 ipsos
1311 4157 1444 4224 nobiles
1560 4165 1561 4172 ’

312 4262 418 4332 (lustri
450 4261 586 4346 predicti
617 4262 756 4330 diuersis
787 4263 998 4346 pecuniarum
1030 4269 1062 4330 et
1077 4263 1153 4348 alijs
1185 4265 1281 4351 taxis,
1299 4284 1444 4334 necnon
1560 4315 1561 4318 ,

312 4370 427 4458 dacijs,
444 4370 680 4459 exaccionibus,
697 4376 729 4438 et
743 4371 903 4461 seruicijs,
920 4391 997 4456 sepe
1013 4365 1181 4456 replicatis
1203 4372 1330 4440 uicibus
1348 4372 1396 4440 eis
1414 4380 1448 4440 et

314 4497 424 4544 eorum
456 4478 593 4562 singulis
626 4477 795 4566 impositis,
813 4484 846 4545 et
860 4479 903 4546 ab
919 4479 965 4548 eis
992 4479 1115 4548 exactis
1132 4487 1164 4547 et
1180 4480 1332 4565 extorsis,
1348 4481 1447 4549 certis
1560 4469 1561 4498 ;

314 4587 415 4652 eciam
433 4586 704 4675 possessionibus,
721 4593 753 4655 et
768 4587 974 4672 porcionibus
1002 4587 1271 4676 possessionarijs
1308 4589 1447 4657 nonnul·
1560 4567 1561 4656 Ῐ
