3096 5160
784 299 941 398 *ee-4-

300 493 467 581 Stepbano
486 501 599 564 vooeto
617 501 648 564 et
666 517 737 566 oum
755 495 1003 579 magistrorum
1034 493 1100 562 tilio
1131 492 1267 562 domiue
1298 493 1428 562 Nieolai

299 604 340 669 de
354 605 570 688 generacione
587 624 647 671 sua
663 603 878 691 personaliter
894 601 927 669 in
945 603 1047 670 nostri
1074 603 1248 688 presencia
1275 600 1430 670 eonstitu-

301 718 355 776 tus
371 709 534 792 quandam
553 717 670 778 terrem
687 730 778 779 auam
795 709 879 792 Weg
895 716 1046 778 uoeatam
1061 708 1095 774 iu
1111 709 1277 778 comitatu
1294 709 1337 774 de
1367 708 1428 774 Bo-
1543 789 1544 804 ἢ

299 837 380 884 roua
395 819 429 884 iu
446 837 508 885 ruo
524 817 647 886 ambitu
663 819 827 898 situatam,
844 835 918 884 eum
934 817 1039 904 pratis
1055 824 1088 883 et
1113 815 1207 884 terrie
1240 817 1430 900 oempestri-
1543 809 1544 822 ³

302 927 360 992 bus
378 924 430 992 vel
444 924 637 1011 arabilibus,
668 925 754 992 siout
770 945 810 992 ex
826 924 897 992 uisu
914 922 1114 991 considerari
1129 921 1237 1008 datur,
1272 921 1318 988 ad
1335 943 1426 990 usum

298 1037 422 1116 septem
439 1037 620 1098 aratrorum
637 1030 862 1116 sufficientem,
886 1029 983 1097 oertis
1011 1030 1106 1098 metis
1122 1038 1154 1098 et
1168 1029 1321 1096 terminis
1338 1028 1429 1096 vndi-

299 1160 361 1224 que
377 1137 610 1208 eiroumdetam
626 1145 660 1205 et
674 1139 840 1222 uallatam,
856 1138 940 1204 siout
956 1137 1021 1204 iem
1037 1136 1246 1224 exprimetur,
1263 1136 1306 1202 de
1317 1136 1430 1202 uolun-

299 1255 367 1316 tate
383 1255 415 1313 et
431 1247 642 1333 permissione
657 1246 797 1333 predicti
811 1245 961 1331 Magistri
977 1245 1057 1312 Jula
1071 1253 1104 1312 et
1120 1250 1299 1312 oeterorum
1311 1263 1429 1328 eogno-

298 1361 403 1422 torum
420 1354 470 1420 vel
487 1353 665 1422 uicinorum
682 1373 822 1438 ererum,
838 1372 971 1436 quorum
987 1352 1121 1420 nomina
1151 1350 1290 1420 inferius
1322 1349 1427 1434 expri-

298 1467 434 1546 mentur,
451 1460 595 1529 vendidit
611 1459 766 1543 Magistro
783 1459 872 1526 Beke
889 1459 954 1527 filio
972 1457 1107 1526 Comitis
1123 1457 1271 1524 Mareelli
1290 1464 1323 1524 et
1350 1454 1426 1524 duo

302 1573 361 1638 bue
378 1569 456 1655 filijs
480 1567 623 1636 eiusdem
653 1566 819 1652 Stephano
850 1573 882 1633 et
912 1565 1051 1651 Myoeeli
1082 1567 1231 1651 cognatis
1262 1565 1334 1634 suis
1366 1583 1424 1650 pro

301 1677 414 1760 viginti
430 1676 548 1742 mareis
564 1675 654 1760 prius
670 1672 849 1741 numeratis
866 1679 898 1741 et
914 1673 1053 1760 receptis
1068 1673 1111 1740 eb
1128 1672 1263 1760 eisdem,
1296 1669 1361 1738 eibi
1392 1679 1424 1738 et

206 1809 208 1814 ·
300 1803 411 1852 eorum
428 1782 599 1850 heredibus
617 1781 875 1849 inreuoeabititer
907 1780 976 1848 iure
1006 1785 1161 1866 perpetuo
1192 1775 1426 1865 possidendam

299 1899 331 1958 et
347 1889 550 1976 habendam,
575 1909 672 1972 quam
688 1888 819 1972 quidem
843 1900 965 1955 terram
997 1887 1162 1970 predictus
1194 1887 1311 1954 Petrus
1343 1885 1426 1952 filim

300 1996 415 2066 Buehk
432 1996 535 2064 eidem
551 1997 705 2080 Magistro
721 1995 813 2064 Beke
829 2015 886 2079 pro
903 1994 1025 2062 eisdem
1043 1995 1157 2078 uiginti
1166 1994 1287 2061 mareis
1297 1994 1425 2080 pignori

299 2105 470 2192 obligarat,
488 2105 572 2172 siout
587 2103 621 2170 in
647 2103 765 2170 litteris
789 2101 908 2170 nostrie
944 2102 1060 2168 exinde
1090 2101 1250 2169 oonseetie
1282 2101 1425 2168 uidimus

298 2212 466 2296 contineri,
498 2218 530 2279 et
544 2209 749 2297 postmodum
764 2209 921 2276 redimere
937 2229 1002 2276 non
1018 2209 1144 2292 ualens,
1176 2228 1234 2294 per
1264 2205 1425 2276 Comitem

297 2317 462 2384 Andream
479 2317 581 2384 filium
598 2317 686 2384 Petri
712 2316 765 2416 dex
783 2336 905 2402 genere
936 2314 1086 2402 Budmer,
1117 2321 1150 2382 et
1181 2313 1295 2382 Budur
1327 2315 1423 2382 fitium

298 2424 408 2492 Budur
424 2423 466 2490 de
481 2423 626 2511 Peturdy
640 2445 700 2511 per
715 2431 827 2512 partes
852 2421 1008 2490 udduotoe
1039 2429 1219 2491 memorata
1248 2429 1339 2491 terra
1366 2443 1423 2507 pro

299 2531 422 2598 eisdem
438 2531 556 2616 uiginti
583 2532 700 2599 mareis
731 2531 793 2598 fuit
824 2531 981 2597 extimata
1011 2550 1119 2598 eoram
1150 2529 1280 2597 homine
1314 2535 1421 2597 nostre

297 2639 442 2725 Symone
456 2637 671 2726 prebendario
688 2657 747 2724 per
765 2643 874 2724 partes
889 2635 1041 2705 adducto.
1058 2635 1179 2704 Cursus
1195 2643 1306 2703 antem
1324 2645 1424 2703 meta·

299 2767 370 2813 rum
386 2745 482 2813 buius
497 2751 580 2815 terre
595 2745 756 2829 Wegbaia
773 2751 886 2813 uocate
902 2745 978 2812 talia
994 2751 1065 2810 eet:
1084 2743 1276 2828 Inoipiendo
1297 2745 1422 2812 eeiiioet

297 2876 318 2922 a
333 2855 430 2924 fluuio
448 2855 569 2924 Skaloh
584 2861 701 2923 nouato
716 2853 750 2920 in
765 2852 1047 2921 nommetaneitate
1062 2858 1222 2922 terrarum
1246 2851 1421 2935 Laurenoij

297 2961 355 3046 filij
373 2963 447 3049 Vyd
463 2965 505 3032 de
520 2965 644 3049 Lypov,
660 2968 693 3030 et
707 2963 840 3029 fratrum
858 2979 988 3029 suorum
1003 2961 1141 3030 filiorum
1158 2961 1336 3048 Myeooleh,
1354 2967 1422 3027 ten·

298 3069 347 3138 dit
362 3068 405 3136 ad
420 3069 552 3139 dumum
568 3070 755 3156 vimineum,
773 3069 806 3136 in
824 3087 887 3152 quo
905 3075 954 3137 est
969 3075 1055 3136 mete
1070 3075 1194 3152 terrea;
1214 3066 1335 3136 deiude
1351 3087 1424 3153 pre·

297 3175 424 3245 oeditur
439 3178 481 3245 ad
508 3197 604 3245 unam
638 3183 754 3244 metam
787 3183 925 3244 terream
958 3181 1101 3243 ereetum
1132 3176 1225 3241 iuxta
1257 3175 1424 3259 quendam

297 3285 446 3369 insulam,
463 3285 518 3352 vbi
534 3281 622 3350 eadit
637 3285 671 3349 in
688 3302 807 3368 aquam
823 3282 978 3350 Draueha
994 3287 1162 3366 uooatam;
1188 3301 1285 3366 quam
1311 3291 1423 3349 trans·

296 3391 419 3459 saliere
435 3391 562 3458 venitur
578 3389 621 3458 ed
637 3397 755 3457 metam
771 3393 909 3458 terream
926 3389 980 3454 vbi
997 3393 1047 3455 eet
1063 3385 1178 3472 nattis;
1202 3395 1318 3475 posteo
1328 3388 1426 3456 uadis

297 3495 384 3585 (tgy)
400 3497 443 3564 ud
459 3518 556 3566 unam
572 3517 725 3584 magnam
742 3497 838 3582 uiam,
856 3516 913 3581 per
930 3515 1027 3580 quam
1044 3495 1109 3562 itur
1125 3495 1158 3561 in
1184 3495 1300 3561 uillam
1325 3495 1426 3563 Bere·

295 3625 389 3689 men3
412 3605 446 3672 in
463 3625 528 3689 qua
544 3604 599 3672 uia
615 3604 721 3672 eundo
738 3607 805 3672 exit
821 3605 863 3671 ab
880 3603 1005 3690 eadem,
1032 3609 1062 3670 et
1079 3601 1208 3672 raditur
1224 3621 1283 3687 per
1299 3603 1423 3672 uallem

295 3713 489 3780 riminosam
505 3711 550 3779 ad
565 3712 646 3780 duae
663 3719 766 3780 metas
782 3717 916 3799 torreas,
946 3712 1002 3778 vbi
1028 3710 1295 3778 eommetaneitae
1325 3715 1428 3780 terra·

295 3841 365 3888 rum
381 3819 518 3907 predicti
534 3819 705 3905 Laureneij
723 3825 756 3887 et
771 3817 991 3906 predictorum
1007 3817 1148 3887 filiorum
1164 3817 1332 3903 Mysooleb
1357 3824 1421 3886 ter·

295 3927 445 4016 minatur,
461 3935 493 3996 et
508 3927 621 4014 ineipit
635 3931 744 3994 tenere
760 3917 1074 4004 nommetaneitatem
1101 3944 1173 3992 oum
1204 3925 1301 3993 terris
1331 3925 1424 3993 Petri

295 4033 339 4100 iili
355 4033 502 4121 Buobka,
518 4035 628 4118 itaque
643 4034 736 4100 uadit
767 4032 811 4100 ad
843 4039 973 4118 pontem
1005 4031 1216 4119 Zemdybyda
1247 4040 1422 4118 uoeatnm;

295 4160 358 4224 quo
374 4148 472 4225 ponte
486 4141 624 4209 transito
639 4160 699 4228 per
715 4139 850 4209 eandem
878 4160 999 4224 aquam
1029 4159 1127 4225 super
1157 4158 1224 4224 qua
1254 4145 1304 4206 est
1332 4137 1424 4208 idem

293 4266 376 4331 poue
392 4248 517 4316 venitur
533 4247 577 4316 ad
592 4247 699 4315 looum
715 4249 800 4333 Seeg
816 4247 955 4334 dietum,
971 4251 1086 4334 postea
1101 4245 1195 4315 uadit
1210 4245 1254 4312 ad
1270 4247 1423 4314 arborem

295 4355 388 4422 nueie
405 4362 491 4422 terra
507 4355 723 4440 cumulatam3
740 4353 860 4422 abhinc
876 4353 1013 4423 eurritur
1029 4355 1063 4421 in
1079 4361 1172 4440 prato
1188 4373 1249 4438 per
1264 4373 1422 4438 magnum

293 4461 447 4543 sponium,
466 4465 497 4526 et
512 4463 639 4529 denitur
654 4461 698 4527 ad
713 4481 772 4528 sex
787 4461 920 4529 arbores
937 4462 1090 4548 pirorum,
1121 4461 1175 4528 vbi
1191 4467 1243 4529 eet
1257 4467 1344 4530 mera
1358 4465 1421 4526 ter-

295 4579 369 4644 rea;
395 4561 582 4646 supradiota
598 4571 706 4633 autem
731 4585 818 4650 aqua
848 4565 1003 4636 Drauoba
1034 4569 1191 4636 menuitur
1223 4566 1350 4654 iterato,
1387 4573 1421 4635 et
