3170 5166
644 339 805 445 Q

156 532 264 623 ipsum
295 533 456 626 datorum,
488 535 620 606 eosdem
650 539 735 608 tilios
767 537 901 608 Comitis
931 541 1046 628 Durng
1075 544 1118 612 sb
1140 542 1288 614 omnibus

159 643 336 712 molestare
351 643 536 713 uolentibus
552 645 706 732 expedire
722 645 885 715 laboribus
900 647 1043 734 proprijs
1059 657 1093 717 et
1122 652 1286 738 expensis.

158 753 280 820 Delum
310 751 344 818 iu
375 752 429 822 die
456 753 664 822 Assensionis
696 755 828 822 Domini
856 773 943 823 enno
967 756 1113 826 eiusdem
1130 758 1287 828 litthCt.

158 861 324 928 Demetrio
339 860 521 948 Prepesito,
536 861 676 930 Iweulur
690 864 834 951 bettore,
858 865 940 934 luen
965 865 1114 954 (tentore,
1145 867 1287 934 Mortino

159 965 300 1036 Custode
315 967 482 1053 Magistris
506 968 726 1039 existentibus.

156 1162 302 1229 (Eredetie
332 1165 517 1234 bttrbtrtytm
548 1183 567 1220 s
593 1168 756 1220 sord-verse
786 1169 1022 1238 selyemrsindron
1046 1174 1162 1242 suggest
1190 1175 1287 1240 posset

156 1258 310 1323 elvesuett3
328 1256 443 1310 sbudei
461 1258 516 1310 kir.
533 1259 855 1315 kemereilevelttrben.
887 1265 921 1314 V.
949 1266 975 1315 ὕ.
1002 1263 1084 1332 Fejer
1112 1263 1179 1319 cdd.
1210 1265 1286 1334 Dipl.

546 1351 595 1402 vr.
613 1349 673 1400 seo.
693 1356 717 1402 2.
737 1365 761 1403 r.
781 1355 840 1402 ms.
859 1355 890 1418 1.)

587 1639 856 1656 0———1——1-——1-

685 2179 759 2252 526.

149 2353 187 2448 Ἀ
203 2383 338 2451 oaevdri
353 2383 578 2472 kdpteluuoek
593 2382 862 2469 br'zonysdpleoole,
883 2383 965 2470 boqy
980 2383 1125 2451 Malenoi
1151 2383 1284 2448 Mdrtorr
1313 2363 1318 2375 ⁸

152 2491 295 2559 Mobeni
309 2488 609 2578 belystpfelertezdt
623 2491 786 2576 citenyedte
802 2489 925 2578 oup'e'rrelo
941 2490 1067 2560 Kucblei
1082 2491 1281 2561 Mittdenat.

672 2599 770 2666 1300.

261 2795 330 2863 Nos
361 2793 545 2882 Capitulum
586 2793 732 2863 Euelesie
770 2795 861 2862 Beati
894 2793 1061 2863 Michaelis
1094 2795 1135 2862 de
1165 2795 1282 2866 castro

153 2906 274 2973 Ferree
303 2909 415 2971 notum
447 2902 583 2970 lusimus
613 2909 724 2971 tenore
753 2902 958 2988 presencium
990 2902 1162 2989 uniuersis,
1195 2903 1281 2988 quod

152 3011 315 3078 Martinus
345 3010 431 3078 filius
462 3009 586 3076 Obarua
616 3010 657 3077 de
672 3011 803 3078 Makna
827 3030 936 3078 eorem
953 3009 1048 3077 nobie
1065 3011 1281 3096 personaliter

152 3117 350 3186 constitutus
366 3117 600 3186 dimidietatem
617 3117 831 3204 possessionis
846 3137 905 3186 sue
920 3119 1051 3184 blekws
1067 3123 1182 3186 nocete
1206 3137 1281 3188 oum

152 3246 219 3294 uno
250 3225 323 3292 loeo
352 3225 529 3294 molendini
560 3234 693 3312 sparto
721 3225 858 3292 tiliorum
890 3225 1021 3292 Comitis
1045 3226 1148 3315 Petri,
1180 3225 1280 3312 dedit,

152 3333 288 3400 donauit
303 3339 337 3401 et
351 3335 488 3401 eontulit
503 3333 640 3400 Nieoleo
656 3333 723 3398 tilio
742 3333 858 3400 Jeoobi
876 3329 916 3399 de
947 3331 1076 3400 Kwobk
1106 3352 1179 3400 eum
1210 3333 1281 3400 tilie

151 3461 215 3508 sne
245 3439 376 3510 domine
399 3439 546 3526 teleneu,
563 3459 660 3525 quern
676 3439 762 3506 idem
777 3441 935 3507 Nieolnns
951 3441 1127 3528 eopnlsuit.
1143 3441 1278 3508 Wulen-

150 3547 239 3616 tinns
255 3553 288 3615 et
303 3547 496 3640 Benedictus
513 3549 569 3636 filij
603 3549 692 3616 Petri
707 3548 749 3616 de
780 3548 896 3615 eedem
929 3547 1061 3616 Mekwu
1091 3569 1152 3634 pro
1168 3568 1215 3635 se,
1248 3555 1281 3618 et

148 3675 210 3742 pro
224 3653 319 3722 Petro
335 3653 436 3722 tratre
452 3676 562 3724 eorum
578 3655 805 3744 oomporendo,
826 3655 1003 3723 budizleus
1018 3655 1103 3724 tilius
1118 3657 1278 3726 ‚lobannis

147 3783 210 3849 pro
241 3781 277 3829 se
307 3769 340 3828 et
369 3783 429 3850 pro
461 3763 622 3831 Miobsele
654 3761 752 3829 fratre
782 3783 841 3831 sno
876 3769 1022 3831 ostentes
1064 3751 1279 3832 nommetsnei

148 3889 344 3938 eonsensum
375 3871 572 3956 prebuerunt
603 3875 636 3937 et
651 3888 830 3937 assensum.
856 3867 950 3948 Quod
967 3875 1003 3935 ut
1017 3877 1124 3938 return
1139 3873 1192 3960 sit,
1208 3893 1280 3958 pre·

146 3995 228 4046 sens
243 3978 397 4061 seriptum
413 3977 610 4045 eontulimus
627 3984 737 4044 nostro
753 3975 866 4060 sigillo
881 3977 1132 4066 eommunitnm;
1149 3979 1280 4050 domino

138 4083 286 4152 Niooleo
313 4085 630 4171 Prepesitojtlosme
648 4084 799 4171 Custode,
817 4085 971 4154 Cantorie
986 4091 1137 4172 useente,
1153 4087 1280 4158 Thomu
1337 4177 1339 4182 Ι

143 4193 283 4262 Deoeuo
297 4193 446 4264 Ecclesie
461 4199 571 4262 nostre
586 4193 812 4282 existentibus,
829 4212 915 4263 enno
933 4194 1064 4263 Domini
1079 4195 1233 4264 uocem.

144 4393 689 4461 (semeriisprarannak1srs.›in
715 4393 824 4445 octenis
853 4395 956 4446 Peroe«
990 4393 1172 4448 »Dominious
1205 4396 1278 4448 ttline

141 4485 262 4548 Nieolsi,
282 4489 311 4535 et
329 4485 445 4537 domine
464 4485 585 4552 Jelyneh
603 4499 716 4536 consors
734 4483 867 4546 eiusdem,
885 4485 943 4534 tilis
955 4483 1071 4536 bturtini
1085 4485 1138 4550 filij
1152 4485 1276 4538 Ohems«

140 4573 272 4630 heresem
296 4573 410 4626 lrisdott
437 4573 612 4639 spitametam
647 4588 665 4624 a
695 4573 783 4624 budei
809 4573 915 4640 kirtlyi
932 4573 1059 4626 kemmi
1079 4573 1277 4650 lertlttrben.)

578 4733 845 4755 m
