3112 5154
795 455 954 553 joc

313 655 441 740 phanus
459 651 545 718 lilius
560 645 718 734 Stephani
743 647 783 715 de
813 648 927 718 eadem
959 645 1107 713 Nadaser
1130 643 1275 731 legitime
1306 641 1442 711 citaeio·
1547 623 1548 626 ¹

313 763 364 828 nis
380 759 508 828 modurn
525 757 728 826 obseruando
744 757 943 842 Stephanum
960 753 1060 820 hlium
1077 753 1237 821 Johannis
1263 753 1306 818 de
1336 748 1441 817 Zorh·
1547 831 1548 836 ἵ

312 869 412 936 lalwa
428 866 471 934 ad
486 873 610 933 eertum
626 863 797 931 terminum
816 869 958 932 nostram
974 862 1006 928 in
1023 861 1225 946 presenciam
1243 860 1275 926 in
1303 875 1441 924 cansam

314 972 501 1058 attrixisset,
518 981 550 1039 et
566 973 639 1058 ipsa
655 991 754 1039 causa
771 967 941 1039 abeodem
958 975 1045 1037 certo
1061 968 1199 1034 termino
1224 965 1268 1032 ad
1299 972 1441 1032 octauas

314 1082 390 1149 festi
406 1081 500 1149 Beati
519 1078 651 1166 Georgij
669 1078 812 1147 martiris
826 1080 860 1145 in
877 1099 964 1144 anno
980 1081 1145 1144 transacto
1171 1075 1343 1162 preteritas
1370 1093 1443 1158 pro·

312 1191 464 1274 rogatin'e
480 1188 666 1256 deuenisset
683 1213 690 1254 ε
708 1187 840 1254 tandem
857 1185 938 1272 ipsis
955 1184 1080 1252 octonis
1096 1181 1329 1251 adherentibus
1355 1179 1441 1247 blar-

313 1299 401 1365 tinus
417 1296 503 1363 lilius
520 1294 679 1362 Johannis
696 1313 754 1380 pro
770 1292 925 1362 annotalo
941 1290 1109 1377 Stephano
1124 1291 1192 1359 tilio
1210 1288 1367 1374 Stephani
1379 1288 1443 1355 stb.

315 1409 349 1472 in
365 1411 510 1473 nostram
527 1403 686 1472 veniendo
702 1401 906 1488 presenciam
933 1401 1095 1466 racionem
1126 1399 1282 1486 premisse
1312 1403 1443 1466 contra·

317 1511 454 1578 dictoris
468 1509 676 1578 inhibicionis
693 1511 955 1596 percunctatum
971 1503 1173 1592 Stephanum
1190 1503 1294 1573 tilium
1318 1503 1445 1572 dohan-

315 1622 366 1689 nis
381 1618 546 1703 assignari
563 1617 739 1704 postulauit
754 1637 864 1684 eoram
880 1614 984 1681 nobis.
1009 1610 1079 1691 Quo
1095 1618 1249 1700 percepto
1272 1611 1445 1680 lohannes

315 1725 425 1812 Kisryl
442 1745 500 1811 pro
518 1724 631 1792 eodem
647 1723 814 1810 Stephano
830 1721 898 1788 lilio
914 1719 1074 1788 Johannis
1091 1721 1151 1788 stb.
1168 1725 1314 1787 nostram
1346 1737 1444 1785 exur-

315 1835 422 1920 gendo
437 1835 471 1901 in
487 1833 692 1920 presenciam
707 1829 921 1918 responderat
936 1849 975 1896 ex
992 1828 1141 1916 aduerso,
1174 1827 1261 1914 qnod
1291 1833 1443 1913 tempore

315 1942 473 2029 premisse
489 1938 743 2026 possessionarie
768 1937 1043 2006 reambulaeionis
1074 1937 1222 2024 prefatus
1252 1935 1441 2021 Stephanus
1547 2005 1548 2010 ,

316 2049 402 2116 filius
418 2047 581 2115 iohannis
612 2068 670 2133 pro
702 2067 740 2114 eo
772 2046 905 2114 lecisset
936 2043 1188 2131 prohibicionem
1221 2047 1444 2130 prenotatam3

316 2155 394 2239 qnia
411 2159 584 2220 annotatus
600 2153 785 2240 Stephanus
800 2152 885 2221 filius
902 2151 1063 2236 Stephani
1078 2172 1137 2237 per
1145 2151 1337 2238 premissam
1347 2167 1445 2216 suam

317 2259 610 2347 possessionariam
625 2260 921 2327 reamhulacionsm
937 2265 968 2324 et
983 2265 1141 2326 motarum
1158 2258 1358 2325 creceioncm
1375 2276 1444 2324 ma·
1547 2253 1548 2276 ³

317 2389 414 2454 gnam
429 2375 556 2452 partem
572 2373 654 2434 terre
671 2367 756 2434 dioto
781 2365 995 2452 possessionis
1025 2363 1215 2433 Zorhlalwa
1247 2365 1443 2448 occupatiue

319 2472 499 2542 addictam
517 2475 755 2557 possessionem
772 2495 864 2542 suam
881 2472 1048 2552 Nadasser
1080 2472 1247 2559 applicare
1278 2470 1445 2557 voluisset,
1547 2559 1548 2562 Ἴ

317 2584 390 2668 ipsa
404 2587 511 2648 autem
528 2581 713 2668 Stephanus
722 2581 809 2650 filius
823 2582 982 2650 iohannis
992 2599 1090 2668 super
1099 2579 1227 2666 prelata
1237 2579 1447 2667 possessione
1547 2639 1548 2648 ,

320 2710 380 2760 sua
394 2689 585 2758 Zorhfalwa
601 2689 727 2760 litteras
743 2690 877 2758 haberet
894 2689 1043 2759 efficaces
1059 2687 1093 2756 in
1124 2691 1263 2757 termino
1295 2687 1445 2756 citeriori
1547 2683 1548 2686 ’

320 2817 427 2866 coram
444 2797 538 2866 nobis
554 2797 767 2868 exhibendas.
792 2797 885 2866 Vnde
901 2799 960 2868 stb.
979 2795 1029 2886 (ez
1047 2797 1337 2880 elhatbroatatvtn,
1362 2816 1379 2862 s
1406 2817 1446 2862 az

317 2916 385 2992 tigy
400 2905 553 2974 tdhbszdr
578 2905 854 2990 elhalasztatrtn)
886 2905 1018 2973 tandem
1049 2901 1285 2992 (presentibus)
1317 2904 1446 2971 ootauis

318 3013 412 3082 Beati
426 3013 542 3081 Jacobi
558 3013 706 3099 Apostoli
737 3013 932 3079 instantibus
956 3013 1103 3079 Andreas
1128 3009 1213 3078 lilius
1244 3011 1353 3098 Chepe
1385 3003 1447 3098 'pro

317 3122 391 3206 ipso
407 3119 574 3205 Stephano
598 3119 662 3187 lilio
688 3119 847 3206 Stephani
878 3119 939 3187 stb.
970 3117 1130 3203 quasda'm
1159 3119 1287 3186 litteras
1320 3118 1447 3184 domini
1547 3203 1548 3208 ἵ

319 3229 449 3296 Andros
465 3227 543 3293 dicti
561 3225 600 3294 do
616 3227 768 3313 Venccijs
783 3226 860 3294 olim
886 3227 984 3312 Regis
1015 3225 1183 3312 Hungarie
1213 3225 1445 3310 priuilegiales
1547 3251 1548 3256 ¹

320 3355 405 3402 anno
421 3335 552 3403 Domini
569 3335 619 3400 Mr
635 3335 855 3403 ducentesimo
872 3334 1085 3421 nonagesimo
1117 3335 1221 3420 Regni
1252 3341 1359 3401 antem
1393 3335 1447 3401 sui

318 3463 404 3510 anno
419 3441 523 3528 primo
540 3447 707 3511 emanatas
722 3463 779 3528 per
795 3443 959 3511 dominnm
976 3442 1133 3512 Karolum
1159 3443 1281 3529 Regem
1312 3441 1445 3527 apposi·
1547 3461 1548 3466 ¹

321 3550 413 3616 cione
428 3569 485 3617 seu
501 3549 692 3636 inpensione
709 3550 811 3635 sigilli
827 3551 877 3620 sni
893 3549 1063 3618 annularis
1078 3550 1112 3616 in
1128 3570 1202 3617 cera
1228 3549 1327 3617 rubra
1354 3556 1446 3618 certa

320 3655 463 3740 imagine
479 3657 520 3723 ad
538 3656 685 3725 dextram
703 3659 737 3724 in
754 3658 861 3743 sigillo
878 3659 967 3726 lacta
983 3659 1199 3746 confirmatas,
1231 3656 1395 3726 habentes
1411 3661 1446 3726 in

319 3782 354 3831 se
370 3764 593 3832 confirmatiue
610 3771 642 3830 et
657 3765 905 3850 transscriptiue
920 3765 1093 3838 verbaliter
1117 3765 1236 3834 seriem
1262 3766 1447 3833 litterarum
1547 3755 1548 3762 '

318 3869 571 3956 priuilegialium
587 3868 710 3938 domini
726 3871 873 3940 Ladislai
890 3873 968 3941 olim
984 3873 1134 3941 similiter
1149 3873 1248 3958 Regis
1276 3871 1449 3956 Hungarie

318 3998 404 4046 anno
420 3977 550 4044 Domini
566 3978 615 4042 hl⁹
631 3977 852 4048 ducentesimo
869 3981 1108 4067 septuagesimo
1126 3987 1250 4066 octauo,
1278 3979 1449 4064 quintode-

318 4086 400 4152 cimo
418 4085 578 4154 kalendas
594 4088 746 4174 Augusti,
772 4085 875 4172 Regni
892 4093 1000 4156 autem
1017 4091 1067 4155 sui
1084 4108 1170 4154 anno
1186 4087 1325 4174 septimo
1341 4087 1446 4154 edita·

317 4213 397 4276 rum,
413 4192 606 4260 hahencium
623 4193 655 4259 in
672 4213 708 4261 se
724 4194 897 4263 verbaliter
915 4196 1137 4263 confirmatius
1153 4195 1447 4282 ettransscriptiue
1547 4185 1548 4198 ¹

317 4301 432 4368 seriem
448 4301 631 4368 litterarum
648 4301 746 4388 Byter
763 4301 899 4372 Comitis
914 4302 956 4370 de
981 4303 1117 4390 Zolyum
1142 4302 1375 4370 memorialinm
1406 4303 1443 4369 in

318 4409 372 4474 die
387 4409 498 4476 Sancti
516 4408 647 4493 Georgij
665 4429 752 4476 anno
767 4411 897 4478 Domini
913 4411 963 4477 Mt
974 4411 1194 4479 ducentesimo
1205 4410 1448 4496 septuagesimo

271 4569 275 4576 ,
316 4518 455 4601 septimo
472 4518 693 4584 confectarum
710 4517 803 4585 nobis
821 4521 948 4586 curauit
964 4521 1197 4605 demonstrare,
1214 4520 1443 4606 exprimentes,
1547 4587 1548 4590 ,

317 4625 404 4708 quod
419 4623 565 4692 Mathias
581 4625 668 4691 lilius
684 4624 814 4693 Andree
829 4627 872 4693 ad
888 4627 991 4713 ipsius
1008 4627 1130 4692 domini
1160 4611 1309 4695 hadislai
1343 4629 1446 4710 Regis

327 4729 485 4799 accedens
498 4730 699 4814 presenciam
716 4731 882 4801 humiliter
898 4735 939 4802 ab
955 4735 1028 4817 ipso
1043 4733 1257 4822 supplicando
1288 4735 1450 4820 postulas·
