3096 5160
619 887 697 956 412.

96 1083 180 1152 Mn‘te
202 1087 379 1152 midornak
399 1085 635 1171 perholaezidei
663 1108 825 1170 paranena
857 1110 897 1152 az
929 1087 1219 1175 alorez'dqbircihoz,

144 1193 267 1260 Mikzes
283 1194 415 1258 bannale
432 1191 567 1259 Kalmer
581 1215 681 1258 comen
698 1193 792 1258 eueni
809 1195 954 1280 tiqye'ben.
978 1176 1029 1261 13)
1043 1197 1161 1262 ne‘llcel.

199 1389 271 1454 Non
286 1348 328 1455 fi.
344 1385 514 1456 Palatinus
531 1387 645 1454 Comes
661 1385 876 1474 symigiensis
893 1394 925 1453 et
939 1387 1047 1453 Jndex
1062 1385 1220 1456 Cumano·

96 1515 162 1561 rum
179 1514 201 1560 a
219 1495 314 1562 uobis
328 1493 524 1562 vieeJudice
540 1495 634 1560 Curie
650 1493 772 1562 domini
788 1491 918 1582 (Regis)
934 1495 1072 1578 petimus
1093 1516 1219 1563 summo

94 1623 162 1668 cnm
178 1603 301 1669 affeetu
320 1602 415 1685 (igy),
446 1607 604 1686 quatenns
620 1621 765 1685 eausam,
783 1621 879 1684 qnam
910 1603 1076 1686 Nyeolnus
1109 1604 1219 1670 Benna

94 1715 204 1775 eontra
221 1709 380 1776 Comitem
396 1708 596 1774 Kalmeninm
613 1709 647 1774 in
663 1707 789 1774 oetaeis
806 1707 899 1774 Beati
917 1707 1048 1793 Georgij
1065 1709 1098 1774 in
1122 1709 1219 1778 vestri

95 1815 191 1883 hebet
206 1815 390 1901 presencia,
408 1815 450 1880 ad
467 1822 599 1882 oetanas
616 1815 823 1885 Pentecosten
840 1815 910 1881 sine
926 1817 1120 1900 grauamine
1136 1816 1219 1882 iudi·

95 1925 145 2010 eij,
172 1923 228 1990 uel
245 1924 388 2009 ulterius,
405 1923 447 1990 ad
473 1924 674 2016 presenciam
699 1922 820 1990 domini
851 1923 950 2005 Regis
979 1923 1088 1990 uelitis
1113 1945 1220 2010 proro-

93 2050 187 2116 gare;
211 2036 248 2098 nt
272 2029 424 2098 dominns
440 2031 509 2096 Rex
525 2050 596 2096 eum
613 2031 681 2096 euin
697 2029 880 2097 Batonibus
897 2035 930 2096 et
944 2030 1047 2113 Regni
1062 2031 1113 2097 sni
1129 2031 1218 2098 nobi-

92 2137 175 2204 libus
191 2135 348 2204 indicium
365 2136 467 2203 faeiat
481 2135 566 2203 inter
581 2136 681 2223 ipsos,
698 2135 789 2202 alind
805 2156 869 2202 non
886 2133 1014 2221 facturi,
1041 2155 1113 2204 eum
1129 2137 1216 2206 idem

92 2243 123 2308 in
138 2243 288 2328 generali
304 2243 447 2311 exercitu
460 2243 562 2311 tocius
577 2243 693 2330 Regni,
725 2249 758 2309 et
773 2243 878 2328 Regni
909 2244 1073 2313 nobilibus
1106 2254 1218 2314 eontra

91 2349 289 2416 Teutonicos
303 2350 409 2434 Regni
426 2351 461 2416 in
477 2349 625 2418 inimicos
656 2351 690 2418 in
723 2351 804 2437 ipsis
837 2351 962 2418 octenis
993 2371 1034 2418 ex
1065 2361 1218 2440 precepto

93 2457 212 2524 domini
228 2457 328 2539 Regin
344 2457 411 2523 iam
428 2455 471 2525 sit
486 2457 655 2526 nobiseum
671 2457 706 2525 in
722 2457 881 2542 confinijs.
920 2459 961 2525 Et
977 2461 1020 2526 ab
1046 2459 1108 2526 hoe
1138 2459 1218 2547 peti-

94 2584 173 2648 mus,
189 2563 276 2648 qnod
292 2583 389 2631 uenus
405 2565 497 2632 nullo
513 2563 608 2632 modo
625 2562 767 2646 iacietis,
794 2585 866 2632 enm
882 2564 943 2634 hoe
968 2567 1115 2650 requirat
1138 2568 1219 2634 ordo

93 2691 180 2739 ium.

178 2778 319 2844 Kiviil
343 2801 351 2842 :
377 2777 489 2845 Amieo
505 2799 563 2848 sno
579 2777 758 2846 Vieeindiei
775 2777 871 2846 Ourie
887 2777 1011 2847 domini
1026 2779 1134 2866 Regis.

91 2975 232 3036 (Eredetie
251 2973 438 3040 berhertyen,
466 2991 484 3026 a
503 2977 588 3040 ffigge
601 2976 698 3042 penset
710 2975 863 3042 elveezeit3
881 2977 959 3028 meli.
979 2977 1080 3041 Snelny
1092 2960 1217 3042 Agneion

463 3063 555 3116 nmak
573 3065 849 3134 gyssjtemenyeben.)
