3170 5166
798 277 959 390 sno-

316 477 447 574 qcidem
463 478 527 553 dne
541 483 651 554 littore
666 503 775 553 eornm
791 487 825 554 in
842 505 930 554 enno
944 483 1075 558 Domini
1091 485 1268 556 millesimo
1282 489 1444 556 trecente·

316 595 398 664 simo
413 593 573 680 vigesimo
588 599 705 662 octono
729 593 875 662 confeete
900 593 1053 662 similiter
1083 593 1168 662 alias
1199 593 1280 662 dors
1311 593 1446 662 titteres

316 701 462 771 eiusdem
478 699 622 788 Capituli
638 697 735 768 modo
751 701 850 768 simili
866 701 910 768 ad
924 702 1063 787 Regium
1095 701 1320 770 litteratorium
1355 721 1448 768 mnn-

316 809 428 878 dstnm
442 807 479 876 in
492 806 638 894 ipsorum
652 807 802 876 sacristia
816 809 990 895 requisitos
1004 817 1037 877 et
1052 809 1248 893 reinvonsos,
1264 827 1366 874 omnm
1382 807 1446 875 snb

316 905 404 985 anno
430 915 563 985 Domini
588 913 762 984 millesimo
787 916 1009 986 ducentesimo
1033 918 1244 1001 nonagesimo
1269 917 1380 1003 tereio,
1415 922 1451 982 et

316 1025 414 1094 etiem
433 1023 468 1090 in
493 1041 579 1090 enno
609 1021 744 1090 Domini
774 1021 946 1093 millesimo
976 1023 1202 1092 ducentesimo
1231 1021 1450 1106 nonagesimo

316 1138 432 1200 cotem
462 1129 708 1218 priuilegialiter
749 1137 919 1200 emenates
967 1132 1251 1208 bensscribebant,
1295 1129 1451 1198 eiusdem

317 1240 440 1308 domini
471 1238 618 1307 Palatini
647 1237 821 1322 judiciario
855 1237 996 1306 examini
1029 1245 1174 1306 errasset
1204 1237 1364 1310 exbibete.
1409 1240 1451 1306 ln

317 1365 452 1432 qnsrnm
498 1346 622 1432 prime,
670 1344 825 1412 videlicet
858 1345 945 1412 dioto
991 1345 1102 1414 littere
1149 1344 1364 1431 priuilegiaiis
1415 1345 1451 1412 in

318 1473 406 1521 sono
444 1453 576 1522 Domini
614 1451 790 1521 millesimo
835 1453 1058 1522 ducentesimo
1096 1453 1307 1538 nonogesimo
1344 1453 1453 1519 tercio

317 1565 479 1628 smenste
502 1567 615 1630 tenore
646 1556 732 1626 idem
763 1557 912 1628 dominus
941 1561 1112 1628 Palatinos
1143 1561 1326 1644 reperisset,
1358 1558 1451 1644 qnod

318 1667 434 1738 Comes
465 1665 632 1736 Emericns
669 1667 756 1735 filins
796 1666 939 1753 itemerij
988 1667 1029 1734 de
1075 1667 1220 1753 iisdem,
1258 1667 1452 1736 nemimem

317 1782 352 1842 et
387 1772 554 1842 Emericns
592 1773 651 1859 biij
683 1773 839 1861 eiusdem,
882 1795 991 1842 eoram
1032 1773 1118 1842 dicto
1149 1773 1299 1860 Cepitnlo
1335 1793 1452 1860 perso·

318 1884 441 1952 naliter
472 1882 649 1965 constituti,
679 1883 862 1970 porcionem
893 1902 1002 1951 eorum
1035 1883 1169 1954 tototem
1201 1903 1272 1951 cnm
1295 1884 1451 1954 omnibns

318 1992 387 2060 suis
403 1989 598 2058 vtilitstibrs
614 1995 647 2056 et
661 1991 882 2076 pertineneijs,
914 2011 1011 2076 qnam
1028 1990 1150 2058 babere
1164 2009 1202 2058 se
1218 1991 1380 2059 dixissent
1413 1995 1449 2060 in

317 2105 404 2168 terro
420 2095 545 2164 Ockow
559 2101 755 2184 nuncupata,
788 2097 1013 2170 vendidissent
1027 2097 1145 2165 Comiti
1160 2097 1256 2166 Petro
1286 2097 1352 2166 filio
1387 2101 1451 2166 Ite-

319 2204 410 2289 merij
429 2205 469 2272 de
486 2205 619 2274 Marwa
634 2224 693 2290 pro
710 2211 783 2271 octo
799 2205 916 2272 merois
932 2205 1028 2292 plene
1044 2204 1183 2291 receptis
1197 2205 1240 2271 ab
1265 2205 1381 2274 ecdem
1414 2209 1449 2274 in

318 2317 508 2396 perpetnnm
525 2310 658 2397 pacifice
675 2315 708 2377 et
731 2311 842 2394 quiete
866 2311 1096 2396 possidendam
1132 2311 1271 2379 Mertino
1302 2319 1335 2378 et
1364 2312 1449 2380 Bors

317 2417 394 2502 tilijs
410 2414 543 2503 chamo,
559 2415 708 2502 cognatis
724 2415 897 2484 eorundem
913 2417 1138 2502 presentibus,
1155 2426 1186 2486 et
1208 2417 1392 2486 condicioni
1407 2442 1449 2488 ae

318 2524 479 2611 empcioni
494 2525 682 2610 prescriptis
699 2545 763 2592 non
781 2525 1087 2612 contradicentibus,
1121 2527 1219 2593 immo
1234 2525 1449 2613 permittenti-

318 2633 381 2700 bus
397 2637 430 2699 et
444 2651 635 2700 consensum
651 2633 862 2718 prebentibus
879 2633 920 2700 de
936 2634 1061 2702 eisdem
1078 2633 1244 2701 liberalem
1261 2635 1310 2702 ita
1340 2633 1447 2722 plene,

317 2745 354 2808 vt
369 2759 430 2808 nec
445 2738 541 2826 ydem
558 2739 674 2806 Comes
690 2739 857 2808 Ernericus
874 2747 906 2808 ot
921 2741 977 2826 filij
997 2741 1152 2827 eiusdem,
1170 2762 1232 2810 nee
1248 2743 1308 2829 fiiij
1325 2741 1447 2809 Dbame

319 2848 485 2934 antedicti,
502 2849 555 2916 vel
572 2847 708 2915 heredes
724 2847 898 2915 eorundem
915 2849 1129 2936 prescriptam
1145 2851 1333 2936 porcionem
1347 2849 1446 2918 modo

316 2956 476 3046 premisso
491 2956 654 3026 venditam
671 2955 870 3022 retractandi
887 2955 1018 3042 abipso
1035 2955 1158 3025 Gemite
1174 2958 1270 3026 Petro
1286 2965 1344 3026 aut
1369 2958 1447 3043 filijs

317 3065 461 3134 eiusdem
483 3065 549 3132 rllo
565 3083 706 3148 vnqumn
723 3071 870 3150 tempore
886 3062 1046 3132 baberent
1060 3066 1250 3134 facultatem
1269 3065 1304 3151 (l.
1316 3066 1449 3136 fentebb

316 3176 395 3242 446.
413 3157 465 3242 sc.=
476 3170 521 3259 a.)
538 3175 575 3240 In
590 3171 794 3240 continencia
823 3171 985 3257 siquidem
1001 3173 1450 3259 prescriptealteriuslittere

317 3283 466 3352 metati
482 3279 626 3366 Capituli
643 3276 750 3346 castri
765 3279 878 3346 Ferrei
893 3280 926 3346 in
943 3279 1087 3365 predicto
1103 3299 1191 3347 enno
1217 3279 1355 3348 Domini
1380 3280 1450 3346 mii-

315 3389 433 3456 lesimc
449 3384 673 3454 ducentesimo
689 3385 902 3469 nonagesimo
918 3393 1035 3452 octauo
1059 3387 1207 3454 similiter
1236 3386 1451 3474 priuileginli·

317 3502 369 3564 ter
385 3501 536 3562 emenato
551 3493 723 3560 manifeste
739 3492 918 3580 peripsum
934 3493 1098 3560 dominum
1115 3493 1302 3562 Palatinum
1334 3495 1452 3564 inisset

317 3609 489 3691 repertum,
505 3600 593 3686 qnod
609 3602 769 3669 Martinus
784 3601 870 3668 filins
885 3601 1012 3668 Choma
1028 3603 1069 3670 ds
1085 3603 1219 3671 biskws
1234 3621 1347 3670 eorem
1362 3602 1452 3669 dioto

319 3707 469 3797 Capitnio
485 3709 679 3778 constitutus
694 3709 879 3794 porcionem
896 3729 990 3776 susm
1007 3715 1222 3797 totamquam
1233 3709 1452 3780 bebnimetin

318 3815 562 3904 tomtsozkow,
574 3817 774 3886 vendidisset
791 3837 848 3903 pro
864 3837 921 3884 sex
937 3817 1053 3884 mareis
1070 3818 1254 3906 Valentino,
1271 3817 1451 3886 Benedieto

315 3933 349 3994 et
363 3924 469 4012 Petro,
484 3924 561 4010 filijs
577 3925 710 3992 Comitis
727 3925 815 3991 Petri
826 3924 902 4008 jure
918 3933 1076 4010 perpetuo
1107 3923 1244 4012 pacifice
1276 3932 1309 3994 et
1340 3927 1452 4011 quiete

315 4033 581 4101 inreuocebiiiter
596 4032 827 4118 possidendam
858 4033 1015 4100 heredum
1046 4053 1105 4120 per
1135 4032 1283 4100 heredes.
1321 4031 1452 4100 Debinn

313 4140 378 4212 stb.
389 4141 508 4208 Dstnm
524 4141 559 4208 in
575 4139 767 4225 Wissegred
777 4141 941 4208 sedecimo
952 4139 1006 4208 die
1017 4141 1253 4224 quindenorum
1263 4139 1347 4208 sorio
1358 4147 1452 4212 sexte

315 4246 462 4341 proxime
479 4256 554 4334 pont
570 4248 687 4318 testum
705 4251 795 4316 Beati
812 4247 947 4334 Georgij
966 4247 1107 4316 mertinis
1124 4246 1348 4336 predictarum
1361 4267 1450 4319 anno

312 4353 446 4432 Domini
461 4352 609 4446 M⁰GGC⁰
625 4357 847 4441 octuagesimo
863 4355 981 4442 primo.

523 4479 666 4546 (Drsdstie
685 4497 702 4535 a
720 4481 807 4534 bndai
826 4483 878 4535 kir.
899 4483 1026 4538 inmersi
1045 4484 1241 4552 levtlttrban.)

743 4635 1013 4666 '‘m-un
