3148 5146
292 1122 682 1208 Salcmonfcbe‘rmcpyei
690 1115 900 1206 fdispdauak
916 1118 1187 1204 bizonysdplcoelc,
1205 1121 1292 1206 boqy
1310 1120 1381 1186 Sccl
1392 1125 1426 1184 c'c
1559 1077 1560 1112 ἶ

293 1229 413 1295 Miletos
430 1229 575 1296 Imreraelc
583 1229 649 1311 fici
666 1227 790 1313 Rapum
805 1227 964 1312 culpatque
980 1227 1153 1290 coactlcozo
1181 1225 1426 1312 hirtolp'opulrat

716 1333 886 1417 ipucoltdlc.
911 1333 1007 1398 1272.

403 1529 472 1598 Nos
487 1527 646 1596 Salomon
660 1528 778 1595 domes
794 1526 946 1594 Albensis
972 1527 1126 1594 memorie
1157 1525 1425 1594 commendamus

294 1635 516 1720 significantes
531 1634 700 1719 uniuersis,
732 1633 818 1718 quod
835 1653 907 1700 cum
923 1652 983 1702 nos
1001 1635 1074 1702 Seel
1090 1639 1123 1702 et
1138 1633 1321 1719 Nycclaum
1336 1633 1424 1700 filios

293 1740 442 1829 Emcryci
459 1762 558 1828 super
574 1747 661 1810 terre
677 1739 787 1810 Casiri
802 1739 955 1810 Albensis
971 1742 1095 1826 Regum
1125 1746 1245 1808 uocate
1275 1739 1423 1808 residen-

294 1857 354 1932 tes,
370 1869 433 1934 que
448 1849 580 1935 quidem
596 1854 685 1916 terra
701 1847 800 1916 estin
816 1849 904 1916 valle
919 1847 1042 1934 Kuaca,
1070 1847 1114 1914 ad
1130 1855 1276 1915 nostram
1294 1866 1427 1933 presen·
1561 1857 1562 1874 ¹

292 1957 378 2024 ciam
392 1955 587 2024 fecissemus
605 1955 745 2038 euocari,
779 1953 923 2024 uolentes
939 1955 1022 2022 scire
1054 1962 1087 2022 et
1119 1953 1272 2041 experiri,
1304 1955 1423 2037 quibus

295 2061 480 2130 racionibus
496 2061 718 2131 mediantibus
735 2061 874 2129 eandem
890 2069 1010 2130 terram
1026 2061 1106 2129 dicti
1122 2059 1288 2148 Nycolaus
1305 2069 1339 2129 et
1349 2061 1427 2128 Seel

293 2168 484 2252 possident:
501 2168 565 2254 ipsi
580 2168 749 2256 Nycolaus
765 2175 797 2236 et
813 2167 887 2238 Seel
920 2168 1136 2238 exhibuerunt
1167 2167 1262 2236 nobis
1295 2167 1425 2235 litteras

294 2275 416 2342 domini
433 2275 469 2342 11.
485 2273 624 2342 illustris
640 2273 740 2360 Regis
755 2273 925 2360 Hungarie
940 2273 1158 2342 benefactoris
1173 2273 1297 2342 domini
1307 2277 1425 2359 nostri,

293 2384 326 2447 in
342 2381 459 2466 quibus
475 2381 617 2450 uidimus
634 2381 803 2467 contineri,
834 2381 919 2466 quod
936 2380 1068 2450 eosdem
1084 2380 1159 2447 Secl
1185 2386 1217 2446 et
1241 2381 1425 2466 Nyoolaum

236 2565 242 2580 ι
293 2489 425 2555 racione
439 2485 583 2556 eiusdem
598 2495 683 2558 terre
699 2509 765 2556 non
780 2489 971 2556 deberemus
994 2488 1177 2555 molestare.
1199 2486 1426 2556 Exhibuerunt

291 2597 396 2662 eciam
412 2595 621 2680 priuilegium
637 2596 718 2664 Belo
733 2595 832 2679 Regis
864 2595 918 2679 pie
949 2593 1113 2682 memorie,
1144 2601 1176 2662 et
1209 2595 1425 2679 priuilegium

294 2699 400 2768 felicia
416 2701 654 2770 recordacionis
673 2701 774 2785 Regis
790 2701 949 2788 Stephani
965 2721 1062 2788 super
1077 2701 1257 2770 collacione
1273 2710 1306 2768 et
1321 2702 1425 2770 dona-

292 2809 386 2876 cione
402 2807 488 2876 dicte
502 2815 590 2878 terrc
606 2809 762 2880 confecta.
786 2807 912 2886 Quibus
927 2809 1008 2877 risis
1024 2809 1162 2876 eandem
1178 2816 1300 2876 terram
1316 2809 1424 2895 predi-

292 2914 352 2982 ctis
368 2915 516 3002 Nycolao
534 2923 567 2984 et
583 2917 659 2984 Seel
675 2915 879 3001 permisimus
895 2915 1031 3002 paclfice
1047 2921 1079 2983 et
1110 2915 1218 2999 quiete
1249 2914 1421 3002 possiden·

289 3021 386 3105 dam;
402 3023 627 3108 promittentes
645 3023 768 3092 eisdem
785 3021 949 3110 datalide,
965 3021 1053 3106 quod
1063 3020 1292 3090 donecOomes
1303 3022 1424 3092 Alben-

289 3131 337 3196 sis
353 3127 519 3218 fuerimus,
535 3150 596 3198 nec
611 3149 670 3198 nos
686 3131 774 3216 ipsos
791 3131 974 3217 Nyoolaum
999 3135 1031 3198 et
1061 3127 1134 3198 Seel
1164 3129 1423 3218 molestabimus,

291 3225 353 3302 nec
368 3254 426 3320 per
442 3233 605 3304 curialem
623 3237 779 3306 Comitem
795 3243 952 3324 nostrum,
982 3258 1043 3306 nec
1061 3237 1166 3306 eciam
1182 3256 1241 3323 per
1272 3235 1422 3324 iobagio·

290 3359 351 3409 nes
366 3341 504 3429 predicti
519 3341 626 3412 Gastri
644 3343 800 3413 faciemus
826 3343 994 3414 molestari
1025 3343 1156 3412 racione
1189 3349 1275 3414 terre
1305 3363 1422 3432 supra-

290 3448 385 3516 dicte.
430 3451 551 3517 Datum
599 3451 681 3520 Albe
719 3471 806 3536 anno
846 3451 977 3520 Domini
1016 3451 1137 3520 ΜῦΟΟ0
1175 3451 1421 3537 septuagesimo

289 3553 444 3621 secundo.

291 3750 436 3810 (Eu-edetis
455 3752 641 3819 bbrhartytm
660 3769 678 3806 e
696 3755 778 3805 hatul
796 3756 850 3807 oda
869 3759 1000 3821 nyomott
1019 3755 1111 3820 peccet
1130 3757 1281 3819 elveszett3
1301 3770 1319 3806 a
1330 3755 1423 3807 budai

290 3839 342 3890 kir.
363 3837 491 3892 kamerei
511 3842 693 3894 loveltarban
725 3844 757 3894 V.
777 3847 802 3893 ὃ.
823 3843 1055 3910 Okmdnytairunlr
1074 3844 1150 3896 VIII.
1170 3845 1271 3911 vagyis
1291 3859 1308 3896 a
1327 3845 1422 3896 maso-

613 3931 663 3982 dilr
680 3933 787 3997 lolyam
806 3939 830 3983 3.
850 3934 959 3985 lr'dtetet
978 3937 1037 3984 414.
1061 3934 1091 3997 l.)

716 4217 979 4226 ffl-
