3124 5152
770 300 932 398 Q

286 507 397 565 nostro
416 497 569 582 capitulo
586 496 757 562 caritative
772 496 937 564 dominum
952 496 1120 580 Comitem,
1138 493 1274 561 Jodiees
1290 489 1417 559 etOon·

287 607 542 691 siliariosatque
572 611 672 672 totam
705 603 975 672 Communitatcm
1007 603 1186 671 Arbensem
1218 601 1252 668 in
1285 601 1418 685 scriptis

287 733 453 800 rogamus,
485 709 668 778 inducimus
684 717 716 779 ct
732 733 933 797 emonemus,
963 733 985 778 a
1000 719 1067 778 tem
1083 712 1178 796 gravi
1196 729 1353 796 processu
1385 717 1417 775 et

286 819 484 905 nequissimo
500 819 641 887 debeant
656 838 732 887 suos
749 821 875 888 animos
891 839 1055 903 revocare,
1085 818 1199 884 dantes
1232 818 1280 884 eis
1311 819 1418 882 termi-

288 949 365 996 num
381 935 414 996 et
429 926 631 1012 assiguando
647 947 751 1012 usquo
769 927 813 994 sd
829 929 964 996 tercium
995 927 1091 1014 diem,
1123 924 1271 1012 alioquin
1302 933 1420 991 contra

288 1038 377 1122 ipsos
394 1032 606 1120 procedemus
621 1034 797 1103 secundum
813 1035 899 1120 qood
925 1033 1097 1102 dictaverit
1127 1031 1208 1101 ordo
1238 1031 1332 1098 iuris.
1375 1031 1417 1098 Et

288 1143 349 1210 hec
363 1140 519 1210 amonitio
535 1141 623 1210 iacta
639 1141 700 1212 fuit
716 1151 749 1210 et
764 1145 851 1212 lecta
866 1143 900 1210 in
914 1140 1061 1210 Ecclesia
1072 1139 1238 1209 Catedreli
1254 1137 1309 1205 die
1335 1159 1419 1205 nono

289 1256 429 1318 exeunte
444 1249 602 1334 Augusto.

289 1449 422 1516 (njubies,
440 1451 624 1503 Monumentu
650 1450 807 1515 spectantia
834 1449 983 1501 historiam
1011 1449 1160 1501 Slavorum
1187 1445 1416 1498 Meridioneliurn

676 1555 680 1562 ·
734 1539 836 1592 Lkot
857 1545 916 1592 127.
937 1541 968 1604 1.)

816 2465 891 2532 258.

286 2667 395 2736 Jakat
409 2665 569 2732 osaezmoi
578 2667 779 2754 prepoetnak
786 2666 941 2750 jeleotdse
956 2665 1063 2751 Fotep
1071 2665 1198 2753 sermoi
1223 2666 1353 2751 pdspdk
1384 2669 1416 2730 c's

288 2775 427 2859 apostoli
442 2773 597 2858 kdoetdcz,
627 2775 710 2857 how
724 2773 952 2856 paroccectboz
968 2773 1074 2859 kc'peet
1098 2772 1230 2840 Verdcse
1247 2776 1280 2840 e'e
1305 2774 1413 2859 Lipoa

287 2881 475 2968 icdzeeyekct,
505 2879 601 2946 micel
625 2901 646 2943 a
661 2877 800 2964 adprddi
810 2879 1001 2966 pitopo'icceic
1016 2903 1086 2945 cem
1101 2881 1247 2965 akaijai
1262 2904 1286 2946 o
1300 2881 1416 2946 ticedet
1548 2981 1549 2986 γ

603 2985 725 3069 fizetni,
741 2987 959 3054 kikdziieitette.
987 2987 1088 3052 1280.

392 3181 581 3249 Reverendo
612 3182 645 3248 in
675 3180 804 3249 Christo
838 3183 924 3267 patri
941 3182 1072 3250 domino
1098 3183 1259 3272 Philippo,
1292 3184 1413 3252 Divina
1548 3249 1549 3256 ,

287 3287 503 3356 miseracione
532 3288 695 3375 Episcopo
726 3289 891 3378 Firmano,
922 3290 1017 3358 Sedis
1051 3290 1237 3377 Apostolice
1277 3291 1411 3375 Legato,
1548 3327 1549 3390 p

288 3395 443 3480 Magister
453 3395 609 3484 Jacobus,
626 3395 811 3483 Prepositus
823 3395 1041 3484 Chusmensis,
1061 3397 1414 3483 DiocesisZagrabien-

284 3502 341 3589 sis,
356 3505 478 3572 Doetor
494 3504 704 3572 Decretorum
715 3503 878 3572 etdomini
892 3505 984 3592 Papo
994 3503 1202 3594 Capellunus,
1221 3505 1271 3574 sui
1292 3526 1413 3572 reeom-

284 3609 529 3680 mendacionem
545 3619 577 3678 et
608 3611 794 3680 continuum
820 3613 1014 3697 obsequioso
1039 3613 1209 3682 fidelitatis
1233 3615 1414 3682 incremen·

286 3727 363 3786 tum.
384 3721 498 3788 Vestre
513 3719 727 3788 Paternitatis
743 3720 857 3788 literas
872 3721 982 3806 recepi
997 3721 1032 3787 in
1047 3721 1133 3788 hune
1149 3721 1281 3791 modum
1298 3747 1305 3788 :

391 3826 575 3915 Philippus,
616 3829 828 3897 miseracione
858 3828 979 3897 Divina
1011 3831 1187 3898 Firmanus
1218 3831 1414 3918 Episcopus,
1548 3807 1549 3870 ἕ

283 3931 470 4018 Apostolice
485 3935 580 4002 Sedis
596 3935 750 4022 Legatos,
767 3935 907 4005 discreto
922 3937 992 4003 viro
1010 3937 1180 4022 Proposito
1197 3937 1240 4006 de
1270 3937 1416 4008 Chasms
1548 3953 1549 4030 j

286 4040 423 4109 satutem
447 4041 482 4108 in
498 4041 647 4110 Domino.
680 4043 747 4109 Sua
777 4043 872 4110 nobis
902 4041 1099 4114 venerabilis
1114 4051 1207 4131 pater
1222 4045 1283 4112 Dei
1300 4047 1417 4130 gracie

285 4147 514 4232 Zegrabiensis
529 4149 709 4238 Episcopus
725 4152 955 4236 conquestione
970 4153 1173 4235 monstravit,
1194 4150 1279 4237 quod
1310 4152 1416 4221 homi·

275 4247 340 4324 'nes
364 4256 405 4323 de
419 4255 586 4326 Vereuche
618 4256 708 4326 etde
727 4258 841 4346 Lipos,
873 4277 932 4327 sue
962 4259 1118 4346 Diocesis,
1151 4261 1310 4348 decimas,
1327 4281 1414 4346 quas

281 4361 389 4450 eidem
406 4369 438 4429 et
452 4362 602 4431 Ecclesia
617 4365 831 4450 Ecgrebiensi
847 4366 999 4434 exhibere
1014 4371 1173 4456 tenentur,
1203 4367 1266 4436 sibi
1284 4370 1415 4438 solvere

284 4467 427 4536 indebite
458 4470 689 4558 contradicunt,
730 4471 869 4557 ideoque
899 4472 1093 4542 discrecioni
1124 4477 1179 4542 tue
1209 4477 1413 4561 presencium

281 4580 391 4642 tenore
407 4575 634 4647 committimus
650 4583 683 4646 et
697 4579 899 4665 mandamus,
914 4588 1073 4665 queminus
1090 4581 1275 4654 detentores
1302 4583 1410 4654 huius·
