<?xml version="1.0" encoding="UTF-8"?>
<!DOCTYPE html PUBLIC "-//W3C//DTD XHTML 1.0 Transitional//EN"
    "http://www.w3.org/TR/xhtml1/DTD/xhtml1-transitional.dtd">
<html xmlns="http://www.w3.org/1999/xhtml" xml:lang="en" lang="en">
 <head>
  <title>
</title>
<meta http-equiv="Content-Type" content="text/html;charset=utf-8" />
  <meta name='ocr-system' content='tesseract 3.04.00' />
  <meta name='ocr-capabilities' content='ocr_page ocr_carea ocr_par ocr_line ocrx_word'/>
</head>
<body>
  <div class='ocr_page' id='page_1' title='image "./codexdiplomatic06wenzgoog_0352.png"; bbox 0 0 3124 5152; ppageno 0'>
   <div class='ocr_carea' id='block_1_1' title="bbox 596 329 752 426">
    <p class='ocr_par' dir='ltr' id='par_1_1' title="bbox 596 329 752 426">
     <span class='ocr_line' id='line_1_1' title="bbox 596 329 752 426; baseline -0.013 2"><span class='ocrx_word' id='word_1_1' title='bbox 596 329 752 426; x_wconf 55' lang='lat' dir='ltr'>...aa</span> 
     </span>
    </p>
   </div>
   <div class='ocr_carea' id='block_1_2' title="bbox 20 519 1253 4072">
    <p class='ocr_par' dir='ltr' id='par_1_2' title="bbox 20 519 1253 3860">
     <span class='ocr_line' id='line_1_2' title="bbox 120 519 1237 607; baseline 0 -17"><span class='ocrx_word' id='word_1_2' title='bbox 120 543 176 590; x_wconf 87' lang='lat' dir='ltr'>sue</span> <span class='ocrx_word' id='word_1_3' title='bbox 193 521 286 589; x_wconf 89' lang='lat' dir='ltr'>libito</span> <span class='ocrx_word' id='word_1_4' title='bbox 302 521 493 607; x_wconf 82' lang='lat' dir='ltr'>voluntatis,</span> <span class='ocrx_word' id='word_1_5' title='bbox 511 522 647 587; x_wconf 79' lang='lat' dir='ltr'>eundem</span> <span class='ocrx_word' id='word_1_6' title='bbox 663 521 824 586; x_wconf 84' lang='lat' dir='ltr'>Abbatem</span> <span class='ocrx_word' id='word_1_7' title='bbox 842 520 886 585; x_wconf 91' lang='lat' dir='ltr'>ad</span> <span class='ocrx_word' id='word_1_8' title='bbox 901 519 981 587; x_wconf 89' lang='lat' dir='ltr'>illud</span> <span class='ocrx_word' id='word_1_9' title='bbox 1007 521 1111 588; x_wconf 86' lang='lat' dir='ltr'>redire</span> <span class='ocrx_word' id='word_1_10' title='bbox 1137 522 1237 591; x_wconf 90' lang='lat' dir='ltr'>libere</span> 
     </span>
     <span class='ocr_line' id='line_1_3' title="bbox 109 628 1236 718; baseline 0.003 -20"><span class='ocrx_word' id='word_1_11' title='bbox 109 633 240 698; x_wconf 87' lang='lat' dir='ltr'>minime</span> <span class='ocrx_word' id='word_1_12' title='bbox 258 631 495 718; x_wconf 81' lang='lat' dir='ltr'>permiserunt3</span> <span class='ocrx_word' id='word_1_13' title='bbox 513 629 621 712; x_wconf 87' lang='lat' dir='ltr'>sicque</span> <span class='ocrx_word' id='word_1_14' title='bbox 638 628 762 695; x_wconf 81' lang='lat' dir='ltr'><strong>Gemite</strong></span> <span class='ocrx_word' id='word_1_15' title='bbox 779 636 811 696; x_wconf 88' lang='lat' dir='ltr'>et</span> <span class='ocrx_word' id='word_1_16' title='bbox 826 629 995 697; x_wconf 90' lang='lat' dir='ltr'>Judioibus</span> <span class='ocrx_word' id='word_1_17' title='bbox 1011 629 1090 717; x_wconf 89' lang='lat' dir='ltr'>ipsis</span> <span class='ocrx_word' id='word_1_18' title='bbox 1107 633 1236 716; x_wconf 84' lang='lat' dir='ltr'>prelato</span> 
     </span>
     <span class='ocr_line' id='line_1_4' title="bbox 104 735 1235 827; baseline 0.003 -21"><span class='ocrx_word' id='word_1_19' title='bbox 104 739 245 826; x_wconf 81' lang='lat' dir='ltr'>Abbate,</span> <span class='ocrx_word' id='word_1_20' title='bbox 261 739 377 807; x_wconf 88' lang='lat' dir='ltr'>eodem</span> <span class='ocrx_word' id='word_1_21' title='bbox 396 737 593 806; x_wconf 86' lang='lat' dir='ltr'>Monasterio</span> <span class='ocrx_word' id='word_1_22' title='bbox 609 735 886 804; x_wconf 86' lang='lat' dir='ltr'>iurisdictionibus</span> <span class='ocrx_word' id='word_1_23' title='bbox 904 737 1043 805; x_wconf 85' lang='lat' dir='ltr'>elbonis</span> <span class='ocrx_word' id='word_1_24' title='bbox 1060 739 1136 808; x_wconf 91' lang='lat' dir='ltr'>aliis</span> <span class='ocrx_word' id='word_1_25' title='bbox 1161 759 1235 827; x_wconf 89' lang='lat' dir='ltr'>spo-</span> 
     </span>
     <span class='ocr_line' id='line_1_5' title="bbox 105 841 1237 938; baseline 0.004 -22"><span class='ocrx_word' id='word_1_26' title='bbox 105 852 198 938; x_wconf 84' lang='lat' dir='ltr'>liato,</span> <span class='ocrx_word' id='word_1_27' title='bbox 217 848 443 917; x_wconf 79' lang='lat' dir='ltr'>asserentibus</span> <span class='ocrx_word' id='word_1_28' title='bbox 460 868 496 915; x_wconf 93' lang='lat' dir='ltr'>se</span> <span class='ocrx_word' id='word_1_29' title='bbox 512 848 597 914; x_wconf 86' lang='lat' dir='ltr'>velle</span> <span class='ocrx_word' id='word_1_30' title='bbox 613 841 774 914; x_wconf 81' lang='lat' dir='ltr'>Abbatem</span> <span class='ocrx_word' id='word_1_31' title='bbox 791 846 896 931; x_wconf 91' lang='lat' dir='ltr'>ipsnm</span> <span class='ocrx_word' id='word_1_32' title='bbox 913 849 1108 936; x_wconf 78' lang='lat' dir='ltr'><strong>comburere,</strong></span> <span class='ocrx_word' id='word_1_33' title='bbox 1124 852 1237 920; x_wconf 88' lang='lat' dir='ltr'>Abbas</span> 
     </span>
     <span class='ocr_line' id='line_1_6' title="bbox 107 955 1236 1044; baseline 0.004 -21"><span class='ocrx_word' id='word_1_34' title='bbox 107 959 180 1044; x_wconf 85' lang='lat' dir='ltr'>ipse</span> <span class='ocrx_word' id='word_1_35' title='bbox 196 958 314 1025; x_wconf 85' lang='lat' dir='ltr'>timens</span> <span class='ocrx_word' id='word_1_36' title='bbox 330 957 394 1026; x_wconf 89' lang='lat' dir='ltr'>sibi</span> <span class='ocrx_word' id='word_1_37' title='bbox 413 955 524 1024; x_wconf 89' lang='lat' dir='ltr'>mortis</span> <span class='ocrx_word' id='word_1_38' title='bbox 540 955 717 1042; x_wconf 89' lang='lat' dir='ltr'>periculum</span> <span class='ocrx_word' id='word_1_39' title='bbox 733 956 881 1044; x_wconf 82' lang='lat' dir='ltr'>inicere,</span> <span class='ocrx_word' id='word_1_40' title='bbox 898 977 937 1024; x_wconf 91' lang='lat' dir='ltr'>ao</span> <span class='ocrx_word' id='word_1_41' title='bbox 954 959 1097 1044; x_wconf 86' lang='lat' dir='ltr'>credens,</span> <span class='ocrx_word' id='word_1_42' title='bbox 1121 979 1236 1029; x_wconf 90' lang='lat' dir='ltr'>senon</span> 
     </span>
     <span class='ocr_line' id='line_1_7' title="bbox 108 1065 1237 1154; baseline -0.002 -18"><span class='ocrx_word' id='word_1_43' title='bbox 108 1089 207 1153; x_wconf 88' lang='lat' dir='ltr'>posse</span> <span class='ocrx_word' id='word_1_44' title='bbox 223 1067 324 1136; x_wconf 87' lang='lat' dir='ltr'>aliter</span> <span class='ocrx_word' id='word_1_45' title='bbox 339 1065 522 1135; x_wconf 88' lang='lat' dir='ltr'>huiusmodi</span> <span class='ocrx_word' id='word_1_46' title='bbox 542 1066 719 1152; x_wconf 85' lang='lat' dir='ltr'>periculum</span> <span class='ocrx_word' id='word_1_47' title='bbox 736 1065 868 1151; x_wconf 86' lang='lat' dir='ltr'>evitare,</span> <span class='ocrx_word' id='word_1_48' title='bbox 893 1087 950 1151; x_wconf 87' lang='lat' dir='ltr'>por</span> <span class='ocrx_word' id='word_1_49' title='bbox 966 1069 1031 1134; x_wconf 83' lang='lat' dir='ltr'>rim</span> <span class='ocrx_word' id='word_1_50' title='bbox 1049 1075 1081 1134; x_wconf 90' lang='lat' dir='ltr'>et</span> <span class='ocrx_word' id='word_1_51' title='bbox 1106 1077 1237 1154; x_wconf 91' lang='lat' dir='ltr'>metum,</span> 
     </span>
     <span class='ocr_line' id='line_1_8' title="bbox 110 1163 1240 1261; baseline -0.002 -17"><span class='ocrx_word' id='word_1_52' title='bbox 110 1177 165 1261; x_wconf 88' lang='lat' dir='ltr'>qui</span> <span class='ocrx_word' id='word_1_53' title='bbox 182 1177 302 1244; x_wconf 87' lang='lat' dir='ltr'>cadere</span> <span class='ocrx_word' id='word_1_54' title='bbox 320 1181 449 1261; x_wconf 88' lang='lat' dir='ltr'>poterat</span> <span class='ocrx_word' id='word_1_55' title='bbox 464 1177 499 1242; x_wconf 92' lang='lat' dir='ltr'>in</span> <span class='ocrx_word' id='word_1_56' title='bbox 515 1181 728 1258; x_wconf 80' lang='lat' dir='ltr'>constantem,</span> <span class='ocrx_word' id='word_1_57' title='bbox 745 1175 893 1258; x_wconf 86' lang='lat' dir='ltr'>regimini</span> <span class='ocrx_word' id='word_1_58' title='bbox 917 1173 1020 1260; x_wconf 90' lang='lat' dir='ltr'>ipsius</span> <span class='ocrx_word' id='word_1_59' title='bbox 1052 1163 1240 1245; x_wconf 79' lang='lat' dir='ltr'>Monasterii</span> 
     </span>
     <span class='ocr_line' id='line_1_9' title="bbox 110 1281 1240 1370; baseline 0.001 -19"><span class='ocrx_word' id='word_1_60' title='bbox 110 1295 162 1352; x_wconf 88' lang='lat' dir='ltr'>est</span> <span class='ocrx_word' id='word_1_61' title='bbox 180 1283 366 1352; x_wconf 88' lang='lat' dir='ltr'>renuntiare</span> <span class='ocrx_word' id='word_1_62' title='bbox 382 1289 526 1370; x_wconf 87' lang='lat' dir='ltr'>coactus,</span> <span class='ocrx_word' id='word_1_63' title='bbox 543 1288 575 1349; x_wconf 89' lang='lat' dir='ltr'>ot</span> <span class='ocrx_word' id='word_1_64' title='bbox 591 1282 632 1348; x_wconf 90' lang='lat' dir='ltr'>de</span> <span class='ocrx_word' id='word_1_65' title='bbox 648 1303 712 1348; x_wconf 91' lang='lat' dir='ltr'>non</span> <span class='ocrx_word' id='word_1_66' title='bbox 729 1281 891 1349; x_wconf 87' lang='lat' dir='ltr'>veniendo</span> <span class='ocrx_word' id='word_1_67' title='bbox 908 1291 1021 1350; x_wconf 86' lang='lat' dir='ltr'>contra</span> <span class='ocrx_word' id='word_1_68' title='bbox 1029 1285 1240 1352; x_wconf 82' lang='lat' dir='ltr'>renuntiatio</span> 
     </span>
     <span class='ocr_line' id='line_1_10' title="bbox 110 1389 1239 1476; baseline 0 -17"><span class='ocrx_word' id='word_1_69' title='bbox 110 1415 186 1462; x_wconf 88' lang='lat' dir='ltr'>nem</span> <span class='ocrx_word' id='word_1_70' title='bbox 202 1392 397 1474; x_wconf 90' lang='lat' dir='ltr'>huiusmodi,</span> <span class='ocrx_word' id='word_1_71' title='bbox 412 1411 451 1459; x_wconf 90' lang='lat' dir='ltr'>ao</span> <span class='ocrx_word' id='word_1_72' title='bbox 466 1394 536 1458; x_wconf 89' lang='lat' dir='ltr'>inre</span> <span class='ocrx_word' id='word_1_73' title='bbox 552 1391 660 1474; x_wconf 92' lang='lat' dir='ltr'>aliquo</span> <span class='ocrx_word' id='word_1_74' title='bbox 677 1389 712 1456; x_wconf 91' lang='lat' dir='ltr'>in</span> <span class='ocrx_word' id='word_1_75' title='bbox 729 1390 800 1476; x_wconf 91' lang='lat' dir='ltr'>ipso</span> <span class='ocrx_word' id='word_1_76' title='bbox 816 1391 1011 1460; x_wconf 90' lang='lat' dir='ltr'>Monasterio</span> <span class='ocrx_word' id='word_1_77' title='bbox 1027 1393 1164 1461; x_wconf 89' lang='lat' dir='ltr'>ulterius</span> <span class='ocrx_word' id='word_1_78' title='bbox 1175 1415 1239 1461; x_wconf 91' lang='lat' dir='ltr'>non</span> 
     </span>
     <span class='ocr_line' id='line_1_11' title="bbox 112 1499 1241 1589; baseline 0.004 -23"><span class='ocrx_word' id='word_1_79' title='bbox 112 1500 268 1589; x_wconf 88' lang='lat' dir='ltr'>petendo,</span> <span class='ocrx_word' id='word_1_80' title='bbox 286 1501 444 1585; x_wconf 87' lang='lat' dir='ltr'>corporali</span> <span class='ocrx_word' id='word_1_81' title='bbox 457 1501 592 1584; x_wconf 90' lang='lat' dir='ltr'>prestito</span> <span class='ocrx_word' id='word_1_82' title='bbox 604 1499 791 1565; x_wconf 87' lang='lat' dir='ltr'>iuramento.</span> <span class='ocrx_word' id='word_1_83' title='bbox 808 1500 878 1566; x_wconf 91' lang='lat' dir='ltr'>Nos</span> <span class='ocrx_word' id='word_1_84' title='bbox 894 1501 1006 1584; x_wconf 90' lang='lat' dir='ltr'>itaque</span> <span class='ocrx_word' id='word_1_85' title='bbox 1022 1502 1241 1588; x_wconf 85' lang='lat' dir='ltr'>attendentes,</span> 
     </span>
     <span class='ocr_line' id='line_1_12' title="bbox 112 1608 1240 1694; baseline 0.001 -19"><span class='ocrx_word' id='word_1_86' title='bbox 112 1611 200 1692; x_wconf 88' lang='lat' dir='ltr'>qnod</span> <span class='ocrx_word' id='word_1_87' title='bbox 218 1630 268 1694; x_wconf 84' lang='lat' dir='ltr'>ea,</span> <span class='ocrx_word' id='word_1_88' title='bbox 285 1630 349 1694; x_wconf 88' lang='lat' dir='ltr'>que</span> <span class='ocrx_word' id='word_1_89' title='bbox 363 1609 396 1674; x_wconf 88' lang='lat' dir='ltr'>vi</span> <span class='ocrx_word' id='word_1_90' title='bbox 414 1615 559 1676; x_wconf 87' lang='lat' dir='ltr'>metusve</span> <span class='ocrx_word' id='word_1_91' title='bbox 577 1627 676 1675; x_wconf 87' lang='lat' dir='ltr'>eausa</span> <span class='ocrx_word' id='word_1_92' title='bbox 691 1608 779 1691; x_wconf 92' lang='lat' dir='ltr'>liunt,</span> <span class='ocrx_word' id='word_1_93' title='bbox 798 1627 908 1674; x_wconf 86' lang='lat' dir='ltr'>carere</span> <span class='ocrx_word' id='word_1_94' title='bbox 925 1609 1043 1676; x_wconf 89' lang='lat' dir='ltr'>debent</span> <span class='ocrx_word' id='word_1_95' title='bbox 1058 1611 1174 1678; x_wconf 89' lang='lat' dir='ltr'>robore</span> <span class='ocrx_word' id='word_1_96' title='bbox 1190 1611 1240 1676; x_wconf 90' lang='lat' dir='ltr'>lir-</span> 
     </span>
     <span class='ocr_line' id='line_1_13' title="bbox 113 1715 1236 1804; baseline -0.002 -20"><span class='ocrx_word' id='word_1_97' title='bbox 113 1718 249 1804; x_wconf 83' lang='lat' dir='ltr'>milatis,</span> <span class='ocrx_word' id='word_1_98' title='bbox 282 1737 322 1783; x_wconf 91' lang='lat' dir='ltr'>ac</span> <span class='ocrx_word' id='word_1_99' title='bbox 345 1718 488 1784; x_wconf 87' lang='lat' dir='ltr'>volentos</span> <span class='ocrx_word' id='word_1_100' title='bbox 505 1735 603 1802; x_wconf 90' lang='lat' dir='ltr'>super</span> <span class='ocrx_word' id='word_1_101' title='bbox 620 1715 683 1782; x_wconf 90' lang='lat' dir='ltr'>biis</span> <span class='ocrx_word' id='word_1_102' title='bbox 701 1723 879 1783; x_wconf 85' lang='lat' dir='ltr'>memorato</span> <span class='ocrx_word' id='word_1_103' title='bbox 895 1715 1016 1784; x_wconf 80' lang='lat' dir='ltr'>Abbati</span> <span class='ocrx_word' id='word_1_104' title='bbox 1032 1718 1124 1784; x_wconf 83' lang='lat' dir='ltr'>iuxta</span> <span class='ocrx_word' id='word_1_105' title='bbox 1140 1717 1236 1784; x_wconf 83' lang='lat' dir='ltr'>officii</span> 
     </span>
     <span class='ocr_line' id='line_1_14' title="bbox 114 1821 1242 1910; baseline 0.001 -18"><span class='ocrx_word' id='word_1_106' title='bbox 114 1825 219 1894; x_wconf 87' lang='lat' dir='ltr'>nostri</span> <span class='ocrx_word' id='word_1_107' title='bbox 236 1826 383 1892; x_wconf 86' lang='lat' dir='ltr'>debitum</span> <span class='ocrx_word' id='word_1_108' title='bbox 400 1824 441 1891; x_wconf 91' lang='lat' dir='ltr'>de</span> <span class='ocrx_word' id='word_1_109' title='bbox 457 1831 615 1910; x_wconf 88' lang='lat' dir='ltr'>oportuno</span> <span class='ocrx_word' id='word_1_110' title='bbox 632 1821 776 1890; x_wconf 86' lang='lat' dir='ltr'>remedio</span> <span class='ocrx_word' id='word_1_111' title='bbox 786 1823 966 1908; x_wconf 88' lang='lat' dir='ltr'>subvenire,</span> <span class='ocrx_word' id='word_1_112' title='bbox 984 1823 1177 1892; x_wconf 82' lang='lat' dir='ltr'>fraternitati</span> <span class='ocrx_word' id='word_1_113' title='bbox 1187 1832 1242 1894; x_wconf 89' lang='lat' dir='ltr'>tue</span> 
     </span>
     <span class='ocr_line' id='line_1_15' title="bbox 111 1931 1243 2024; baseline -0.004 -22"><span class='ocrx_word' id='word_1_114' title='bbox 111 1954 175 2024; x_wconf 90' lang='lat' dir='ltr'>per</span> <span class='ocrx_word' id='word_1_115' title='bbox 190 1933 380 2018; x_wconf 66' lang='lat' dir='ltr'>apostoliea</span> <span class='ocrx_word' id='word_1_116' title='bbox 395 1931 517 2018; x_wconf 87' lang='lat' dir='ltr'>scripta</span> <span class='ocrx_word' id='word_1_117' title='bbox 534 1932 733 2017; x_wconf 86' lang='lat' dir='ltr'>mandamus,</span> <span class='ocrx_word' id='word_1_118' title='bbox 751 1933 915 2015; x_wconf 82' lang='lat' dir='ltr'>quatinus,</span> <span class='ocrx_word' id='word_1_119' title='bbox 932 1933 958 1999; x_wconf 91' lang='lat' dir='ltr'>si</span> <span class='ocrx_word' id='word_1_120' title='bbox 975 1933 1142 2018; x_wconf 84' lang='lat' dir='ltr'>premissis</span> <span class='ocrx_word' id='word_1_121' title='bbox 1161 1935 1243 2000; x_wconf 85' lang='lat' dir='ltr'>vori-</span> 
     </span>
     <span class='ocr_line' id='line_1_16' title="bbox 112 2039 1241 2128; baseline -0.002 -18"><span class='ocrx_word' id='word_1_122' title='bbox 112 2051 169 2110; x_wconf 88' lang='lat' dir='ltr'>tas</span> <span class='ocrx_word' id='word_1_123' title='bbox 186 2042 395 2128; x_wconf 83' lang='lat' dir='ltr'>suffragatur,</span> <span class='ocrx_word' id='word_1_124' title='bbox 421 2039 556 2108; x_wconf 88' lang='lat' dir='ltr'>eundem</span> <span class='ocrx_word' id='word_1_125' title='bbox 572 2041 732 2108; x_wconf 85' lang='lat' dir='ltr'>Abbalem</span> <span class='ocrx_word' id='word_1_126' title='bbox 751 2043 792 2106; x_wconf 90' lang='lat' dir='ltr'>ab</span> <span class='ocrx_word' id='word_1_127' title='bbox 809 2039 1043 2108; x_wconf 74' lang='lat' dir='ltr'>observacione</span> <span class='ocrx_word' id='word_1_128' title='bbox 1060 2040 1241 2110; x_wconf 85' lang='lat' dir='ltr'>huiusmodi</span> 
     </span>
     <span class='ocr_line' id='line_1_17' title="bbox 113 2147 1244 2234; baseline 0.003 -21"><span class='ocrx_word' id='word_1_129' title='bbox 113 2149 291 2216; x_wconf 86' lang='lat' dir='ltr'>iuramenti</span> <span class='ocrx_word' id='word_1_130' title='bbox 307 2147 501 2216; x_wconf 86' lang='lat' dir='ltr'>auctoritate</span> <span class='ocrx_word' id='word_1_131' title='bbox 521 2153 632 2214; x_wconf 92' lang='lat' dir='ltr'>nostra</span> <span class='ocrx_word' id='word_1_132' title='bbox 650 2147 832 2234; x_wconf 87' lang='lat' dir='ltr'>absolvens,</span> <span class='ocrx_word' id='word_1_133' title='bbox 847 2147 1016 2214; x_wconf 87' lang='lat' dir='ltr'>denunties</span> <span class='ocrx_word' id='word_1_134' title='bbox 1032 2167 1104 2214; x_wconf 90' lang='lat' dir='ltr'>eum</span> <span class='ocrx_word' id='word_1_135' title='bbox 1121 2149 1164 2216; x_wconf 83' lang='lat' dir='ltr'>ad</span> <span class='ocrx_word' id='word_1_136' title='bbox 1189 2153 1244 2218; x_wconf 78' lang='lat' dir='ltr'>ob</span> 
     </span>
     <span class='ocr_line' id='line_1_18' title="bbox 115 2255 1244 2340; baseline 0 -16"><span class='ocrx_word' id='word_1_137' title='bbox 115 2257 336 2324; x_wconf 84' lang='lat' dir='ltr'>servationem</span> <span class='ocrx_word' id='word_1_138' title='bbox 353 2255 457 2339; x_wconf 89' lang='lat' dir='ltr'>ipsius</span> <span class='ocrx_word' id='word_1_139' title='bbox 481 2256 689 2337; x_wconf 86' lang='lat' dir='ltr'>aliquatenus</span> <span class='ocrx_word' id='word_1_140' title='bbox 719 2275 783 2324; x_wconf 91' lang='lat' dir='ltr'>non</span> <span class='ocrx_word' id='word_1_141' title='bbox 815 2256 928 2340; x_wconf 85' lang='lat' dir='ltr'>teneri,</span> <span class='ocrx_word' id='word_1_142' title='bbox 960 2256 1152 2340; x_wconf 82' lang='lat' dir='ltr'>nullumque</span> <span class='ocrx_word' id='word_1_143' title='bbox 1182 2259 1244 2326; x_wconf 92' lang='lat' dir='ltr'>sibi</span> 
     </span>
     <span class='ocr_line' id='line_1_19' title="bbox 116 2362 1243 2450; baseline 0.004 -20"><span class='ocrx_word' id='word_1_144' title='bbox 116 2363 241 2431; x_wconf 90' lang='lat' dir='ltr'>debere</span> <span class='ocrx_word' id='word_1_145' title='bbox 257 2384 314 2450; x_wconf 89' lang='lat' dir='ltr'>per</span> <span class='ocrx_word' id='word_1_146' title='bbox 341 2362 517 2448; x_wconf 88' lang='lat' dir='ltr'>predictam</span> <span class='ocrx_word' id='word_1_147' title='bbox 532 2363 802 2430; x_wconf 86' lang='lat' dir='ltr'>renuntiationem</span> <span class='ocrx_word' id='word_1_148' title='bbox 819 2364 867 2430; x_wconf 89' lang='lat' dir='ltr'>sio</span> <span class='ocrx_word' id='word_1_149' title='bbox 897 2363 1055 2432; x_wconf 75' lang='lat' dir='ltr'>violenter</span> <span class='ocrx_word' id='word_1_150' title='bbox 1086 2374 1243 2434; x_wconf 80' lang='lat' dir='ltr'>extortam</span> 
     </span>
     <span class='ocr_line' id='line_1_20' title="bbox 117 2470 1245 2560; baseline 0.006 -22"><span class='ocrx_word' id='word_1_151' title='bbox 117 2471 334 2558; x_wconf 85' lang='lat' dir='ltr'>preiudicium</span> <span class='ocrx_word' id='word_1_152' title='bbox 350 2471 521 2557; x_wconf 77' lang='lat' dir='ltr'>generari3</span> <span class='ocrx_word' id='word_1_153' title='bbox 538 2470 655 2539; x_wconf 87' lang='lat' dir='ltr'>deinde</span> <span class='ocrx_word' id='word_1_154' title='bbox 671 2473 828 2539; x_wconf 78' lang='lat' dir='ltr'>Comitem</span> <span class='ocrx_word' id='word_1_155' title='bbox 845 2479 877 2538; x_wconf 88' lang='lat' dir='ltr'>et</span> <span class='ocrx_word' id='word_1_156' title='bbox 893 2471 1024 2540; x_wconf 90' lang='lat' dir='ltr'>Jndioes</span> <span class='ocrx_word' id='word_1_157' title='bbox 1042 2473 1245 2560; x_wconf 87' lang='lat' dir='ltr'>supradictos</span> 
     </span>
     <span class='ocr_line' id='line_1_21' title="bbox 117 2580 1245 2670; baseline 0.004 -22"><span class='ocrx_word' id='word_1_158' title='bbox 117 2581 237 2648; x_wconf 88' lang='lat' dir='ltr'>tandiu</span> <span class='ocrx_word' id='word_1_159' title='bbox 251 2581 474 2667; x_wconf 86' lang='lat' dir='ltr'>appellatione</span> <span class='ocrx_word' id='word_1_160' title='bbox 488 2585 612 2650; x_wconf 89' lang='lat' dir='ltr'>remota</span> <span class='ocrx_word' id='word_1_161' title='bbox 628 2580 922 2648; x_wconf 85' lang='lat' dir='ltr'>excommunicatos</span> <span class='ocrx_word' id='word_1_162' title='bbox 946 2583 1075 2667; x_wconf 86' lang='lat' dir='ltr'>publice</span> <span class='ocrx_word' id='word_1_163' title='bbox 1105 2583 1245 2670; x_wconf 89' lang='lat' dir='ltr'>nunties,</span> 
     </span>
     <span class='ocr_line' id='line_1_22' title="bbox 119 2687 1247 2775; baseline 0.004 -19"><span class='ocrx_word' id='word_1_164' title='bbox 119 2697 152 2756; x_wconf 90' lang='lat' dir='ltr'>et</span> <span class='ocrx_word' id='word_1_165' title='bbox 168 2691 212 2756; x_wconf 89' lang='lat' dir='ltr'>ab</span> <span class='ocrx_word' id='word_1_166' title='bbox 228 2689 304 2756; x_wconf 90' lang='lat' dir='ltr'>aliis</span> <span class='ocrx_word' id='word_1_167' title='bbox 321 2689 464 2756; x_wconf 88' lang='lat' dir='ltr'>nuntiarl</span> <span class='ocrx_word' id='word_1_168' title='bbox 481 2687 595 2773; x_wconf 85' lang='lat' dir='ltr'>facias,</span> <span class='ocrx_word' id='word_1_169' title='bbox 613 2708 652 2754; x_wconf 91' lang='lat' dir='ltr'>ac</span> <span class='ocrx_word' id='word_1_170' title='bbox 670 2688 711 2754; x_wconf 90' lang='lat' dir='ltr'>ab</span> <span class='ocrx_word' id='word_1_171' title='bbox 728 2691 876 2756; x_wconf 89' lang='lat' dir='ltr'>omnibus</span> <span class='ocrx_word' id='word_1_172' title='bbox 891 2691 995 2758; x_wconf 88' lang='lat' dir='ltr'>artius</span> <span class='ocrx_word' id='word_1_173' title='bbox 1007 2690 1129 2775; x_wconf 83' lang='lat' dir='ltr'>evitari,</span> <span class='ocrx_word' id='word_1_174' title='bbox 1145 2689 1247 2760; x_wconf 91' lang='lat' dir='ltr'>donec</span> 
     </span>
     <span class='ocr_line' id='line_1_23' title="bbox 119 2794 1248 2884; baseline 0.002 -21"><span class='ocrx_word' id='word_1_175' title='bbox 119 2817 220 2882; x_wconf 87' lang='lat' dir='ltr'>snper</span> <span class='ocrx_word' id='word_1_176' title='bbox 235 2795 308 2883; x_wconf 89' lang='lat' dir='ltr'>biis,</span> <span class='ocrx_word' id='word_1_177' title='bbox 323 2816 384 2884; x_wconf 88' lang='lat' dir='ltr'>pro</span> <span class='ocrx_word' id='word_1_178' title='bbox 399 2797 518 2881; x_wconf 85' lang='lat' dir='ltr'>quibus</span> <span class='ocrx_word' id='word_1_179' title='bbox 534 2794 875 2865; x_wconf 86' lang='lat' dir='ltr'>excommunicationis</span> <span class='ocrx_word' id='word_1_180' title='bbox 891 2799 1084 2866; x_wconf 88' lang='lat' dir='ltr'>sententiam</span> <span class='ocrx_word' id='word_1_181' title='bbox 1109 2800 1209 2866; x_wconf 85' lang='lat' dir='ltr'>latam</span> <span class='ocrx_word' id='word_1_182' title='bbox 1228 2821 1248 2865; x_wconf 91' lang='lat' dir='ltr'>a</span> 
     </span>
     <span class='ocr_line' id='line_1_24' title="bbox 121 2904 1248 2992; baseline 0.002 -20"><span class='ocrx_word' id='word_1_183' title='bbox 121 2924 248 2972; x_wconf 86' lang='lat' dir='ltr'>canone</span> <span class='ocrx_word' id='word_1_184' title='bbox 263 2906 477 2992; x_wconf 87' lang='lat' dir='ltr'>incurrerunt,</span> <span class='ocrx_word' id='word_1_185' title='bbox 494 2904 715 2974; x_wconf 81' lang='lat' dir='ltr'>satisfecerint</span> <span class='ocrx_word' id='word_1_186' title='bbox 731 2911 959 2991; x_wconf 85' lang='lat' dir='ltr'>competenter,</span> <span class='ocrx_word' id='word_1_187' title='bbox 985 2913 1018 2973; x_wconf 88' lang='lat' dir='ltr'>st</span> <span class='ocrx_word' id='word_1_188' title='bbox 1034 2927 1105 2973; x_wconf 90' lang='lat' dir='ltr'>cnm</span> <span class='ocrx_word' id='word_1_189' title='bbox 1121 2914 1248 2974; x_wconf 88' lang='lat' dir='ltr'>tuarum</span> 
     </span>
     <span class='ocr_line' id='line_1_25' title="bbox 121 3011 1250 3099; baseline 0.004 -21"><span class='ocrx_word' id='word_1_190' title='bbox 121 3013 307 3081; x_wconf 87' lang='lat' dir='ltr'>testimonio</span> <span class='ocrx_word' id='word_1_191' title='bbox 325 3013 503 3081; x_wconf 81' lang='lat' dir='ltr'>litterarum</span> <span class='ocrx_word' id='word_1_192' title='bbox 519 3013 564 3079; x_wconf 91' lang='lat' dir='ltr'>ad</span> <span class='ocrx_word' id='word_1_193' title='bbox 587 3011 704 3080; x_wconf 87' lang='lat' dir='ltr'>Sedem</span> <span class='ocrx_word' id='word_1_194' title='bbox 729 3013 877 3081; x_wconf 85' lang='lat' dir='ltr'>venerint</span> <span class='ocrx_word' id='word_1_195' title='bbox 890 3015 1113 3099; x_wconf 87' lang='lat' dir='ltr'>Apostolicam</span> <span class='ocrx_word' id='word_1_196' title='bbox 1146 3016 1250 3084; x_wconf 86' lang='lat' dir='ltr'>absol·</span> 
     </span>
     <span class='ocr_line' id='line_1_26' title="bbox 123 3120 1251 3210; baseline 0.003 -23"><span class='ocrx_word' id='word_1_197' title='bbox 123 3121 221 3188; x_wconf 88' lang='lat' dir='ltr'>vendi</span> <span class='ocrx_word' id='word_1_198' title='bbox 235 3145 242 3208; x_wconf 89' lang='lat'>;</span> <span class='ocrx_word' id='word_1_199' title='bbox 265 3122 451 3204; x_wconf 88' lang='lat' dir='ltr'>dictumque</span> <span class='ocrx_word' id='word_1_200' title='bbox 466 3120 624 3190; x_wconf 81' lang='lat' dir='ltr'>Abbatem</span> <span class='ocrx_word' id='word_1_201' title='bbox 641 3122 675 3188; x_wconf 92' lang='lat' dir='ltr'>in</span> <span class='ocrx_word' id='word_1_202' title='bbox 692 3121 893 3208; x_wconf 84' lang='lat' dir='ltr'>corporalem</span> <span class='ocrx_word' id='word_1_203' title='bbox 909 3124 1149 3209; x_wconf 88' lang='lat' dir='ltr'>possessionem</span> <span class='ocrx_word' id='word_1_204' title='bbox 1181 3144 1251 3210; x_wconf 89' lang='lat' dir='ltr'>pre-</span> 
     </span>
     <span class='ocr_line' id='line_1_27' title="bbox 124 3229 1251 3319; baseline 0.006 -25"><span class='ocrx_word' id='word_1_205' title='bbox 124 3229 192 3298; x_wconf 83' lang='lat' dir='ltr'>fate</span> <span class='ocrx_word' id='word_1_206' title='bbox 207 3229 362 3319; x_wconf 78' lang='lat' dir='ltr'>Abbacie,</span> <span class='ocrx_word' id='word_1_207' title='bbox 380 3231 497 3297; x_wconf 85' lang='lat' dir='ltr'>iuriam</span> <span class='ocrx_word' id='word_1_208' title='bbox 513 3236 546 3298; x_wconf 90' lang='lat' dir='ltr'>et</span> <span class='ocrx_word' id='word_1_209' title='bbox 562 3230 829 3318; x_wconf 87' lang='lat' dir='ltr'>pertinentiarum</span> <span class='ocrx_word' id='word_1_210' title='bbox 844 3231 913 3300; x_wconf 88' lang='lat' dir='ltr'>eins</span> <span class='ocrx_word' id='word_1_211' title='bbox 930 3231 1069 3300; x_wconf 87' lang='lat' dir='ltr'>reducas</span> <span class='ocrx_word' id='word_1_212' title='bbox 1086 3239 1118 3298; x_wconf 90' lang='lat' dir='ltr'>ot</span> <span class='ocrx_word' id='word_1_213' title='bbox 1142 3233 1251 3300; x_wconf 84' lang='lat' dir='ltr'>deien-</span> 
     </span>
     <span class='ocr_line' id='line_1_28' title="bbox 126 3338 1252 3427; baseline 0.002 -23"><span class='ocrx_word' id='word_1_214' title='bbox 126 3339 185 3407; x_wconf 91' lang='lat' dir='ltr'>das</span> <span class='ocrx_word' id='word_1_215' title='bbox 197 3339 376 3427; x_wconf 86' lang='lat' dir='ltr'>inductum,</span> <span class='ocrx_word' id='word_1_216' title='bbox 394 3346 502 3406; x_wconf 90' lang='lat' dir='ltr'>amoto</span> <span class='ocrx_word' id='word_1_217' title='bbox 518 3339 560 3407; x_wconf 92' lang='lat' dir='ltr'>ab</span> <span class='ocrx_word' id='word_1_218' title='bbox 577 3359 616 3406; x_wconf 87' lang='lat' dir='ltr'>eo</span> <span class='ocrx_word' id='word_1_219' title='bbox 632 3339 776 3424; x_wconf 88' lang='lat' dir='ltr'>quolibet</span> <span class='ocrx_word' id='word_1_220' title='bbox 792 3339 907 3406; x_wconf 89' lang='lat' dir='ltr'>illicito</span> <span class='ocrx_word' id='word_1_221' title='bbox 923 3338 1107 3424; x_wconf 79' lang='lat' dir='ltr'>detentore3</span> <span class='ocrx_word' id='word_1_222' title='bbox 1129 3350 1252 3410; x_wconf 88' lang='lat' dir='ltr'>contra-</span> 
     </span>
     <span class='ocr_line' id='line_1_29' title="bbox 129 3447 1251 3536; baseline -0.002 -22"><span class='ocrx_word' id='word_1_223' title='bbox 129 3449 266 3515; x_wconf 83' lang='lat' dir='ltr'>dictores</span> <span class='ocrx_word' id='word_1_224' title='bbox 282 3467 527 3533; x_wconf 87' lang='lat' dir='ltr'>percensuram</span> <span class='ocrx_word' id='word_1_225' title='bbox 543 3447 798 3515; x_wconf 86' lang='lat' dir='ltr'>ecclesiasticam</span> <span class='ocrx_word' id='word_1_226' title='bbox 824 3448 1045 3536; x_wconf 88' lang='lat' dir='ltr'>appellatione</span> <span class='ocrx_word' id='word_1_227' title='bbox 1070 3447 1251 3533; x_wconf 89' lang='lat' dir='ltr'>postposita</span> 
     </span>
     <span class='ocr_line' id='line_1_30' title="bbox 130 3553 1253 3643; baseline -0.004 -20"><span class='ocrx_word' id='word_1_228' title='bbox 130 3555 373 3643; x_wconf 82' lang='lat' dir='ltr'>compescendo,</span> <span class='ocrx_word' id='word_1_229' title='bbox 390 3555 540 3623; x_wconf 84' lang='lat' dir='ltr'>invocato</span> <span class='ocrx_word' id='word_1_230' title='bbox 556 3556 600 3623; x_wconf 88' lang='lat' dir='ltr'>ad</span> <span class='ocrx_word' id='word_1_231' title='bbox 616 3557 678 3625; x_wconf 91' lang='lat' dir='ltr'>boo</span> <span class='ocrx_word' id='word_1_232' title='bbox 693 3555 720 3622; x_wconf 90' lang='lat' dir='ltr'>si</span> <span class='ocrx_word' id='word_1_233' title='bbox 737 3573 873 3624; x_wconf 85' lang='lat' dir='ltr'>necesso</span> <span class='ocrx_word' id='word_1_234' title='bbox 889 3553 985 3620; x_wconf 82' lang='lat' dir='ltr'>luerit</span> <span class='ocrx_word' id='word_1_235' title='bbox 996 3555 1119 3620; x_wconf 85' lang='lat' dir='ltr'>auxillo</span> <span class='ocrx_word' id='word_1_236' title='bbox 1129 3555 1253 3624; x_wconf 89' lang='lat' dir='ltr'>brachii</span> 
     </span>
     <span class='ocr_line' id='line_1_31' title="bbox 132 3660 1252 3748; baseline -0.004 -19"><span class='ocrx_word' id='word_1_237' title='bbox 132 3663 298 3732; x_wconf 77' lang='lat' dir='ltr'>secularis.</span> <span class='ocrx_word' id='word_1_238' title='bbox 316 3664 436 3730; x_wconf 89' lang='lat' dir='ltr'>Datum</span> <span class='ocrx_word' id='word_1_239' title='bbox 451 3663 554 3732; x_wconf 87' lang='lat' dir='ltr'>Rome</span> <span class='ocrx_word' id='word_1_240' title='bbox 568 3664 657 3748; x_wconf 87' lang='lat' dir='ltr'>apud</span> <span class='ocrx_word' id='word_1_241' title='bbox 673 3662 828 3729; x_wconf 88' lang='lat' dir='ltr'>Sanctam</span> <span class='ocrx_word' id='word_1_242' title='bbox 837 3662 974 3727; x_wconf 89' lang='lat' dir='ltr'>Mariam</span> <span class='ocrx_word' id='word_1_243' title='bbox 983 3660 1149 3746; x_wconf 86' lang='lat' dir='ltr'>Maiorem,</span> <span class='ocrx_word' id='word_1_244' title='bbox 1164 3660 1252 3726; x_wconf 90' lang='lat' dir='ltr'>XVI.</span> 
     </span>
     <span class='ocr_line' id='line_1_32' title="bbox 20 3769 1037 3860; baseline -0.003 -24"><span class='ocrx_word' id='word_1_245' title='bbox 20 3835 22 3860; x_wconf 57' lang='lat'>,</span> <span class='ocrx_word' id='word_1_246' title='bbox 130 3769 288 3838; x_wconf 86' lang='lat' dir='ltr'>kalendas</span> <span class='ocrx_word' id='word_1_247' title='bbox 302 3771 451 3839; x_wconf 88' lang='lat' dir='ltr'>Jauuarii</span> <span class='ocrx_word' id='word_1_248' title='bbox 467 3771 677 3839; x_wconf 82' lang='lat' dir='ltr'>Pontificatus</span> <span class='ocrx_word' id='word_1_249' title='bbox 694 3770 794 3837; x_wconf 89' lang='lat' dir='ltr'>nostri</span> <span class='ocrx_word' id='word_1_250' title='bbox 811 3789 897 3836; x_wconf 90' lang='lat' dir='ltr'>anno</span> <span class='ocrx_word' id='word_1_251' title='bbox 913 3774 1037 3853; x_wconf 87' lang='lat' dir='ltr'>quarto.</span> 
     </span>
    </p>

    <p class='ocr_par' dir='ltr' id='par_1_3' title="bbox 20 3869 1253 4072">
     <span class='ocr_line' id='line_1_33' title="bbox 20 3869 1253 3971; baseline -0.006 -24"><span class='ocrx_word' id='word_1_252' title='bbox 20 3869 22 3903; x_wconf 64' lang='lat'>³</span> <span class='ocrx_word' id='word_1_253' title='bbox 236 3881 369 3946; x_wconf 87' lang='lat' dir='ltr'>Kivlll</span> <span class='ocrx_word' id='word_1_254' title='bbox 386 3906 394 3946; x_wconf 92' lang='lat'><strong>:</strong></span> <span class='ocrx_word' id='word_1_255' title='bbox 410 3878 440 3946; x_wconf 86' lang='lat' dir='ltr'>J.</span> <span class='ocrx_word' id='word_1_256' title='bbox 459 3877 617 3946; x_wconf 71' lang='lat' dir='ltr'>(luidonis</span> <span class='ocrx_word' id='word_1_257' title='bbox 633 3898 692 3963; x_wconf 89' lang='lat' dir='ltr'>pro</span> <span class='ocrx_word' id='word_1_258' title='bbox 708 3877 810 3945; x_wconf 84' lang='lat' dir='ltr'>fratre</span> <span class='ocrx_word' id='word_1_259' title='bbox 827 3877 999 3944; x_wconf 76' lang='lat' dir='ltr'>l&#39;ranciseo</span> <span class='ocrx_word' id='word_1_260' title='bbox 1015 3873 1169 3971; x_wconf 82' lang='lat' dir='ltr'>familiari</span> <span class='ocrx_word' id='word_1_261' title='bbox 1187 3876 1253 3942; x_wconf 90' lang='lat' dir='ltr'>lla·</span> 
     </span>
     <span class='ocr_line' id='line_1_34' title="bbox 130 3984 1150 4072; baseline 0.003 -21"><span class='ocrx_word' id='word_1_262' title='bbox 130 3985 224 4072; x_wconf 83' lang='lat' dir='ltr'>gistri</span> <span class='ocrx_word' id='word_1_263' title='bbox 239 3987 397 4054; x_wconf 78' lang='lat' dir='ltr'>lobannis</span> <span class='ocrx_word' id='word_1_264' title='bbox 413 3987 455 4054; x_wconf 88' lang='lat' dir='ltr'>ds</span> <span class='ocrx_word' id='word_1_265' title='bbox 469 3985 588 4055; x_wconf 89' lang='lat' dir='ltr'>Penna.</span> <span class='ocrx_word' id='word_1_266' title='bbox 1146 3984 1150 3992; x_wconf 88' lang='grc'><strong>’</strong></span> 
     </span>
    </p>
   </div>
   <div class='ocr_carea' id='block_1_3' title="bbox 132 4181 1248 4342">
    <p class='ocr_par' dir='ltr' id='par_1_4' title="bbox 132 4181 1248 4342">
     <span class='ocr_line' id='line_1_35' title="bbox 132 4181 1248 4256; baseline -0.007 -16"><span class='ocrx_word' id='word_1_267' title='bbox 132 4186 256 4255; x_wconf 79' lang='lat' dir='ltr'>(Ljubios</span> <span class='ocrx_word' id='word_1_268' title='bbox 274 4187 378 4254; x_wconf 76' lang='lat' dir='ltr'>Simon,</span> <span class='ocrx_word' id='word_1_269' title='bbox 396 4189 580 4244; x_wconf 80' lang='lat' dir='ltr'>Monumenta</span> <span class='ocrx_word' id='word_1_270' title='bbox 598 4187 756 4256; x_wconf 85' lang='lat' dir='ltr'>spectantia</span> <span class='ocrx_word' id='word_1_271' title='bbox 774 4183 923 4240; x_wconf 83' lang='lat' dir='ltr'>historiam</span> <span class='ocrx_word' id='word_1_272' title='bbox 943 4185 1088 4238; x_wconf 83' lang='lat' dir='ltr'>Slavorum</span> <span class='ocrx_word' id='word_1_273' title='bbox 1117 4181 1248 4234; x_wconf 80' lang='lat' dir='ltr'>Mer-idio·</span> 
     </span>
     <span class='ocr_line' id='line_1_36' title="bbox 518 4277 879 4342; baseline -0.019 -10"><span class='ocrx_word' id='word_1_274' title='bbox 518 4282 634 4332; x_wconf 86' lang='lat' dir='ltr'>nalium.</span> <span class='ocrx_word' id='word_1_275' title='bbox 654 4281 675 4330; x_wconf 94' lang='grc' dir='ltr'>Ι.</span> <span class='ocrx_word' id='word_1_276' title='bbox 691 4281 749 4329; x_wconf 82' lang='lat' dir='ltr'>ket.</span> <span class='ocrx_word' id='word_1_277' title='bbox 770 4277 829 4328; x_wconf 80' lang='lat'><em>128.</em></span> <span class='ocrx_word' id='word_1_278' title='bbox 849 4278 879 4342; x_wconf 88' lang='grc'>1.)</span> 
     </span>
    </p>
   </div>
   <div class='ocr_carea' id='block_1_4' title="bbox 559 4565 822 4578">
    <p class='ocr_par' dir='ltr' id='par_1_5' title="bbox 559 4565 822 4578">
     <span class='ocr_line' id='line_1_37' title="bbox 559 4565 822 4578; baseline -0.023 0"><span class='ocrx_word' id='word_1_279' title='bbox 559 4565 822 4578; x_wconf 52' lang='lat' dir='ltr'>ffl-</span> 
     </span>
    </p>
   </div>
   <div class='ocr_carea' id='block_1_5' title="bbox 0 0 1600 5152">
    <p class='ocr_par' dir='ltr' id='par_1_6' title="bbox 0 0 1600 5152">
     <span class='ocr_line' id='line_1_38' title="bbox 0 0 1600 5152; baseline 0 0"><span class='ocrx_word' id='word_1_280' title='bbox 0 0 1600 5152; x_wconf 95' lang='lat' dir='ltr'> </span> 
     </span>
    </p>
   </div>
  </div>
 </body>
</html>
