3112 5154
576 422 733 523 Q-

103 617 206 704 quibus
220 633 328 682 coram
347 616 469 684 naamis
486 621 518 683 et
533 615 772 708 progenitorum
787 621 969 684 nostrorum
1000 614 1220 703 predictorum

103 727 210 808 Regum
249 722 430 790 illustrium
470 721 570 790 oculis
601 723 719 790 meruit
749 721 972 809 multipliciter
1002 722 1214 808 complacere,

103 829 251 915 quandam
276 835 398 897 terram
428 829 564 900 duorum
594 829 842 898 uduornicorum
873 838 1066 906 nostrorum,
1100 829 1214 896 Zolatb

102 937 236 1004 uidelicet
250 936 375 1006 herede
392 939 536 1006 carentis
551 945 584 1005 et
600 939 726 1022 Koyan,
743 938 919 1022 Depoputb
934 943 1093 1022 vocatam,
1118 939 1214 1004 sitam

104 1045 314 1111 iuxtaterram
332 1043 480 1112 eiusdem
496 1043 647 1128 Magistri
662 1042 817 1130 ladizlai,
834 1043 988 1132 (iucrelry
1005 1050 1164 1129 uocatam,
1182 1043 1214 1108 iu

102 1151 247 1217 Comitatu
262 1150 440 1234 Hunteusi‚
464 1151 666 1234 contulimus,
693 1149 849 1238 dedimus,
882 1151 1085 1238 domuimus,
1117 1159 1215 1234 atque

105 1257 292 1342 tradidimus,
319 1278 395 1326 cum
411 1258 558 1326 omuibus
574 1257 796 1344 pertinencijs,
827 1257 1033 1343 appendiciis
1049 1265 1081 1325 et
1097 1257 1214 1326 utilita-

19 1425 20 1458 3
103 1364 176 1432 tibus
189 1365 255 1434 suis
270 1363 435 1432 uniuersis
453 1363 557 1431 eidem
573 1362 732 1448 Magistro
748 1361 905 1430 Ladialao
922 1371 1078 1449 perpetuo
1095 1364 1214 1432 etirre-

102 1471 275 1540 notabiliter
290 1471 545 1559 possidendam
569 1469 744 1557 prasertim
761 1490 833 1538 aum
849 1467 935 1536 idem
950 1469 1064 1538 Zolatb
1090 1479 1122 1538 et
1153 1473 1210 1556 filij

102 1579 212 1666 Koyau,
228 1578 404 1646 uduorniei
420 1579 532 1665 nostri,
564 1577 641 1646 olim
673 1577 818 1644 eiusdem
849 1583 932 1646 terre
963 1577 1213 1661 inhabitatores,

19 1753 20 1762 ,
102 1705 194 1752 eoram
218 1685 393 1772 Preposito
419 1691 451 1752 et
481 1685 647 1754 Conueutu
673 1682 805 1752 Ordinis
832 1683 1140 1754 Premoustrutensis
1172 1687 1214 1754 de

19 1793 20 1798 ’
54 1781 59 1790 ’
104 1793 179 1876 Saag
192 1795 411 1879 personaliter
426 1793 601 1878 constituti,
618 1791 846 1860 renunciantes
862 1793 924 1858 iuri
941 1812 1008 1880 suo,
1027 1791 1150 1876 siquid
1167 1794 1213 1860 eis

101 1903 128 1966 iu
142 1903 386 1988 terrapredicta
401 1900 615 1986 competebat,
646 1899 834 1984 reliquerint
860 1898 1026 1987 sepedicto
1056 1901 1213 1984 Magistro

103 2008 242 2077 bedizlao
257 2007 492 2096 possidendam
522 2005 655 2094 pacifice
686 2016 719 2074 et
749 2007 876 2095 quiete,
899 2007 982 2076 sicut
1012 2008 1075 2076 hoo
1107 2009 1212 2076 littere

19 2107 20 2116 ’
102 2115 228 2184 eiusdem
244 2117 411 2202 Prepositi
428 2123 460 2183 et
476 2114 671 2202 conuentus,
703 2115 798 2182 nobis
814 2134 911 2199 super
935 2115 996 2182 hoc
1026 2115 1212 2200 specialiter

19 2263 20 2308 3
102 2221 216 2308 directe,
228 2223 440 2292 manifestius
457 2221 679 2292 declarabant.
712 2222 915 2291 Oontulimur
946 2223 1079 2308 iusuper
1109 2224 1212 2292 eidem

19 2323 21 2402 t
101 2330 242 2414 llagistro
257 2329 419 2397 Ladialao
435 2330 603 2414 Preposito
620 2338 741 2398 terram
767 2331 912 2398 Damaso
937 2338 970 2397 et
1000 2330 1137 2417 Malasy,
1169 2332 1211 2399 ad

19 2449 21 2500 t
101 2436 153 2504 duo
166 2444 273 2506 aratra
291 2435 514 2522 sufficientem,
531 2457 628 2522 super
644 2457 708 2522 qua
724 2437 789 2505 duo
806 2443 988 2506 castrenses
998 2439 1033 2503 in
1044 2457 1210 2506 numerum

101 2544 336 2612 uduornicorum
361 2543 515 2612 translati
548 2543 745 2631 residebant,
775 2545 923 2614 similiter
957 2557 1029 2612 oum
1062 2545 1211 2613 omuibus

20 2739 22 2752 ,
100 2653 297 2738 pertinencijs
328 2661 361 2720 ct
392 2651 583 2719 utilitatibus
615 2653 683 2720 suia
715 2660 872 2740 perpetuo
903 2653 1157 2740 possidendam
1181 2660 1214 2720 et

101 2760 220 2827 eandem
237 2767 372 2844 terram,
396 2761 546 2828 Damaso
561 2759 685 2828 scilicet
702 2766 734 2827 et
748 2761 885 2849 Malasy,
915 2759 1022 2830 eidem
1054 2759 1211 2844 Magistro

100 2865 236 2937 mommo
252 2866 426 2954 Preposito
442 2887 499 2952 per
515 2865 672 2936 Comitem
688 2868 781 2953 Deus,
796 2867 897 2936 filium
913 2867 1035 2953 Hunth,
1050 2866 1210 2933 hominem

20 3063 21 3070 ἵ
100 2983 235 3062 noenum,
250 2979 316 3044 sub
331 2977 513 3045 testimonio
529 2975 665 3062 predicti
682 2976 870 3044 &uocatus
885 2975 1019 3044 lecimus
1036 2973 1208 3060 assigmri,

100 3082 174 3151 nullo
188 3084 321 3170 penitus
336 3083 574 3152 contradictore
590 3083 769 3168 existente3
794 3085 949 3168 volentes,
983 3088 1016 3150 ut
1031 3079 1117 3150 idem
1143 3081 1210 3149 Ma·

20 3235 21 3238 =
100 3189 185 3271 guter
199 3191 377 3260 ladizlaus
392 3193 581 3278 Propositus
598 3199 665 3262 mm
682 3191 844 3278 predictas
860 3197 964 3260 terras
994 3210 1080 3274 suas,
1113 3209 1209 3274 quam

20 3339 21 3356 ,
102 3297 190 3364 mam
203 3299 293 3367 alias
308 3305 424 3386 terras,
439 3319 519 3384 quas
536 3299 607 3366 siue
621 3299 716 3368 titulo
726 3299 928 3386 donacionis,
943 3298 1114 3366 senesiam
1125 3297 1211 3363 iusto

20 3391 21 3446 1
101 3399 178 3470 titulo
214 3405 393 3491 empcionis
430 3405 598 3490 possidere
629 3404 842 3489 dinosscitnr;
876 3404 1060 3491 specialiter
1089 3411 1211 3470 terram

102 3508 251 3599 Gnereky,
283 3511 334 3580 cui
351 3510 497 3599 predicte
512 3519 598 3581 terre
626 3512 821 3599 uiciuautur,
852 3512 990 3580 liberam
1005 3512 1125 3579 habeat
1155 3507 1211 3577 do·

101 3619 196 3704 naudi,
209 3619 354 3707 legundi,
379 3619 552 3687 ordinandi
576 3622 778 3706 interrivos,
811 3639 868 3687 seu
885 3619 988 3688 eciam
1020 3617 1209 3687 conterendi

101 3722 230 3794 Ecclesie
244 3743 314 3812 sna,
343 3727 396 3792 uel
412 3727 577 3812 Ecclesijs,
610 3735 666 3794 aut
676 3721 785 3795 'eciam
802 3725 878 3811 alijs
894 3725 1140 3810 quibusouuque
1156 3745 1208 3792 ro·

100 3829 185 3900 luerit
199 3833 254 3902 uel
272 3834 302 3902 ei
319 3835 426 3901 uisum
441 3834 540 3900 luerit
569 3835 770 3904 facultatem.
807 3835 894 3901 Mete
925 3841 1035 3902 autem
1065 3831 1209 3921 predicte

21 3967 22 4036 3
100 3945 171 4010 terre
183 3942 329 4010 Damasa
346 3951 379 4010 et
408 3943 545 4030 Malasy,
577 3949 673 4029 prout
703 3943 739 4009 iu
769 3943 883 4011 litteris
913 3943 993 4010 dieti
1024 3943 1210 4009 Conuentus

101 4049 242 4117 mutineri
258 4048 410 4136 uidimus,
427 4049 489 4118 boo
504 4050 617 4118 ordine
634 4051 853 4140 distinguntur
870 4074 878 4114 :
895 4049 1002 4116 Prima
1018 4055 1104 4115 meta
1132 4049 1210 4115 inci·

100 4153 140 4237 pit
152 4158 193 4223 ab
207 4157 334 4224 oriente
349 4156 411 4223 sub
426 4154 564 4240 quodam
590 4163 708 4246 monte,
740 4157 901 4225 (iradissa
915 4161 1045 4242 uocato,
1074 4163 1160 4222 recte
1176 4155 1209 4219 iu

100 4261 312 4352 pedemontis,
343 4261 398 4331 ubi
416 4264 622 4346 contignatur
647 4271 732 4330 terre
763 4263 910 4349 Mochou,
941 4262 999 4348 filij
1031 4261 1120 4329 Petri
1151 4257 1209 4344 filij

99 4367 258 4458 lloaurlra;
283 4370 360 4437 inde
378 4369 481 4438 tendit
495 4389 608 4439 uersus
625 4373 885 4458 septemtrionem
902 4371 935 4436 iu
953 4369 1038 4456 pede
1064 4367 1207 4437 eiusdem

99 4478 211 4566 monde,
225 4487 258 4548 'et
274 4478 362 4546 uenit
377 4477 497 4545 directe
512 4478 555 4546 ad
570 4485 689 4547 terram
706 4479 832 4562 llawog
848 4478 993 4566 Comitis,
1024 4475 1208 4562 iobagu'onis

100 4579 194 4652 matu
207 4585 397 4672 Huntensie,
414 4584 458 4651 ad
473 4586 632 4669 quasdam
647 4592 762 4673 metas,
779 4603 916 4669 quarum
934 4605 998 4652 uua
1014 4593 1064 4653 eet
1080 4585 1208 4670 Mawog

99 4689 229 4778 Comitis,
248 4697 354 4766 attera
369 4695 516 4766 Damasa
530 4703 562 4765 et
576 4697 709 4784 Malasy
725 4694 943 4785 predictorum
956 4716 964 4780 3
988 4693 1064 4762 iude
1095 4712 1209 4768 ascen·
