3096 5160
622 1011 697 1080 418.

98 1209 152 1274 HI.
168 1211 285 1276 Eudae
302 1211 414 1298 kircily
429 1216 613 1299 mepmdeite'
629 1213 647 1278 I
655 1213 688 1280 V.
703 1213 786 1278 Rota
803 1214 986 1300 leirdlynule
1003 1239 1024 1278 e
1046 1217 1137 1302 peut-i
1161 1219 1222 1280 cuir

100 1319 394 1390 edrdmidvcdelmeit
411 1323 568 1408 edepyaad
578 1323 830 1408 pricilepiemc't
845 1344 867 1387 a
882 1322 1072 1408 nyttlceipeti
1084 1327 1219 1411 aprican-

456 1427 559 1494 utrdu
575 1432 737 1495 eadmero.
762 1428 856 1495 1291.

193 1622 349 1690 Andreas
390 1623 454 1690 Dei
495 1623 608 1707 gracia
649 1624 825 1708 Hungarie,
859 1621 1037 1712 Dalmaoie,
1071 1615 1222 1696 CroacieJ

98 1729 202 1815 Rama
220 1729 347 1815 Seruie,
364 1729 514 1816 Gallieie,
525 1730 726 1820 Lodomerie,
738 1732 903 1819 Cumanie,
918 1733 1220 1817 BulgarieqncRex

97 1837 238 1906 omnibus
279 1835 400 1905 Christi
439 1837 588 1906 fidelibus
619 1845 799 1924 presentem
837 1839 992 1926 paginam
1024 1841 1219 1927 inspecturis

97 1945 227 2012 salutem
244 1946 279 2012 in
296 1965 345 2030 eo,
362 1947 415 2032 qui
434 1953 484 2014 est
500 1967 579 2016 uere
594 1946 694 2014 salus.
727 1946 778 2013 Ad
809 1947 1032 2015 uniuersorum
1064 1949 1218 2017 noticiam

98 2062 200 2121 tenore
215 2054 424 2140 presencium
441 2053 588 2123 uolumus
603 2055 785 2142 peruenire,
802 2055 888 2139 qnod
904 2054 954 2122 uir
970 2055 1140 2141 religiosus
1156 2056 1218 2123 lra-

96 2170 138 2228 ter
151 2162 311 2247 Wgrinns
326 2161 417 2231 Prior·
435 2162 475 2228 de
492 2161 612 2231 Ordine
627 2162 775 2229 Fratrum
790 2162 1012 2230 Predietorum
1038 2165 1079 2230 de
1105 2165 1224 2244 Insula

97 2268 186 2338 Beate
203 2269 361 2358 Virginis,
378 2269 507 2338 nomine
524 2277 556 2337 et
579 2272 651 2338 vice
676 2291 821 2340 sororum
845 2270 1143 2342 sanctimonialium
1175 2272 1217 2340 do

97 2376 202 2445 wem
218 2377 335 2445 Insula
350 2377 394 2444 ad
410 2384 553 2446 costam
564 2375 725 2445 accedens
735 2377 949 2465 presenciam,
967 2378 1114 2447 exhibuit
1124 2381 1216 2448 nobis

97 2485 296 2571 priuilegium
315 2485 437 2554 domini
452 2487 552 2570 Regis
582 2486 662 2554 Bele
688 2488 742 2554 aui
773 2488 874 2554 nostri
908 2487 1074 2555 karissimi
1105 2488 1215 2556 inclite

97 2591 324 2660 recordacionis
340 2593 521 2661 conlectum
538 2613 635 2678 super
652 2593 771 2662 tributo
787 2593 850 2660 fori
869 2594 909 2659 de
927 2591 1040 2662 Castro
1065 2593 1216 2664 Pestensi

97 2698 184 2789 (lgy),
200 2701 299 2770 verbo
315 2700 492 2770 earundem
519 2699 720 2768 dominarum
744 2701 900 2768 nobilium
926 2722 1071 2772 sororum
1102 2709 1216 2789 petens

97 2827 161 2875 eum
175 2809 350 2898 instancia,
366 2815 402 2876 rt
417 2809 522 2894 ipsum
539 2809 747 2896 priuilegium
763 2811 957 2900 approbare,
983 2811 1151 2897 retineam,
1182 2819 1214 2878 et

96 2923 196 2984 nostro
212 2917 421 3003 dignaremur
436 2917 477 2984 de
494 2917 697 3002 benignitate
712 2916 816 3001 Regia
833 2918 1005 3004 priuilegio
1016 2918 1214 2987 confirmare.

99 3023 190 3092 Cuius
205 3025 334 3112 quidem
352 3026 513 3114 priuilegij
531 3033 623 3092 tenor
639 3026 715 3092 talis
731 3029 800 3093 est:

197 3133 308 3222 (B)ela
323 3136 385 3202 Dei
403 3133 517 3218 gracia
540 3133 707 3218 Hungarie
732 3135 793 3202 stb.
823 3135 892 3201 Rex
916 3135 976 3201 stb.
1003 3131 1212 3219 (keretkezik

11 3329 13 3334 Ι
93 3237 144 3308 lV.
158 3239 236 3309 Bdla
253 3239 431 3328 kirtlynak
451 3239 854 3328 1255--kiprivi1egiuma‚
872 3239 952 3306 mint
967 3239 1119 3327 Fejernsl
1134 3238 1213 3310 (lod.

93 3343 173 3432 Dipl.
186 3348 241 3420 IV.
257 3349 325 3416 ket.
342 3353 374 3418 2.
392 3371 417 3416 r.
434 3351 515 3417 320,
528 3350 563 3416 ds
579 3351 655 3416 455.
671 3349 719 3438 ll.)

192 3456 260 3524 Nos
275 3457 397 3546 itaque,
415 3457 468 3542 qui
486 3477 526 3526 ex
542 3457 650 3524 oilieio
666 3458 808 3543 suscepti
824 3457 993 3541 regiminis
1008 3475 1214 3542 unumquem-

93 3563 207 3644 quein
239 3567 309 3633 suis
341 3565 467 3634 iuribus
497 3573 642 3634 tenemur
673 3585 876 3648 conseruare,
908 3564 1214 3648 considerantesque

93 3671 278 3754 peticionem
307 3672 418 3742 fratris
442 3673 576 3759 Wgrini
607 3671 728 3741 Prioris
760 3673 903 3759 predicti
933 3671 1003 3740 lore
1032 3673 1212 3762 legitimam

91 3785 181 3864 atque
195 3781 325 3870 insum,
356 3781 500 3850 maxime
516 3801 588 3850 eum
606 3782 801 3849 collaciones
817 3781 978 3869 Ecclesijs
995 3783 1056 3849 rite
1072 3790 1104 3850 et
1134 3783 1212 3868 legi·

92 3887 162 3954 time
176 3887 282 3958 laetas
298 3888 437 3958 nolimus
454 3895 641 3977 retractare,
672 3910 748 3978 ymo
774 3889 972 3958 donaciones
1004 3891 1104 3975 Regis
1134 3889 1213 3958 Belo

92 3994 143 4060 ani
156 3997 255 4063 nostri
271 3995 438 4065 karissimi
455 4019 554 4084 super
571 3997 656 4064 dieto
672 3996 791 4065 tributo
818 3995 880 4065 lori
912 3997 1017 4066 (lastri
1047 3997 1212 4067 Pestensis

91 4103 247 4173 sororibus
263 4106 304 4172 de
320 4105 432 4173 Insula
447 4105 591 4191 Virginis
607 4105 755 4172 Gloriose
770 4104 889 4190 iugiter
919 4105 989 4174 Deo
1022 4106 1209 4175 famulanti·

93 4207 150 4276 bus
164 4231 345 4300 concessas,
377 4213 513 4283 uelimus
528 4211 761 4281 inuiolabiliter
776 4214 967 4301 obseruare,
993 4211 1211 4283 attendentes·

93 4335 152 4399 que
167 4320 268 4406 ipsum
284 4320 493 4408 priuilegium
508 4323 608 4407 Regis
624 4321 702 4388 Bole
718 4340 784 4388 non
802 4323 966 4410 abrasum,
998 4342 1064 4389 non
1081 4323 1207 4390 eaneel·

92 4423 197 4510 laum,
226 4450 291 4497 non
307 4429 495 4519 abbolitum‚
525 4449 590 4498 non
608 4428 762 4498 uiolatum
786 4428 818 4494 in
846 4435 948 4516 carta,
980 4430 1033 4498 uel
1061 4430 1095 4497 in
1126 4429 1204 4510 filio,

93 4541 229 4603 tenorem
265 4537 409 4607 eiusdem
436 4539 476 4606 de
506 4539 608 4607 uerbo
638 4537 681 4604 ad
713 4539 844 4606 uerbum
875 4538 1079 4624 presentibus
1109 4537 1210 4606 inseri

93 4639 252 4734 facientes,
278 4647 451 4714 actoritate
467 4644 553 4740 (lgy)
571 4645 773 4735 presencium
791 4646 1020 4716 confirmamus
1038 4653 1071 4714 et
1095 4647 1209 4716 contir-
