<?xml version="1.0" encoding="UTF-8"?>
<!DOCTYPE html PUBLIC "-//W3C//DTD XHTML 1.0 Transitional//EN"
    "http://www.w3.org/TR/xhtml1/DTD/xhtml1-transitional.dtd">
<html xmlns="http://www.w3.org/1999/xhtml" xml:lang="en" lang="en">
 <head>
  <title>
</title>
<meta http-equiv="Content-Type" content="text/html;charset=utf-8" />
  <meta name='ocr-system' content='tesseract 3.04.00' />
  <meta name='ocr-capabilities' content='ocr_page ocr_carea ocr_par ocr_line ocrx_word'/>
</head>
<body>
  <div class='ocr_page' id='page_1' title='image "./codexdiplomatic06wenzgoog_0753.png"; bbox 0 0 3170 5166; ppageno 0'>
   <div class='ocr_carea' id='block_1_1' title="bbox 873 851 948 921">
    <p class='ocr_par' dir='ltr' id='par_1_1' title="bbox 873 851 948 921">
     <span class='ocr_line' id='line_1_1' title="bbox 873 851 948 921; baseline 0.04 -4"><span class='ocrx_word' id='word_1_1' title='bbox 873 851 948 921; x_wconf 75' lang='grc'><strong>553.</strong></span> 
     </span>
    </p>
   </div>
   <div class='ocr_carea' id='block_1_2' title="bbox 312 1047 1480 1354">
    <p class='ocr_par' dir='ltr' id='par_1_2' title="bbox 312 1047 1480 1354">
     <span class='ocr_line' id='line_1_2' title="bbox 327 1047 1480 1136; baseline -0.002 -20"><span class='ocrx_word' id='word_1_2' title='bbox 327 1049 406 1116; x_wconf 65' lang='lat' dir='ltr'><strong>JV.</strong></span> <span class='ocrx_word' id='word_1_3' title='bbox 438 1049 554 1117; x_wconf 69' lang='lat' dir='ltr'><strong>Luscio</strong></span> <span class='ocrx_word' id='word_1_4' title='bbox 584 1049 695 1136; x_wconf 74' lang='lat' dir='ltr'><strong>kiroly</strong></span> <span class='ocrx_word' id='word_1_5' title='bbox 713 1047 967 1136; x_wconf 73' lang='lat' dir='ltr'><strong>bclybcnbcppja</strong></span> <span class='ocrx_word' id='word_1_6' title='bbox 982 1048 1053 1114; x_wconf 78' lang='lat' dir='ltr'><strong>Jo&#39;k</strong></span> <span class='ocrx_word' id='word_1_7' title='bbox 1068 1049 1300 1135; x_wconf 72' lang='lat' dir='ltr'><strong>ncmzctrepbcli</strong></span> <span class='ocrx_word' id='word_1_8' title='bbox 1315 1049 1480 1136; x_wconf 72' lang='lat' dir='ltr'><strong>Mpkcruk</strong></span> 
     </span>
     <span class='ocr_line' id='line_1_3' title="bbox 312 1155 1479 1244; baseline 0 -21"><span class='ocrx_word' id='word_1_9' title='bbox 312 1193 325 1206; x_wconf 51' lang='grc' dir='ltr'>ν</span> <span class='ocrx_word' id='word_1_10' title='bbox 335 1181 421 1224; x_wconf 79' lang='lat' dir='ltr'><strong>ouon</strong></span> <span class='ocrx_word' id='word_1_11' title='bbox 436 1157 661 1241; x_wconf 65' lang='lat' dir='ltr'><strong>succederes,</strong></span> <span class='ocrx_word' id='word_1_12' title='bbox 692 1155 836 1243; x_wconf 72' lang='lat' dir='ltr'><strong>mclplyei</strong></span> <span class='ocrx_word' id='word_1_13' title='bbox 850 1179 872 1220; x_wconf 83' lang='lat' dir='ltr'><strong><em>a</em></strong></span> <span class='ocrx_word' id='word_1_14' title='bbox 887 1157 966 1222; x_wconf 77' lang='lat' dir='ltr'><strong>ncki</strong></span> <span class='ocrx_word' id='word_1_15' title='bbox 982 1155 1122 1244; x_wconf 77' lang='lat' dir='ltr'><strong>Stesauri</strong></span> <span class='ocrx_word' id='word_1_16' title='bbox 1140 1155 1326 1242; x_wconf 56' lang='lat' dir='ltr'><strong>serpetque„</strong></span> <span class='ocrx_word' id='word_1_17' title='bbox 1341 1157 1479 1223; x_wconf 72' lang='lat' dir='ltr'><strong>odornd·</strong></span> 
     </span>
     <span class='ocr_line' id='line_1_4' title="bbox 446 1263 1362 1354; baseline -0.002 -22"><span class='ocrx_word' id='word_1_18' title='bbox 446 1277 572 1354; x_wconf 76' lang='lat' dir='ltr'><strong>uycsott</strong></span> <span class='ocrx_word' id='word_1_19' title='bbox 582 1266 770 1333; x_wconf 66' lang='lat' dir='ltr'><strong>birtciertszt</strong></span> <span class='ocrx_word' id='word_1_20' title='bbox 786 1263 925 1351; x_wconf 76' lang='lat' dir='ltr'><strong>Gcrpcly</strong></span> <span class='ocrx_word' id='word_1_21' title='bbox 941 1265 1100 1331; x_wconf 82' lang='lat' dir='ltr'><strong>comcsnck</strong></span> <span class='ocrx_word' id='word_1_22' title='bbox 1116 1265 1235 1330; x_wconf 78' lang='lat' dir='ltr'><strong>clodio.</strong></span> <span class='ocrx_word' id='word_1_23' title='bbox 1258 1265 1362 1330; x_wconf 76' lang='lat'><strong><em>1276.</em></strong></span> 
     </span>
    </p>
   </div>
   <div class='ocr_carea' id='block_1_3' title="bbox 303 1445 1476 3489">
    <p class='ocr_par' dir='ltr' id='par_1_3' title="bbox 443 1445 1476 1546">
     <span class='ocr_line' id='line_1_5' title="bbox 443 1445 1476 1546; baseline -0.002 -16"><span class='ocrx_word' id='word_1_24' title='bbox 443 1463 512 1532; x_wconf 82' lang='lat' dir='ltr'><strong>Nos</strong></span> <span class='ocrx_word' id='word_1_25' title='bbox 542 1461 718 1531; x_wconf 80' lang='lat' dir='ltr'><strong>Lodictsns</strong></span> <span class='ocrx_word' id='word_1_26' title='bbox 750 1459 812 1528; x_wconf 87' lang='lat' dir='ltr'><strong>Dei</strong></span> <span class='ocrx_word' id='word_1_27' title='bbox 843 1460 958 1546; x_wconf 76' lang='lat' dir='ltr'><strong>grecie</strong></span> <span class='ocrx_word' id='word_1_28' title='bbox 989 1462 1060 1530; x_wconf 88' lang='lat' dir='ltr'><strong>Rex</strong></span> <span class='ocrx_word' id='word_1_29' title='bbox 1084 1445 1231 1546; x_wconf 56' lang='lat' dir='ltr'><strong>Vnpurie</strong></span> <span class='ocrx_word' id='word_1_30' title='bbox 1247 1459 1476 1544; x_wconf 75' lang='lat' dir='ltr'><strong>significemus</strong></span> 
     </span>
    </p>

    <p class='ocr_par' dir='ltr' id='par_1_4' title="bbox 303 1567 1475 3489">
     <span class='ocr_line' id='line_1_6' title="bbox 310 1567 1474 1655; baseline -0.002 -19"><span class='ocrx_word' id='word_1_31' title='bbox 310 1587 313 1596; x_wconf 77' lang='grc'>’</span> <span class='ocrx_word' id='word_1_32' title='bbox 333 1567 495 1638; x_wconf 83' lang='lat' dir='ltr'><strong>uniuersis</strong></span> <span class='ocrx_word' id='word_1_33' title='bbox 512 1570 629 1655; x_wconf 89' lang='lat' dir='ltr'><strong>quibus</strong></span> <span class='ocrx_word' id='word_1_34' title='bbox 647 1567 782 1654; x_wconf 85' lang='lat' dir='ltr'><strong>expedit</strong></span> <span class='ocrx_word' id='word_1_35' title='bbox 798 1569 1003 1653; x_wconf 88' lang='lat' dir='ltr'><strong>presencium</strong></span> <span class='ocrx_word' id='word_1_36' title='bbox 1018 1587 1075 1655; x_wconf 88' lang='lat' dir='ltr'><strong>per</strong></span> <span class='ocrx_word' id='word_1_37' title='bbox 1093 1574 1239 1636; x_wconf 88' lang='lat' dir='ltr'><strong>tenorem</strong></span> <span class='ocrx_word' id='word_1_38' title='bbox 1257 1591 1266 1632; x_wconf 73' lang='grc' dir='ltr'><strong><em>ε</em></strong></span> <span class='ocrx_word' id='word_1_39' title='bbox 1283 1567 1368 1653; x_wconf 83' lang='lat' dir='ltr'><strong>quod</strong></span> <span class='ocrx_word' id='word_1_40' title='bbox 1396 1588 1474 1635; x_wconf 91' lang='lat' dir='ltr'><strong>cum</strong></span> 
     </span>
     <span class='ocr_line' id='line_1_7' title="bbox 315 1673 1475 1762; baseline -0.002 -18"><span class='ocrx_word' id='word_1_41' title='bbox 315 1729 316 1732; x_wconf 63' lang='lat'>,</span> <span class='ocrx_word' id='word_1_42' title='bbox 333 1676 436 1762; x_wconf 76' lang='lat' dir='ltr'><strong>Myse</strong></span> <span class='ocrx_word' id='word_1_43' title='bbox 466 1676 552 1744; x_wconf 88' lang='lat' dir='ltr'><strong>tilius</strong></span> <span class='ocrx_word' id='word_1_44' title='bbox 581 1675 716 1744; x_wconf 75' lang='lat' dir='ltr'><strong>Martini</strong></span> <span class='ocrx_word' id='word_1_45' title='bbox 748 1675 881 1744; x_wconf 84' lang='lat' dir='ltr'><strong>Comitis</strong></span> <span class='ocrx_word' id='word_1_46' title='bbox 913 1675 955 1743; x_wconf 85' lang='lat' dir='ltr'><strong>tie</strong></span> <span class='ocrx_word' id='word_1_47' title='bbox 970 1695 1089 1761; x_wconf 83' lang='lat' dir='ltr'><strong>genere</strong></span> <span class='ocrx_word' id='word_1_48' title='bbox 1103 1675 1192 1744; x_wconf 77' lang='lat' dir='ltr'><strong>Jcak</strong></span> <span class='ocrx_word' id='word_1_49' title='bbox 1208 1675 1242 1743; x_wconf 93' lang='lat' dir='ltr'><strong>iu</strong></span> <span class='ocrx_word' id='word_1_50' title='bbox 1258 1673 1475 1762; x_wconf 70' lang='lat' dir='ltr'><strong>expedicione</strong></span> 
     </span>
     <span class='ocr_line' id='line_1_8' title="bbox 307 1783 1472 1854; baseline -0.003 -2"><span class='ocrx_word' id='word_1_51' title='bbox 307 1817 311 1825; x_wconf 92' lang='lat'><em>·</em></span> <span class='ocrx_word' id='word_1_52' title='bbox 331 1805 406 1852; x_wconf 88' lang='lat' dir='ltr'><strong>eum</strong></span> <span class='ocrx_word' id='word_1_53' title='bbox 422 1784 580 1852; x_wconf 86' lang='lat' dir='ltr'><strong>qucbino</strong></span> <span class='ocrx_word' id='word_1_54' title='bbox 595 1793 708 1854; x_wconf 81' lang='lat' dir='ltr'><strong>nostre</strong></span> <span class='ocrx_word' id='word_1_55' title='bbox 723 1790 755 1850; x_wconf 93' lang='lat' dir='ltr'><strong>et</strong></span> <span class='ocrx_word' id='word_1_56' title='bbox 769 1783 927 1852; x_wconf 74' lang='lat' dir='ltr'><strong>societate</strong></span> <span class='ocrx_word' id='word_1_57' title='bbox 943 1803 1004 1852; x_wconf 78' lang='lat' dir='ltr'><strong>suu</strong></span> <span class='ocrx_word' id='word_1_58' title='bbox 1018 1783 1207 1852; x_wconf 78' lang='lat' dir='ltr'><strong>infideliBus</strong></span> <span class='ocrx_word' id='word_1_59' title='bbox 1224 1783 1341 1852; x_wconf 83' lang='lat' dir='ltr'><strong>nostris</strong></span> <span class='ocrx_word' id='word_1_60' title='bbox 1373 1783 1472 1849; x_wconf 85' lang='lat' dir='ltr'><strong>iuxts</strong></span> 
     </span>
     <span class='ocr_line' id='line_1_9' title="bbox 307 1887 1473 1978; baseline -0.006 -18"><span class='ocrx_word' id='word_1_61' title='bbox 307 1937 312 1942; x_wconf 91' lang='lat'>-</span> <span class='ocrx_word' id='word_1_62' title='bbox 333 1909 453 1976; x_wconf 82' lang='lat' dir='ltr'><strong>equam</strong></span> <span class='ocrx_word' id='word_1_63' title='bbox 468 1892 551 1960; x_wconf 83' lang='lat' dir='ltr'><strong>Zulc</strong></span> <span class='ocrx_word' id='word_1_64' title='bbox 566 1893 599 1958; x_wconf 94' lang='lat' dir='ltr'><strong>in</strong></span> <span class='ocrx_word' id='word_1_65' title='bbox 615 1891 694 1960; x_wconf 82' lang='lat' dir='ltr'><strong>ville</strong></span> <span class='ocrx_word' id='word_1_66' title='bbox 710 1891 877 1978; x_wconf 76' lang='lat' dir='ltr'><strong>Stepbrcud</strong></span> <span class='ocrx_word' id='word_1_67' title='bbox 894 1891 1009 1960; x_wconf 75' lang='lat' dir='ltr'><strong>habite</strong></span> <span class='ocrx_word' id='word_1_68' title='bbox 1024 1891 1225 1960; x_wconf 80' lang='lat' dir='ltr'><strong>Demetrium</strong></span> <span class='ocrx_word' id='word_1_69' title='bbox 1243 1890 1343 1956; x_wconf 85' lang='lat' dir='ltr'><strong>filium</strong></span> <span class='ocrx_word' id='word_1_70' title='bbox 1358 1887 1473 1957; x_wconf 80' lang='lat' dir='ltr'><strong>Bootis</strong></span> 
     </span>
     <span class='ocr_line' id='line_1_10' title="bbox 310 1995 1471 2084; baseline 0.002 -20"><span class='ocrx_word' id='word_1_71' title='bbox 310 1997 375 2066; x_wconf 73' lang='lat' dir='ltr'><strong>uie</strong></span> <span class='ocrx_word' id='word_1_72' title='bbox 390 1997 473 2066; x_wconf 77' lang='lat' dir='ltr'><strong>Intro</strong></span> <span class='ocrx_word' id='word_1_73' title='bbox 504 1997 705 2084; x_wconf 78' lang='lat' dir='ltr'><strong>captiussset</strong></span> <span class='ocrx_word' id='word_1_74' title='bbox 735 1997 794 2066; x_wconf 89' lang='lat' dir='ltr'><strong>sub</strong></span> <span class='ocrx_word' id='word_1_75' title='bbox 827 1997 947 2066; x_wconf 81' lang='lat' dir='ltr'><strong>uexillo</strong></span> <span class='ocrx_word' id='word_1_76' title='bbox 980 1995 1126 2066; x_wconf 87' lang='lat' dir='ltr'><strong>eiusdem</strong></span> <span class='ocrx_word' id='word_1_77' title='bbox 1157 1996 1318 2082; x_wconf 83' lang='lat' dir='ltr'><strong>qucbini,</strong></span> <span class='ocrx_word' id='word_1_78' title='bbox 1348 1997 1471 2066; x_wconf 80' lang='lat' dir='ltr'><strong>ceteris</strong></span> 
     </span>
     <span class='ocr_line' id='line_1_11' title="bbox 330 2104 1470 2192; baseline 0.003 -21"><span class='ocrx_word' id='word_1_79' title='bbox 330 2104 486 2175; x_wconf 79' lang='lat' dir='ltr'><strong>frutribus</strong></span> <span class='ocrx_word' id='word_1_80' title='bbox 517 2107 584 2176; x_wconf 87' lang='lat' dir='ltr'><strong>suis</strong></span> <span class='ocrx_word' id='word_1_81' title='bbox 615 2115 728 2174; x_wconf 84' lang='lat' dir='ltr'><strong>contro</strong></span> <span class='ocrx_word' id='word_1_82' title='bbox 760 2105 921 2173; x_wconf 75' lang='lat' dir='ltr'>Coronam</span> <span class='ocrx_word' id='word_1_83' title='bbox 953 2107 1103 2192; x_wconf 78' lang='lat' dir='ltr'><strong>Regyum</strong></span> <span class='ocrx_word' id='word_1_84' title='bbox 1134 2107 1193 2173; x_wconf 90' lang='lat' dir='ltr'><strong>sub</strong></span> <span class='ocrx_word' id='word_1_85' title='bbox 1210 2105 1322 2174; x_wconf 89' lang='lat' dir='ltr'><strong>eodem</strong></span> <span class='ocrx_word' id='word_1_86' title='bbox 1337 2106 1470 2174; x_wconf 83' lang='lat' dir='ltr'><strong>uexillo</strong></span> 
     </span>
     <span class='ocr_line' id='line_1_12' title="bbox 327 2212 1469 2301; baseline -0.002 -19"><span class='ocrx_word' id='word_1_87' title='bbox 327 2214 541 2284; x_wconf 75' lang='lat' dir='ltr'><strong>existentibus</strong></span> <span class='ocrx_word' id='word_1_88' title='bbox 557 2234 629 2284; x_wconf 88' lang='lat' dir='ltr'><strong>cum</strong></span> <span class='ocrx_word' id='word_1_89' title='bbox 644 2213 778 2284; x_wconf 77' lang='lat' dir='ltr'><strong>Andreo</strong></span> <span class='ocrx_word' id='word_1_90' title='bbox 797 2213 863 2280; x_wconf 85' lang='lat' dir='ltr'><strong>tilio</strong></span> <span class='ocrx_word' id='word_1_91' title='bbox 895 2215 993 2301; x_wconf 77' lang='lat' dir='ltr'><strong>Myse</strong></span> <span class='ocrx_word' id='word_1_92' title='bbox 1008 2214 1050 2282; x_wconf 85' lang='lat' dir='ltr'><strong>de</strong></span> <span class='ocrx_word' id='word_1_93' title='bbox 1081 2213 1216 2298; x_wconf 77' lang='lat' dir='ltr'><strong>Zukuu3</strong></span> <span class='ocrx_word' id='word_1_94' title='bbox 1240 2235 1301 2282; x_wconf 91' lang='lat' dir='ltr'><strong>nos</strong></span> <span class='ocrx_word' id='word_1_95' title='bbox 1331 2212 1469 2300; x_wconf 87' lang='lat' dir='ltr'><strong>predic·</strong></span> 
     </span>
     <span class='ocr_line' id='line_1_13' title="bbox 327 2320 1467 2408; baseline 0 -22"><span class='ocrx_word' id='word_1_96' title='bbox 327 2325 397 2387; x_wconf 92' lang='lat' dir='ltr'><strong>tum</strong></span> <span class='ocrx_word' id='word_1_97' title='bbox 427 2321 627 2392; x_wconf 84' lang='lat' dir='ltr'><strong>Demetrium</strong></span> <span class='ocrx_word' id='word_1_98' title='bbox 658 2323 694 2388; x_wconf 93' lang='lat' dir='ltr'><strong>in</strong></span> <span class='ocrx_word' id='word_1_99' title='bbox 710 2321 900 2390; x_wconf 81' lang='lat' dir='ltr'><strong>infidelitate</strong></span> <span class='ocrx_word' id='word_1_100' title='bbox 925 2329 1055 2408; x_wconf 82' lang='lat' dir='ltr'><strong>ceptum</strong></span> <span class='ocrx_word' id='word_1_101' title='bbox 1073 2320 1216 2390; x_wconf 86' lang='lat' dir='ltr'><strong>interimi</strong></span> <span class='ocrx_word' id='word_1_102' title='bbox 1232 2321 1368 2388; x_wconf 77' lang='lat' dir='ltr'><strong>fecimus</strong></span> <span class='ocrx_word' id='word_1_103' title='bbox 1394 2340 1467 2387; x_wconf 87' lang='lat' dir='ltr'><strong>mc·</strong></span> 
     </span>
     <span class='ocr_line' id='line_1_14' title="bbox 303 2427 1468 2516; baseline 0.002 -22"><span class='ocrx_word' id='word_1_104' title='bbox 303 2433 498 2516; x_wconf 76' lang='lat' dir='ltr'><strong>moretum,</strong></span> <span class='ocrx_word' id='word_1_105' title='bbox 530 2429 725 2516; x_wconf 90' lang='lat' dir='ltr'><strong>recipientes</strong></span> <span class='ocrx_word' id='word_1_106' title='bbox 755 2428 912 2499; x_wconf 82' lang='lat' dir='ltr'><strong>ultionem</strong></span> <span class='ocrx_word' id='word_1_107' title='bbox 942 2428 1134 2515; x_wconf 74' lang='lat' dir='ltr'><strong>abeodem,</strong></span> <span class='ocrx_word' id='word_1_108' title='bbox 1166 2437 1198 2498; x_wconf 92' lang='lat' dir='ltr'><strong>et</strong></span> <span class='ocrx_word' id='word_1_109' title='bbox 1230 2429 1304 2515; x_wconf 76' lang='lat' dir='ltr'><strong>quie</strong></span> <span class='ocrx_word' id='word_1_110' title='bbox 1332 2427 1468 2496; x_wconf 77' lang='lat' dir='ltr'><strong>tratres</strong></span> 
     </span>
     <span class='ocr_line' id='line_1_15' title="bbox 305 2533 1467 2624; baseline 0.003 -24"><span class='ocrx_word' id='word_1_111' title='bbox 305 2571 311 2580; x_wconf 86' lang='lat'><em>·</em></span> <span class='ocrx_word' id='word_1_112' title='bbox 329 2533 473 2604; x_wconf 86' lang='lat' dir='ltr'><strong>eiusdem</strong></span> <span class='ocrx_word' id='word_1_113' title='bbox 506 2535 706 2604; x_wconf 76' lang='lat' dir='ltr'><strong>consimilem</strong></span> <span class='ocrx_word' id='word_1_114' title='bbox 738 2537 965 2606; x_wconf 80' lang='lat' dir='ltr'><strong>infidelitatem</strong></span> <span class='ocrx_word' id='word_1_115' title='bbox 986 2545 1267 2624; x_wconf 82' lang='lat' dir='ltr'><strong>perpetrauercnt,</strong></span> <span class='ocrx_word' id='word_1_116' title='bbox 1283 2537 1467 2622; x_wconf 86' lang='lat' dir='ltr'><strong>possessio·</strong></span> 
     </span>
     <span class='ocr_line' id='line_1_16' title="bbox 330 2643 1466 2732; baseline 0.004 -24"><span class='ocrx_word' id='word_1_117' title='bbox 330 2661 404 2710; x_wconf 90' lang='lat' dir='ltr'><strong>nem</strong></span> <span class='ocrx_word' id='word_1_118' title='bbox 421 2661 530 2712; x_wconf 88' lang='lat' dir='ltr'><strong>eorum</strong></span> <span class='ocrx_word' id='word_1_119' title='bbox 547 2643 581 2711; x_wconf 94' lang='lat' dir='ltr'><strong>in</strong></span> <span class='ocrx_word' id='word_1_120' title='bbox 608 2644 723 2713; x_wconf 83' lang='lat' dir='ltr'><strong>eodem</strong></span> <span class='ocrx_word' id='word_1_121' title='bbox 755 2644 836 2712; x_wconf 82' lang='lat' dir='ltr'><strong>uilla</strong></span> <span class='ocrx_word' id='word_1_122' title='bbox 868 2643 949 2712; x_wconf 74' lang='lat' dir='ltr'><strong>Inlue</strong></span> <span class='ocrx_word' id='word_1_123' title='bbox 981 2647 1172 2714; x_wconf 85' lang='lat' dir='ltr'><strong>existentem</strong></span> <span class='ocrx_word' id='word_1_124' title='bbox 1203 2644 1329 2732; x_wconf 76' lang='lat' dir='ltr'><strong>prestito</strong></span> <span class='ocrx_word' id='word_1_125' title='bbox 1358 2644 1466 2729; x_wconf 82' lang='lat' dir='ltr'><strong>Myke</strong></span> 
     </span>
     <span class='ocr_line' id='line_1_17' title="bbox 306 2751 1464 2841; baseline 0.003 -24"><span class='ocrx_word' id='word_1_126' title='bbox 306 2785 309 2794; x_wconf 28' lang='lat' dir='ltr'>x</span> <span class='ocrx_word' id='word_1_127' title='bbox 330 2751 525 2822; x_wconf 86' lang='lat' dir='ltr'><strong>contulimus</strong></span> <span class='ocrx_word' id='word_1_128' title='bbox 556 2753 799 2840; x_wconf 79' lang='lat' dir='ltr'><strong>possidendam.</strong></span> <span class='ocrx_word' id='word_1_129' title='bbox 826 2753 879 2820; x_wconf 80' lang='lat' dir='ltr'><strong>Au</strong></span> <span class='ocrx_word' id='word_1_130' title='bbox 894 2753 957 2821; x_wconf 91' lang='lat' dir='ltr'><strong>hoc</strong></span> <span class='ocrx_word' id='word_1_131' title='bbox 972 2753 1059 2822; x_wconf 91' lang='lat' dir='ltr'><strong>idem</strong></span> <span class='ocrx_word' id='word_1_132' title='bbox 1075 2753 1176 2841; x_wconf 82' lang='lat' dir='ltr'><strong>Mykc</strong></span> <span class='ocrx_word' id='word_1_133' title='bbox 1191 2752 1401 2841; x_wconf 71' lang='lat' dir='ltr'><strong>personaliter</strong></span> <span class='ocrx_word' id='word_1_134' title='bbox 1416 2755 1464 2821; x_wconf 79' lang='lat' dir='ltr'><strong>ab</strong></span> 
     </span>
     <span class='ocr_line' id='line_1_18' title="bbox 328 2861 1462 2948; baseline -0.002 -20"><span class='ocrx_word' id='word_1_135' title='bbox 328 2883 395 2930; x_wconf 82' lang='lat' dir='ltr'><strong>nus</strong></span> <span class='ocrx_word' id='word_1_136' title='bbox 411 2870 514 2948; x_wconf 86' lang='lat' dir='ltr'><strong>purte,</strong></span> <span class='ocrx_word' id='word_1_137' title='bbox 532 2863 708 2948; x_wconf 79' lang='lat' dir='ltr'><strong>Gregorius</strong></span> <span class='ocrx_word' id='word_1_138' title='bbox 735 2863 849 2930; x_wconf 85' lang='lat' dir='ltr'><strong>Comes</strong></span> <span class='ocrx_word' id='word_1_139' title='bbox 881 2863 966 2930; x_wconf 87' lang='lat' dir='ltr'><strong>iilius</strong></span> <span class='ocrx_word' id='word_1_140' title='bbox 998 2863 1114 2930; x_wconf 75' lang='lat' dir='ltr'><strong>Iberus</strong></span> <span class='ocrx_word' id='word_1_141' title='bbox 1130 2883 1171 2931; x_wconf 85' lang='lat' dir='ltr'><strong>ex</strong></span> <span class='ocrx_word' id='word_1_142' title='bbox 1201 2861 1317 2948; x_wconf 82' lang='lat' dir='ltr'><strong>altere,</strong></span> <span class='ocrx_word' id='word_1_143' title='bbox 1347 2880 1462 2928; x_wconf 83' lang='lat' dir='ltr'><strong>eornm</strong></span> 
     </span>
     <span class='ocr_line' id='line_1_19' title="bbox 305 2966 1458 3056; baseline 0 -21"><span class='ocrx_word' id='word_1_144' title='bbox 305 2969 422 3038; x_wconf 69' lang='lat' dir='ltr'><strong>&#39;nobis</strong></span> <span class='ocrx_word' id='word_1_145' title='bbox 454 2969 620 3038; x_wconf 87' lang='lat' dir='ltr'><strong>constituti</strong></span> <span class='ocrx_word' id='word_1_146' title='bbox 652 2976 683 3036; x_wconf 84' lang='lat' dir='ltr'><strong>et</strong></span> <span class='ocrx_word' id='word_1_147' title='bbox 713 2971 896 3038; x_wconf 82' lang='lat' dir='ltr'><strong>Beronibus</strong></span> <span class='ocrx_word' id='word_1_148' title='bbox 928 2972 1059 3056; x_wconf 88' lang='lat' dir='ltr'><strong>nostris,</strong></span> <span class='ocrx_word' id='word_1_149' title='bbox 1082 2971 1263 3056; x_wconf 88' lang='lat' dir='ltr'><strong>proposuit</strong></span> <span class='ocrx_word' id='word_1_150' title='bbox 1292 2966 1458 3056; x_wconf 85' lang='lat' dir='ltr'><strong>predictus</strong></span> 
     </span>
     <span class='ocr_line' id='line_1_20' title="bbox 327 3075 1460 3164; baseline 0 -22"><span class='ocrx_word' id='word_1_151' title='bbox 327 3075 446 3164; x_wconf 84' lang='lat' dir='ltr'><strong>Myke:</strong></span> <span class='ocrx_word' id='word_1_152' title='bbox 471 3078 644 3164; x_wconf 88' lang='lat' dir='ltr'><strong>quodcum</strong></span> <span class='ocrx_word' id='word_1_153' title='bbox 661 3077 758 3162; x_wconf 88' lang='lat' dir='ltr'><strong>ijdem</strong></span> <span class='ocrx_word' id='word_1_154' title='bbox 775 3077 832 3164; x_wconf 88' lang='lat' dir='ltr'><strong>filij</strong></span> <span class='ocrx_word' id='word_1_155' title='bbox 851 3076 954 3144; x_wconf 89' lang='lat' dir='ltr'><strong>Booth</strong></span> <span class='ocrx_word' id='word_1_156' title='bbox 981 3083 1099 3146; x_wconf 81' lang='lat' dir='ltr'><strong>terrem</strong></span> <span class='ocrx_word' id='word_1_157' title='bbox 1131 3097 1190 3144; x_wconf 90' lang='lat' dir='ltr'><strong>seu</strong></span> <span class='ocrx_word' id='word_1_158' title='bbox 1220 3077 1460 3164; x_wconf 85' lang='lat' dir='ltr'><strong>possessionem</strong></span> 
     </span>
     <span class='ocr_line' id='line_1_21' title="bbox 303 3183 1461 3273; baseline -0.002 -21"><span class='ocrx_word' id='word_1_159' title='bbox 303 3204 435 3253; x_wconf 71' lang='lat' dir='ltr'><strong>eorum</strong></span> <span class='ocrx_word' id='word_1_160' title='bbox 467 3185 647 3273; x_wconf 85' lang='lat' dir='ltr'><strong>predictam</strong></span> <span class='ocrx_word' id='word_1_161' title='bbox 678 3185 879 3271; x_wconf 85' lang='lat' dir='ltr'><strong>possessioni</strong></span> <span class='ocrx_word' id='word_1_162' title='bbox 911 3185 1059 3271; x_wconf 75' lang='lat' dir='ltr'><strong>Gregorij</strong></span> <span class='ocrx_word' id='word_1_163' title='bbox 1092 3185 1229 3252; x_wconf 85' lang='lat' dir='ltr'><strong>Comitis</strong></span> <span class='ocrx_word' id='word_1_164' title='bbox 1246 3183 1404 3252; x_wconf 82' lang='lat' dir='ltr'><strong>iamdicti</strong></span> <span class='ocrx_word' id='word_1_165' title='bbox 1420 3187 1461 3252; x_wconf 93' lang='lat' dir='ltr'><strong>in</strong></span> 
     </span>
     <span class='ocr_line' id='line_1_22' title="bbox 324 3291 1460 3378; baseline -0.001 -16"><span class='ocrx_word' id='word_1_166' title='bbox 324 3295 440 3362; x_wconf 82' lang='lat' dir='ltr'><strong>eadem</strong></span> <span class='ocrx_word' id='word_1_167' title='bbox 457 3295 539 3362; x_wconf 86' lang='lat' dir='ltr'><strong>villu</strong></span> <span class='ocrx_word' id='word_1_168' title='bbox 556 3293 744 3378; x_wconf 83' lang='lat' dir='ltr'><strong>contiguum</strong></span> <span class='ocrx_word' id='word_1_169' title='bbox 761 3299 793 3361; x_wconf 87' lang='lat' dir='ltr'><strong>et</strong></span> <span class='ocrx_word' id='word_1_170' title='bbox 809 3300 1064 3361; x_wconf 83' lang='lat' dir='ltr'><strong>commetanecm</strong></span> <span class='ocrx_word' id='word_1_171' title='bbox 1088 3291 1262 3360; x_wconf 85' lang='lat' dir='ltr'><strong>habuerint</strong></span> <span class='ocrx_word' id='word_1_172' title='bbox 1291 3291 1460 3362; x_wconf 85' lang='lat' dir='ltr'><strong>mediante</strong></span> 
     </span>
     <span class='ocr_line' id='line_1_23' title="bbox 325 3400 1460 3489; baseline 0.002 -21"><span class='ocrx_word' id='word_1_173' title='bbox 325 3403 457 3470; x_wconf 83' lang='lat' dir='ltr'><strong>arbitrio</strong></span> <span class='ocrx_word' id='word_1_174' title='bbox 488 3403 637 3487; x_wconf 78' lang='lat' dir='ltr'><strong>Magistri</strong></span> <span class='ocrx_word' id='word_1_175' title='bbox 669 3403 762 3489; x_wconf 86' lang='lat' dir='ltr'><strong>Moys</strong></span> <span class='ocrx_word' id='word_1_176' title='bbox 786 3401 912 3470; x_wconf 87' lang='lat' dir='ltr'><strong>Jnriicis</strong></span> <span class='ocrx_word' id='word_1_177' title='bbox 929 3403 1024 3470; x_wconf 82' lang='lat' dir='ltr'><strong>Curio</strong></span> <span class='ocrx_word' id='word_1_178' title='bbox 1040 3409 1152 3468; x_wconf 87' lang='lat' dir='ltr'><strong>nostre</strong></span> <span class='ocrx_word' id='word_1_179' title='bbox 1167 3400 1301 3467; x_wconf 88' lang='lat' dir='ltr'><strong>Comitis</strong></span> <span class='ocrx_word' id='word_1_180' title='bbox 1316 3401 1460 3487; x_wconf 82' lang='lat' dir='ltr'><strong>Symigi-</strong></span> 
     </span>
    </p>
   </div>
   <div class='ocr_carea' id='block_1_4' title="bbox 165 3508 1458 3596">
    <p class='ocr_par' dir='ltr' id='par_1_5' title="bbox 165 3508 1458 3596">
     <span class='ocr_line' id='line_1_24' title="bbox 165 3508 1458 3596; baseline 0 -20"><span class='ocrx_word' id='word_1_181' title='bbox 165 3523 177 3546; x_wconf 87' lang='grc'><em>·</em></span> <span class='ocrx_word' id='word_1_182' title='bbox 300 3510 412 3577; x_wconf 74' lang='lat' dir='ltr'><strong>ensis</strong></span> <span class='ocrx_word' id='word_1_183' title='bbox 438 3517 470 3579; x_wconf 90' lang='lat' dir='ltr'><strong>et</strong></span> <span class='ocrx_word' id='word_1_184' title='bbox 493 3511 627 3578; x_wconf 86' lang='lat' dir='ltr'><strong>oliorum</strong></span> <span class='ocrx_word' id='word_1_185' title='bbox 660 3512 824 3578; x_wconf 79' lang='lat' dir='ltr'><strong>Beronum</strong></span> <span class='ocrx_word' id='word_1_186' title='bbox 854 3516 1046 3596; x_wconf 87' lang='lat' dir='ltr'><strong>nostrorum,</strong></span> <span class='ocrx_word' id='word_1_187' title='bbox 1078 3511 1183 3596; x_wconf 84' lang='lat' dir='ltr'><strong>ipsum</strong></span> <span class='ocrx_word' id='word_1_188' title='bbox 1216 3508 1458 3594; x_wconf 85' lang='lat' dir='ltr'><strong>possessionem</strong></span> 
     </span>
    </p>
   </div>
   <div class='ocr_carea' id='block_1_5' title="bbox 315 3615 1459 4352">
    <p class='ocr_par' dir='ltr' id='par_1_6' title="bbox 315 3615 1459 4352">
     <span class='ocr_line' id='line_1_25' title="bbox 322 3615 1459 3704; baseline 0.001 -19"><span class='ocrx_word' id='word_1_189' title='bbox 322 3617 449 3704; x_wconf 83' lang='lat' dir='ltr'><strong>prefato</strong></span> <span class='ocrx_word' id='word_1_190' title='bbox 465 3615 582 3685; x_wconf 81' lang='lat' dir='ltr'><strong>Oorniti</strong></span> <span class='ocrx_word' id='word_1_191' title='bbox 599 3618 755 3703; x_wconf 79' lang='lat' dir='ltr'><strong>Gregorio</strong></span> <span class='ocrx_word' id='word_1_192' title='bbox 771 3638 829 3703; x_wconf 93' lang='lat' dir='ltr'><strong>pro</strong></span> <span class='ocrx_word' id='word_1_193' title='bbox 845 3616 912 3684; x_wconf 87' lang='lat' dir='ltr'><strong>XX</strong></span> <span class='ocrx_word' id='word_1_194' title='bbox 928 3619 1047 3685; x_wconf 79' lang='lat' dir='ltr'><strong>marcis</strong></span> <span class='ocrx_word' id='word_1_195' title='bbox 1064 3617 1161 3702; x_wconf 89' lang='lat' dir='ltr'><strong>plene</strong></span> <span class='ocrx_word' id='word_1_196' title='bbox 1175 3617 1219 3684; x_wconf 86' lang='lat' dir='ltr'><strong>eb</strong></span> <span class='ocrx_word' id='word_1_197' title='bbox 1236 3616 1347 3685; x_wconf 87' lang='lat' dir='ltr'><strong>codem</strong></span> <span class='ocrx_word' id='word_1_198' title='bbox 1363 3637 1459 3686; x_wconf 85' lang='lat' dir='ltr'><strong>recc-</strong></span> 
     </span>
     <span class='ocr_line' id='line_1_26' title="bbox 322 3725 1458 3812; baseline 0.001 -19"><span class='ocrx_word' id='word_1_199' title='bbox 322 3727 385 3812; x_wconf 90' lang='lat' dir='ltr'><strong>ptis</strong></span> <span class='ocrx_word' id='word_1_200' title='bbox 401 3725 601 3795; x_wconf 87' lang='lat' dir='ltr'><strong>uendidisset</strong></span> <span class='ocrx_word' id='word_1_201' title='bbox 618 3731 772 3811; x_wconf 86' lang='lat' dir='ltr'><strong>perpetuo</strong></span> <span class='ocrx_word' id='word_1_202' title='bbox 790 3725 1029 3810; x_wconf 82' lang='lat' dir='ltr'><strong>possidendum.</strong></span> <span class='ocrx_word' id='word_1_203' title='bbox 1047 3727 1113 3794; x_wconf 84' lang='lat' dir='ltr'><strong>Nos</strong></span> <span class='ocrx_word' id='word_1_204' title='bbox 1131 3733 1240 3792; x_wconf 81' lang='lat' dir='ltr'><strong>nutem</strong></span> <span class='ocrx_word' id='word_1_205' title='bbox 1258 3745 1298 3791; x_wconf 86' lang='lat' dir='ltr'><strong>ex</strong></span> <span class='ocrx_word' id='word_1_206' title='bbox 1315 3727 1458 3794; x_wconf 85' lang='lat' dir='ltr'><strong>oonsilio</strong></span> 
     </span>
     <span class='ocr_line' id='line_1_27' title="bbox 320 3833 1456 3902; baseline -0.002 0"><span class='ocrx_word' id='word_1_207' title='bbox 320 3841 354 3902; x_wconf 89' lang='lat' dir='ltr'><strong>et</strong></span> <span class='ocrx_word' id='word_1_208' title='bbox 369 3836 528 3902; x_wconf 88' lang='lat' dir='ltr'><strong>communi</strong></span> <span class='ocrx_word' id='word_1_209' title='bbox 559 3837 725 3901; x_wconf 81' lang='lat' dir='ltr'><strong>uoluntate</strong></span> <span class='ocrx_word' id='word_1_210' title='bbox 756 3833 918 3900; x_wconf 77' lang='lat' dir='ltr'><strong>Beronum</strong></span> <span class='ocrx_word' id='word_1_211' title='bbox 939 3841 1121 3902; x_wconf 89' lang='lat' dir='ltr'><strong>nostrorum</strong></span> <span class='ocrx_word' id='word_1_212' title='bbox 1139 3833 1323 3900; x_wconf 90' lang='lat' dir='ltr'><strong>huiusmodi</strong></span> <span class='ocrx_word' id='word_1_213' title='bbox 1339 3835 1456 3902; x_wconf 88' lang='lat' dir='ltr'><strong>uendi-</strong></span> 
     </span>
     <span class='ocr_line' id='line_1_28' title="bbox 319 3941 1455 4026; baseline 0.001 -17"><span class='ocrx_word' id='word_1_214' title='bbox 319 3941 407 4009; x_wconf 90' lang='lat' dir='ltr'><strong>cioni</strong></span> <span class='ocrx_word' id='word_1_215' title='bbox 439 3949 473 4008; x_wconf 89' lang='lat' dir='ltr'><strong>et</strong></span> <span class='ocrx_word' id='word_1_216' title='bbox 504 3941 664 4026; x_wconf 87' lang='lat' dir='ltr'><strong>empcioni</strong></span> <span class='ocrx_word' id='word_1_217' title='bbox 696 3941 871 4009; x_wconf 87' lang='lat' dir='ltr'><strong>secundum</strong></span> <span class='ocrx_word' id='word_1_218' title='bbox 913 3941 1178 4008; x_wconf 86' lang='lat' dir='ltr'><strong>consuetudinem</strong></span> <span class='ocrx_word' id='word_1_219' title='bbox 1209 3943 1314 4026; x_wconf 76' lang='lat' dir='ltr'><strong>Regni</strong></span> <span class='ocrx_word' id='word_1_220' title='bbox 1349 3946 1455 4010; x_wconf 88' lang='lat' dir='ltr'><strong>nostri</strong></span> 
     </span>
     <span class='ocr_line' id='line_1_29' title="bbox 317 4049 1453 4136; baseline 0.003 -21"><span class='ocrx_word' id='word_1_221' title='bbox 317 4049 455 4134; x_wconf 84' lang='lat' dir='ltr'><strong>Regium</strong></span> <span class='ocrx_word' id='word_1_222' title='bbox 486 4049 530 4116; x_wconf 87' lang='lat' dir='ltr'><strong>ad</strong></span> <span class='ocrx_word' id='word_1_223' title='bbox 547 4049 741 4134; x_wconf 80' lang='lat' dir='ltr'><strong>peticionem</strong></span> <span class='ocrx_word' id='word_1_224' title='bbox 773 4049 917 4136; x_wconf 82' lang='lat' dir='ltr'><strong>parcium</strong></span> <span class='ocrx_word' id='word_1_225' title='bbox 936 4049 1122 4133; x_wconf 88' lang='lat' dir='ltr'><strong>prebuimus</strong></span> <span class='ocrx_word' id='word_1_226' title='bbox 1140 4069 1311 4118; x_wconf 81' lang='lat' dir='ltr'><strong>assensum</strong></span> <span class='ocrx_word' id='word_1_227' title='bbox 1327 4059 1360 4118; x_wconf 87' lang='lat' dir='ltr'><strong>et</strong></span> <span class='ocrx_word' id='word_1_228' title='bbox 1374 4071 1453 4118; x_wconf 91' lang='lat' dir='ltr'><strong>con·</strong></span> 
     </span>
     <span class='ocr_line' id='line_1_30' title="bbox 317 4156 1451 4244; baseline 0 -19"><span class='ocrx_word' id='word_1_229' title='bbox 317 4179 458 4226; x_wconf 87' lang='lat' dir='ltr'><strong>sensum.</strong></span> <span class='ocrx_word' id='word_1_230' title='bbox 476 4159 595 4226; x_wconf 85' lang='lat' dir='ltr'><strong>Datum</strong></span> <span class='ocrx_word' id='word_1_231' title='bbox 611 4160 646 4226; x_wconf 93' lang='lat' dir='ltr'><strong>in</strong></span> <span class='ocrx_word' id='word_1_232' title='bbox 663 4157 787 4225; x_wconf 85' lang='lat' dir='ltr'><strong>Bulbus</strong></span> <span class='ocrx_word' id='word_1_233' title='bbox 805 4159 838 4224; x_wconf 92' lang='lat' dir='ltr'><strong>in</strong></span> <span class='ocrx_word' id='word_1_234' title='bbox 856 4156 1019 4240; x_wconf 80' lang='lat' dir='ltr'><strong>quindena</strong></span> <span class='ocrx_word' id='word_1_235' title='bbox 1051 4157 1235 4244; x_wconf 76' lang='lat' dir='ltr'><strong>Bpiphunie</strong></span> <span class='ocrx_word' id='word_1_236' title='bbox 1266 4178 1353 4226; x_wconf 84' lang='lat' dir='ltr'><strong>anno</strong></span> <span class='ocrx_word' id='word_1_237' title='bbox 1384 4161 1451 4225; x_wconf 91' lang='lat' dir='ltr'><strong>Do-</strong></span> 
     </span>
     <span class='ocr_line' id='line_1_31' title="bbox 315 4265 908 4352; baseline 0 -22"><span class='ocrx_word' id='word_1_238' title='bbox 315 4267 395 4330; x_wconf 91' lang='lat' dir='ltr'><strong>mini</strong></span> <span class='ocrx_word' id='word_1_239' title='bbox 411 4265 530 4332; x_wconf 84' lang='lat' dir='ltr'>M⁰CC⁰</span> <span class='ocrx_word' id='word_1_240' title='bbox 547 4267 787 4352; x_wconf 82' lang='lat' dir='ltr'><strong>septuagesimo</strong></span> <span class='ocrx_word' id='word_1_241' title='bbox 804 4270 908 4332; x_wconf 85' lang='lat' dir='ltr'><strong>sexto.</strong></span> 
     </span>
    </p>
   </div>
   <div class='ocr_carea' id='block_1_6' title="bbox 310 4407 1447 4569">
    <p class='ocr_par' dir='ltr' id='par_1_7' title="bbox 310 4407 1447 4569">
     <span class='ocr_line' id='line_1_32' title="bbox 314 4407 1447 4484; baseline 0.005 -26"><span class='ocrx_word' id='word_1_242' title='bbox 314 4407 401 4472; x_wconf 70' lang='lat' dir='ltr'><strong>(Mtte</strong></span> <span class='ocrx_word' id='word_1_243' title='bbox 420 4411 566 4484; x_wconf 69' lang='lat' dir='ltr'><strong>nedornuk</strong></span> <span class='ocrx_word' id='word_1_244' title='bbox 588 4416 663 4463; x_wconf 73' lang='lat'>1278.</span> <span class='ocrx_word' id='word_1_245' title='bbox 686 4413 732 4462; x_wconf 82' lang='lat' dir='ltr'><strong>»in</strong></span> <span class='ocrx_word' id='word_1_246' title='bbox 751 4413 820 4463; x_wconf 80' lang='lat' dir='ltr'><strong>ville</strong></span> <span class='ocrx_word' id='word_1_247' title='bbox 839 4413 960 4464; x_wconf 76' lang='lat' dir='ltr'><strong>Bitonch</strong></span> <span class='ocrx_word' id='word_1_248' title='bbox 978 4415 1095 4464; x_wconf 82' lang='lat' dir='ltr'><strong>sabbato</strong></span> <span class='ocrx_word' id='word_1_249' title='bbox 1115 4413 1301 4468; x_wconf 80' lang='lat' dir='ltr'><strong>iestiuitotcm</strong></span> <span class='ocrx_word' id='word_1_250' title='bbox 1314 4414 1447 4464; x_wconf 89' lang='lat' dir='ltr'><strong>Omnium</strong></span> 
     </span>
     <span class='ocr_line' id='line_1_33' title="bbox 310 4497 1446 4569; baseline 0.008 -24"><span class='ocrx_word' id='word_1_251' title='bbox 310 4497 481 4549; x_wconf 82' lang='lat' dir='ltr'><strong>Sanctorum</strong></span> <span class='ocrx_word' id='word_1_252' title='bbox 500 4501 627 4563; x_wconf 84' lang='lat' dir='ltr'><strong>proxime</strong></span> <span class='ocrx_word' id='word_1_253' title='bbox 647 4501 828 4568; x_wconf 77' lang='lat' dir='ltr'><strong>precedente«</strong></span> <span class='ocrx_word' id='word_1_254' title='bbox 844 4503 903 4552; x_wconf 84' lang='lat' dir='ltr'><strong>kelt</strong></span> <span class='ocrx_word' id='word_1_255' title='bbox 918 4503 1079 4564; x_wconf 69' lang='lat' dir='ltr'><strong>itirattbol,</strong></span> <span class='ocrx_word' id='word_1_256' title='bbox 1100 4502 1170 4552; x_wconf 85' lang='lat' dir='ltr'><strong>mint</strong></span> <span class='ocrx_word' id='word_1_257' title='bbox 1184 4502 1268 4552; x_wconf 83' lang='lat' dir='ltr'><strong>elsibb</strong></span> <span class='ocrx_word' id='word_1_258' title='bbox 1284 4505 1346 4557; x_wconf 80' lang='lat'><strong>555.</strong></span> <span class='ocrx_word' id='word_1_259' title='bbox 1360 4519 1397 4554; x_wconf 82' lang='lat' dir='ltr'><strong>sz.</strong></span> <span class='ocrx_word' id='word_1_260' title='bbox 1411 4502 1446 4569; x_wconf 81' lang='lat' dir='ltr'><strong>a.)</strong></span> 
     </span>
    </p>
   </div>
   <div class='ocr_carea' id='block_1_7' title="bbox 744 4701 1011 4710">
    <p class='ocr_par' dir='ltr' id='par_1_8' title="bbox 744 4701 1011 4710">
     <span class='ocr_line' id='line_1_34' title="bbox 744 4701 1011 4710; baseline 0.004 -1"><span class='ocrx_word' id='word_1_261' title='bbox 744 4701 1011 4710; x_wconf 64' lang='lat' dir='ltr'><strong>—n———v-n</strong></span> 
     </span>
    </p>
   </div>
   <div class='ocr_carea' id='block_1_8' title="bbox 0 0 1590 5166">
    <p class='ocr_par' dir='ltr' id='par_1_9' title="bbox 0 0 1590 5166">
     <span class='ocr_line' id='line_1_35' title="bbox 0 0 1590 5166; baseline 0 0"><span class='ocrx_word' id='word_1_262' title='bbox 0 0 1590 5166; x_wconf 95' lang='lat' dir='ltr'><strong> </strong></span> 
     </span>
    </p>
   </div>
  </div>
 </body>
</html>
