3170 5166
316 1099 356 1204 ¹A
372 1135 498 1224 epitasi
513 1123 740 1224 aspectabant
755 1128 1036 1222 bieoapadpleoelc,
1067 1090 1150 1224 kopp
1173 1135 1259 1202 Mart
1282 1136 1317 1202 ee
1340 1125 1451 1202 Kanai

321 1243 772 1334 montismorenciaci
796 1243 952 1330 belpatqet
975 1243 1103 1310 eladtdlc
1133 1241 1236 1310 Bada
1265 1244 1451 1311 mermes.

837 1350 935 1417 1300.

313 1555 316 1560 '
428 1547 613 1638 Capitulum
640 1549 785 1619 Ecclesia
802 1545 979 1618 Nitriensis
995 1548 1144 1616 omnibus
1160 1547 1281 1617 Christi
1297 1544 1450 1617 fidelibus

319 1657 521 1743 presentibus
553 1655 674 1744 pariter
691 1665 723 1724 et
754 1657 868 1726 intutis
900 1677 1035 1743 presens
1065 1655 1220 1741 seriptum
1251 1656 1447 1744 inspecturis

320 1763 460 1834 salutem
475 1769 478 1778 ’
492 1765 525 1832 in
542 1763 691 1851 largitore
722 1764 848 1833 salutis.
864 1763 916 1830 Ad
932 1764 1152 1832 uniuersorum
1178 1763 1277 1849 igitur
1291 1763 1448 1832 noticiam

320 1871 434 1940 harum
451 1873 533 1940 serie
549 1873 695 1942 uolumus
712 1872 891 1960 peruenire,
909 1871 993 1955 quod
1009 1873 1126 1940 Comes
1146 1871 1229 1940 biert
1244 1877 1277 1939 et
1292 1869 1449 1940 Nicotaus

319 1999 362 2074 ao
392 1977 560 2050 lohannes
590 1980 647 2066 filij
680 1981 740 2068 sui,
774 1981 852 2048 item
883 1981 996 2048 Comes
1027 1979 1142 2048 Kounh
1171 1977 1272 2046 irater
1301 1977 1449 2047 eiusdem

320 2084 413 2175 liert,
429 2095 462 2154 et
477 2087 599 2154 Paulus
614 2087 697 2156 tilius
712 2108 788 2155 suus
804 2089 846 2154 ab
861 2109 926 2154 rna
942 2094 1056 2172 parte;
1080 2095 1112 2155 et
1130 2086 1285 2171 Magister
1300 2083 1396 2156 nuda
1409 2107 1450 2154 ex

320 2191 435 2280 altera,
466 2195 594 2264 nobiles
610 2192 761 2262 videlieet
772 2193 970 2279 jobagiones
990 2191 1096 2262 Castri
1114 2193 1324 2262 Posoniensis
1339 2213 1450 2284 corarn

321 2297 415 2368 nobis
432 2301 646 2386 personaliter
662 2302 837 2388 constituti,
855 2301 975 2388 prelati
1002 2301 1142 2368 Comites
1172 2299 1256 2369 Meri
1271 2305 1304 2368 et
1335 2301 1450 2368 Konch

316 2407 361 2472 'ao
375 2403 432 2492 filij
465 2427 574 2475 eorum
607 2411 764 2478 antedicti
779 2409 943 2495 quandam
960 2409 1199 2496 possessionem
1216 2429 1309 2477 suam
1324 2406 1449 2476 heredi·

319 2512 453 2580 tariem'
468 2513 605 2603 Magyar
636 2517 780 2586 Zerench
811 2523 959 2586 vocatam
992 2519 1026 2584 in
1058 2517 1219 2586 Comitatn
1254 2517 1448 2586 Posoniensi
1570 2537 1571 2550 ¹

320 2605 524 2712 existentem,
547 2625 625 2716 alijs
656 2628 915 2714 possessionibus
945 2625 1013 2694 suis
1036 2625 1071 2693 in
1088 2625 1205 2694 minori
1223 2625 1367 2694 Posonio
1383 2625 1448 2696 exi·

318 2727 479 2799 stantibus
509 2751 567 2818 pro
599 2755 637 2803 se
667 2733 854 2819 reseruatis,
885 2733 1014 2820 prelato
1044 2733 1201 2819 Magistro
1219 2731 1325 2823 Buda,
1340 2741 1376 2802 et
1391 2755 1448 2822 per

321 2857 393 2902 eum
410 2839 479 2906 suia
504 2841 675 2910 heredibus
706 2841 923 2926 heredumque
953 2859 1084 2908 suorum
1116 2843 1356 2911 successoribus
1389 2863 1448 2930 pro

319 2935 436 3030 tiginti
469 2947 610 3034 quinque
640 2950 759 3018 marcis
791 2948 997 3016 denariorum
1037 2950 1175 3016 latorum
1205 2941 1448 3018 Viennensium

318 3051 519 3124 dixeroutse
535 3057 720 3127 uendidisse
736 3065 768 3126 et
798 3057 939 3143 dedisse,
956 3076 995 3125 ac
1025 3055 1254 3144 vendiderunt,
1286 3055 1450 3127 dederuut

317 3165 350 3226 et
364 3157 568 3232 donancrunt
599 3185 705 3234 coram
737 3163 831 3234 nobis
871 3186 944 3236 cum
976 3164 1098 3234 eisdem
1129 3163 1389 3250 circumstancijs
1418 3173 1451 3233 et

318 3256 516 3340 utilitatibus
532 3271 701 3362 uniuersis,
717 3272 870 3341 uidelicet
895 3271 1105 3358 sessionibus,
1136 3269 1229 3339 terris
1253 3271 1450 3360 arabilibus,

317 3378 431 3465 pratis,
460 3379 563 3469 agris,
594 3381 710 3469 syluis,
741 3381 871 3467 pascuis
903 3388 935 3448 et
950 3379 1144 3464 nemoribus,
1168 3400 1208 3448 ac
1225 3378 1302 3465 alijs
1318 3381 1451 3464 quibus

318 3503 455 3576 cunque,
469 3487 759 3575 quomodocunque
775 3495 975 3568 censeantur,
992 3487 1076 3557 sicut
1090 3507 1147 3576 per
1164 3485 1294 3555 eosdem
1312 3493 1346 3556 et
1372 3508 1449 3559 suos

318 3581 399 3660 anos
429 3615 487 3663 seu
518 3599 741 3686 progenitores
782 3597 896 3665 eadem
937 3595 1102 3684 possessio
1133 3595 1271 3682 Magyar
1301 3595 1450 3666 Zerenoh

319 3701 428 3770 extitit
458 3723 623 3792 possessa,
654 3707 723 3774 inre
754 3715 911 3792 perpetuo
956 3704 1091 3792 pacifice
1122 3723 1162 3770 ae
1191 3703 1452 3773 irreuocabiliter

318 3807 560 3900 possidendam,
584 3814 758 3883 tenendam
790 3813 911 3900 pariter
927 3820 959 3879 et
979 3811 1162 3882 habendam
1177 3834 1186 3894 ς
1204 3813 1450 3881 renunciantes·

317 3937 381 4002 que
396 3917 497 4005 ijdem
514 3919 655 3992 Comites
670 3923 753 3991 Meri
785 3932 817 3991 et
847 3923 962 3990 Koncb
995 3942 1035 3988 ac
1065 3921 1123 4007 lilij
1155 3922 1298 4006 ipsorum
1329 3920 1451 4006 prefati

317 4027 406 4093 omni
437 4025 498 4094 iuri
530 4037 562 4098 et
578 4033 665 4120 omni
693 4031 879 4120 propietati,
895 4030 980 4116 quod
991 4029 1050 4098 'vel
1066 4050 1163 4114 quam
1179 4029 1214 4095 in
1230 4027 1305 4116 ipsa
1320 4048 1450 4116 posses·

318 4131 411 4202 sione
426 4135 564 4225 blagyar
579 4139 723 4208 Zerench
738 4146 855 4208 vocate
871 4138 1088 4207 noscebantur
1103 4136 1250 4223 optinere
1266 4141 1300 4204 et
1315 4135 1451 4224 hahere,

319 4247 469 4311 ettotam
495 4245 553 4330 jns
582 4267 623 4314 ac
654 4249 840 4316 uniuersum
871 4245 1048 4313 dominium
1076 4245 1164 4312 dicte
1180 4241 1401 4329 possessionis
1417 4247 1450 4308 ct

315 4347 497 4420 utilitatum
515 4352 657 4434 eiusdem
675 4356 709 4422 in
726 4355 831 4442 ipsum
862 4355 1057 4441 Magistrum
1088 4350 1184 4419 Buda
1214 4351 1449 4419 transferentes

319 4461 352 4522 et
367 4455 476 4525 eidem
506 4459 674 4551 donantes,
705 4464 851 4548 nihilque
868 4463 931 4530 sibi
943 4463 1028 4549 juris
1059 4460 1112 4528 uel
1132 4455 1358 4546 perpetuitatis
1375 4455 1449 4527 reti·

323 4567 429 4640 nendo
453 4571 505 4642 uel
537 4572 797 4642 reseruando'iu
830 4571 954 4640 cedem.
986 4571 1105 4642 Datum
1137 4572 1253 4658 quarto
1285 4563 1448 4641 kalendo
