3170 5166
794 229 956 346 ..hit-

312 433 575 510 oonli'rmauimus
591 460 665 508 oum
676 437 803 528 'fauore
817 441 1012 510 auotoritate
1020 425 1438 526 presentissoripti-duppli·

310 550 360 618 eis
374 549 475 634 sigilli
488 548 591 618 nostri
606 547 783 616 munimine
797 552 988 620 roborantes
1006 545 1241 634 inperpetuum
1251 543 1438 612 valiturum.

312 657 354 724 El
370 659 449 742 qnia
465 679 507 726 ex
521 657 644 726 'eisdem
660 659 757 726 terris
770 677 830 728 seu
853 655 1112 746 possessionibus
1135 653 1278 741 quedam
1304 650 1351 720 ad
1379 651 1439 718 ool-

310 764 472 834 laoionem
487 765 635 854 Regiam,
666 764 807 850 quedam
822 785 898 834 uero
914 762 958 834 ad
971 765 1047 832 iura
1070 761 1249 848 Reginalia
1278 759 1440 848 pertinere

311 871 533 960 dinoscuntur,
559 875 838 960 pemutaoiouem
863 893 922 942 seu
938 879 1140 940 contractum
1156 867 1342 938 huiusmodi
1358 867 1440 934 inter

309 985 420 1067 partes
434 979 549 1046 fauore
565 977 716 1046 beniuolo
731 979 803 1046 fieri
819 979 1034 1066 permisimus,
1066 984 1099 1046 et
1113 975 1236 1046 eisdem
1262 973 1308 1042 ad
1332 973 1368 1040 id
1398 982 1439 1042 οἰ

311 1107 470 1158 eonseusu
485 1087 691 1156 Prolatorum
706 1091 739 1157 sl
754 1088 896 1155 omnium
912 1089 1075 1156 Beronum
1090 1093 1274 1157 nostrorum
1284 1082 1438 1152 aoNohi·

309 1195 388 1265 lium
404 1195 510 1281 Regni
525 1195 629 1265 nostri
644 1213 836 1270 eonsensum
853 1195 1037 1282 prebuimus
1054 1216 1112 1283 per
1127 1194 1237 1262 omnia
1248 1191 1416 1262 liberalem
1429 1213 1436 1275 3

309 1304 528 1388 relinquentes
544 1303 676 1372 easdem
691 1309 796 1372 terras
811 1303 948 1388 Regales
965 1312 998 1371 et
1012 1303 1190 1387 Reginales
1221 1301 1286 1387 ipsi
1318 1300 1437 1368 comiti

308 1409 389 1496 Ahe,
405 1419 438 1480 et
454 1432 512 1498 per
527 1433 599 1482 eum
616 1413 683 1481 suis
699 1411 873 1480 heredibus
888 1411 1106 1498 heredumque
1120 1429 1251 1481 suorum
1267 1427 1434 1478 suceesso-

309 1521 397 1588 rihus
414 1519 485 1588 iure
508 1528 666 1608 perpetuo
692 1527 725 1588 et
755 1519 1018 1588 iureuooabiliter
1049 1517 1277 1606 possidendas.
1318 1517 1437 1584 Datum

308 1647 369 1715 per
384 1646 498 1694 manus
515 1627 643 1694 disereti
674 1625 736 1693 viri
760 1625 911 1710 Magistri
942 1626 1101 1712 Stephani
1131 1623 1373 1710 Arobidyaooni
1398 1623 1437 1690 de

308 1738 394 1804 Alba
408 1735 484 1802 Jule
500 1736 575 1803 aule
590 1742 699 1804 nostre
716 1734 992 1821 Vionanoellarij
1009 1734 1119 1802 dileoti
1136 1740 1170 1801 et
1185 1730 1291 1802 fidelis
1317 1733 1436 1814 nostri;

308 1863 393 1910 anuo
410 1843 539 1911 Domini
554 1843 727 1912 millesimo
744 1843 977 1926 trecentesimo,
1008 1843 1119 1928 quinto
1145 1841 1311 1912 kalendas
1341 1839 1436 1908 Ooto·

307 1951 387 2038 bris,
403 1951 507 2034 Regni
523 1957 633 2019 autem
657 1951 758 2019 nostri
772 1971 859 2018 anuo
875 1949 1052 2020 vndeoimo.

308 2147 450 2214 (Eredetie
481 2145 668 2213 bdrhdrtydn,
700 2149 832 2214 melynek
861 2150 1045 2200 berna-vinds
1064 2147 1304 2216 selyemzaindron
1323 2150 1438 2217 ffiggdtt
1565 2119 1566 2130 ἵ

433 2239 555 2306 pensetje
575 2239 709 2320 elveszetl
719 2255 730 2310 p
751 2255 769 2290 a
788 2240 874 2292 budsi
892 2240 945 2292 kir.
964 2241 1093 2291 hamarai
1111 2241 1311 2320 leveltdrben.)

734 2519 997 2538 m

768 2963 769 2967 ’
835 2950 911 3025 blo.

304 3155 372 3224 ΙΙΙ.
388 3155 502 3224 Eudre
516 3157 700 3243 hirdlpaolo
714 3147 868 3223 Domoels
884 3155 1038 3242 helyae'pel
1062 3159 1226 3244 tdrgpoao
1250 3159 1436 3248 adomosgo

289 3271 291 3279 ’
487 3266 579 3331 Peter
593 3273 705 3331 mester
719 3265 839 3350 sattely
855 3267 954 3351 tepea
968 3267 1128 3332 azdmdro.
1151 3263 1255 3332 1230.
1413 3295 1416 3304 ’

409 3457 559 3528 Andreas
574 3459 637 3528 Dei
648 3459 949 3546 graoialiuugorio,
965 3459 1148 3550 Dalmaoie,
1159 3461 1306 3546 Oroeoio,
1317 3467 1434 3555 Rome,

306 3569 430 3658 Seruis,
446 3567 597 3652 Gallieie,
612 3567 812 3657 Lodomerie,
834 3567 991 3638 Oumanie
1004 3569 1226 3656 Bulgarieque
1242 3571 1314 3640 Rex
1329 3576 1433 3644 omui·

306 3679 367 3746 bus
383 3677 503 3744 Christi
519 3673 667 3744 fidelibus
682 3682 863 3762 presentem
879 3677 1036 3763 peginam
1067 3679 1260 3766 inspeelnris
1291 3681 1436 3752 mlutem

305 3784 338 3852 in
353 3785 492 3850 Domino
507 3785 750 3870 sempiternam.
766 3785 867 3868 Regis
883 3785 1096 3854 sublimitatis
1112 3786 1305 3874 inmensilss
1320 3810 1436 3859 omnes

302 3911 368 3978 eos,
398 3891 454 3978 qui
483 3889 547 3958 sibi
578 3891 770 3978 impendunt
798 3893 911 3961 fideles
933 3891 1120 3982 famulatus,
1138 3894 1237 3964 dehet
1250 3899 1437 3990 attendere,

304 4001 409 4088 eleis,
426 4001 561 4084 quinon
587 4005 715 4068 tautum
748 3999 798 4069 sui
829 4001 951 4085 oruoris
983 4001 1151 4093 effusione,
1182 4023 1297 4074 uorum
1328 4007 1437 4078 eciem

301 4113 404 4176 morte
434 4108 597 4194 corporali
614 4110 754 4178 Domino
770 4130 829 4178 suo
845 4109 987 4178 naturali
1012 4110 1147 4196 obsequi
1165 4131 1231 4180 uon
1247 4112 1438 4184 formidant.

302 4214 443 4284 Proinde
472 4215 517 4284 ad
547 4215 771 4286 uniuersorum
803 4218 960 4286 nolioiam
990 4217 1104 4307 harum
1134 4219 1221 4288 serie
1250 4221 1438 4294 litterarum

302 4323 452 4391 uolumus
483 4327 666 4412 peruenire,
697 4325 784 4411 quod
825 4325 984 4410 Magister
1022 4327 1139 4396 Petrus
1180 4326 1268 4396 lilius
1299 4329 1439 4401 Comitis

300 4431 459 4516 Stephani
475 4432 590 4500 Comes
606 4434 799 4521 Syoulorum
816 4442 998 4503 nostrorum
1015 4433 1056 4502 do
1072 4455 1192 4520 genere
1206 4437 1276 4504 Bes
1292 4437 1437 4508 dileolus

302 4543 335 4610 et
350 4537 457 4607 fidelis
474 4546 584 4608 noster
599 4541 642 4610 ad
658 4549 801 4614 nostram
817 4543 977 4614 aeoedeus
992 4541 1209 4632 personaliter
1224 4545 1436 4622 Preseuoiam
