3170 5166
840 280 1001 389 Q

354 477 395 550 dc
411 497 476 548 rnc
492 495 578 563 aqua
591 477 694 550 Baast
709 489 847 564 vocata3
868 482 935 549 irct
948 481 992 550 ad
1016 477 1229 566 tcnchctarlo,
1258 499 1323 566 qno
1355 496 1481 568 separa
1574 563 1575 584 χ

354 591 405 656 rct
419 607 441 654 a
456 586 552 654 terris
566 587 781 656 emtrcnsinm
797 589 899 658 Pcten
915 587 1052 672 voeatis,
1081 596 1114 658 ct
1128 588 1190 656 iret
1205 588 1251 657 ad
1267 587 1426 656 orientem
1441 586 1481 655 ad

357 693 584 778 Sebeenremc,
599 715 662 780 qne
678 701 780 764 toturn
797 697 940 784 pertinet
954 696 998 765 ad
1016 696 1145 765 eosdem
1161 696 1320 766 Jacobnm
1332 695 1483 764 silaciis·

357 805 459 891 lanm,
490 806 523 870 ct
539 808 672 890 separat
687 823 709 871 a
724 802 817 872 terris
833 804 1050 873 castrensium
1064 806 1168 872 Petcn
1184 803 1329 888 vocatis3
1353 811 1389 872 ct
1411 801 1483 872 inde

354 912 418 980 iret
433 910 477 982 ad
493 919 610 980 terram
625 912 744 982 Jovian
760 911 818 999 filij
835 912 943 983 Kenez
960 913 1004 980 ad
1019 913 1124 999 Fynes
1139 911 1182 980 ad
1199 918 1327 1002 partem
1339 911 1485 981 meridic-

355 1018 485 1106 nalem3
510 1027 543 1089 et
558 1019 633 1088 indo
649 1019 711 1088 iret
726 1041 826 1108 snpra
840 1020 946 1088 Iliram
961 1021 1007 1089 ad
1022 1019 1178 1108 Lndascr,
1194 1019 1482 1108 cniuctcrciapars

355 1127 495 1216 partinet
509 1127 553 1194 ad
568 1127 659 1214 ipsos
673 1127 832 1196 Jacobnm
850 1135 883 1196 et
898 1127 1102 1212 Ladislanm,
1133 1127 1196 1196 dne
1210 1147 1289 1196 sero
1305 1135 1420 1212 partes
1442 1129 1483 1196 ad
1574 1141 1575 1174 t

357 1234 505 1322 populos
521 1233 563 1302 de
579 1235 664 1322 ilisa,
680 1240 713 1302 et
730 1235 775 1302 ibi
790 1236 1018 1304 terminaretur
1033 1237 1094 1302 stb.
1128 1235 1249 1302 Datum
1264 1233 1427 1320 vigesimo
1443 1235 1492 1323 dic
1574 1243 1575 1270 ¹

366 1341 644 1430 congregacionis
660 1350 769 1411 nostre
785 1341 930 1432 predicte
945 1341 979 1410 in
995 1341 1067 1410 loco
1077 1348 1254 1412 memorato
1265 1361 1353 1410 anno
1366 1341 1492 1434 Domini

364 1449 538 1522 millesimo
554 1450 871 1538 quadringentesimo
887 1449 1045 1537 vigesimo
1061 1448 1177 1538 primo.

572 1647 712 1712 (Ercdetie
731 1663 748 1700 a
765 1645 849 1699 bucini
868 1647 921 1698 kir.
940 1645 1069 1698 kamarai
1088 1642 1288 1714 lereltirbcn.)

795 1933 1053 1954 ffl—q——Qf—

896 2575 971 2645 524.

368 2787 399 2846 A
416 2776 570 2864 pozaonyi
585 2777 812 2864 kdptolcnook
828 2763 1104 2866 bisocyacz'qleoele,
1134 2780 1219 2864 hoyy
1234 2778 1361 2844 Josooci
1391 2772 1502 2844 Jakat

369 2905 469 2952 comes
485 2887 517 2950 c'a
532 2887 657 2952 tcctcerc
673 2886 765 2952 Peter
781 2908 878 2953 comes
895 2885 1131 2972 Cicokeafoico
1144 2885 1358 2952 birtoirckock
1381 2885 1502 2972 sciere·

412 2998 472 3058 aac't
487 2991 672 3080 dtcnqedtcic
687 2993 987 3060 ccokaiccccr'ikceic
1006 2990 1097 3074 loon,
1122 2992 1327 3078 Filcficioolc
1352 2993 1456 3057 1300.

473 3188 540 3255 Nos
570 3185 686 3256 Oomcs
715 3187 874 3256 Nicotaus
905 3187 947 3256 do
977 3185 1081 3257 Zcech
1113 3187 1221 3256 Jndex
1236 3185 1332 3256 Gnrie
1348 3185 1496 3255 screnis

369 3295 444 3364 simi
461 3293 625 3382 Principis
642 3294 766 3384 domini
781 3293 938 3366 bononici
964 3297 1025 3364 Dei
1055 3295 1170 3380 gracia
1199 3296 1298 3379 Regia
1330 3291 1504 3380 Hungaric

368 3401 617 3486 Comitetnsque
648 3403 690 3471 dc
719 3403 851 3472 Turuch
882 3412 998 3472 tenens
1029 3405 1182 3470 honorem
1212 3405 1276 3470 stb.
1310 3401 1398 3487 qnod
1428 3422 1505 3468 enm

366 3509 582 3578 Sercnissima
597 3508 799 3597 Principiam
819 3509 954 3578 domina
969 3509 1149 3598 Etyraboth
1174 3509 1303 3596 Regina
1336 3507 1505 3592 Hnngarie

368 3616 527 3686 'rhomam
558 3615 658 3682 fitium
689 3617 780 3685 Iwan
811 3616 852 3684 de
869 3613 1116 3685 (ibenkeziolna
1147 3617 1189 3682 ob
1220 3613 1506 3682 contradictoriam

367 3722 602 3790 inhibicionem
619 3723 807 3791 statnoionis
833 3724 1001 3792 cniusdam
1032 3721 1192 3812 particule
1221 3729 1306 3789 terre
1336 3719 1506 3789 Chaones·

368 3835 459 3904 auria
489 3839 605 3902 vocate
635 3831 779 3916 legitime
795 3833 999 3901 enocaoionis
1014 3831 1145 3900 modum
1162 3829 1369 3900 obseruando
1387 3837 1507 3898 centn

367 3963 404 4010 sc
421 3941 465 4012 ad
481 3947 615 4009 octonas
632 3939 707 4006 festi
724 3941 819 4008 Beati
835 3939 966 4008 Martini
992 3939 1187 4008 contessoris
1217 3939 1282 4006 stb.
1299 3939 1334 4004 in
1363 3939 1508 4022 Regiam

368 4047 575 4119 Presenciam
606 4047 639 4112 in
671 4067 803 4115 cansam
835 4049 1025 4116 attraxisset
1055 4047 1118 4114 stb.
1145 4046 1303 4130 Magister
1319 4043 1510 4112 Demetrius

368 4163 580 4226 concarnator
595 4153 696 4240 sigilli
713 4155 859 4222 ancianis
878 4154 955 4223 dicti
973 4154 1096 4222 domini
1113 4154 1214 4222 nostri
1231 4151 1509 4239 cognocimus

367 4264 475 4332 Jcccx
491 4262 642 4332 Ciuitatis
658 4261 868 4331 Posoniensis
895 4283 953 4349 pro
970 4261 1084 4330 eadem
1101 4259 1233 4330 domina
1248 4265 1361 4327 nostra
1376 4259 1513 4344 Regina

368 4371 430 4439 ath.
447 4369 605 4454 quasdam
622 4369 748 4438 litteras
775 4369 917 4457 Capituli
948 4371 1098 4438 Ecclesie
1129 4367 1340 4436 Poscniensis
1373 4367 1512 4435 domino

367 4483 477 4544 nostro
508 4479 590 4564 Regi
621 4477 889 4571 reacripcioncics
905 4481 967 4546 stb.
984 4477 1077 4546 nobis
1104 4475 1315 4564 presentant,
1332 4478 1368 4544 in
1385 4477 1515 4560 qnibns

368 4581 540 4654 manifesto
556 4585 788 4675 reperiebatur,
804 4587 889 4672 qnod
905 4587 1070 4676 prodictus
1103 4589 1212 4658 noster
1243 4585 1316 4660 Rex
1346 4583 1517 4680 prenomi-
