3112 5154
649 807 722 876 161.

113 1010 135 1072 1
139 1005 175 1072 V.
194 1007 311 1072 Lusus
324 1007 437 1091 ttrutp
453 1008 636 1092 maperileiti
652 1005 698 1071 II.
715 1005 828 1070 Ecdre
843 1007 874 1073 ee
891 1003 913 1070 I
919 1003 953 1072 V.
969 1005 1052 1070 Be‘la
1076 1002 1245 1088 kirdlyok-

223 1117 289 1181 nula
303 1115 522 1200 odornduyuit
539 1138 560 1178 o
576 1111 708 1200 zdpmibi
725 1119 845 1200 epyllia
859 1118 1016 1180 szdmcirc.
1042 1113 1136 1178 1277.

236 1312 396 1376 (Tkalesics,
415 1312 539 1364 Monam.
559 1312 623 1364 hist.
643 1313 734 1376 Episo.
755 1311 873 1378 Eagrab.
894 1311 916 1360 t.
935 1311 994 1361 ket.
1018 1313 1075 1360 183.
1096 1310 1126 1376 l.)

117 2330 179 2396 IV.
198 2330 316 2396 Lento
332 2331 510 2416 birdlyualr
532 2329 617 2412 thr,
631 2331 886 2418 mapoaozakadt
903 2333 1036 2418 aciprdbi
1050 2334 1249 2418 odrjobbdpy

107 2440 229 2524 jacuit
243 2439 395 2523 tdrpyuzd
411 2438 599 2524 adomduyu
620 2437 744 2504 limate
757 2439 892 2524 adprdbc'
905 2439 1029 2524 pilapo'k
1039 2441 1101 2505 eru
1112 2441 1249 2524 adprdbi

477 2547 774 2631 epybdaaza'mdru.
787 2535 896 2612 1277.

227 2739 405 2806 Ladizlaus
414 2739 475 2807 Dei
486 2741 598 2824 gracia
607 2739 761 2826 Vngarie,
780 2739 959 2826 Dalmacie,
977 2739 1122 2827 Oroa'cie,
1138 2743 1249 2829 Rama,

119 2849 243 2935 Semie,
260 2847 412 2934 Gallicis,
429 2846 630 2936 Lodomerie,
653 2847 820 2934 Cumanis,
847 2849 1066 2932 Bulgarieque
1082 2851 1153 2914 Rex
1186 2871 1250 2916 om·

118 2957 215 3024 uibus
232 2954 352 3022 Christi
363 2955 514 3023 fidelibus
530 2961 712 3041 presentem
729 2956 884 3042 paginam
900 2955 1096 3040 inspecturis
1113 2956 1250 3024 salutem

119 3065 152 3130 in
169 3063 312 3131 omnium
329 3064 504 3131 salvatore.
522 3063 574 3130 Ad
602 3064 822 3130 universorum
853 3063 1007 3131 noticiam
1038 3071 1149 3132 tenore
1179 3085 1250 3150 pre·

4 3257 5 3262 ἵ
119 3171 268 3238 sennium
299 3171 447 3237 uolumus
480 3169 660 3260 pervenire,
693 3169 780 3254 quod
812 3192 885 3238 cum
916 3177 1032 3238 terram
1066 3171 1157 3258 Wlk,
1190 3171 1250 3238 filii

121 3279 324 3366 Dubrolycb,
345 3277 529 3360 iobagionis
560 3277 666 3346 Oestri
699 3277 929 3362 Zagrabiensis
960 3279 1149 3346 decedentis
1181 3280 1251 3346 sine

4 3391 5 3398 ’
119 3386 241 3471 liberis,
270 3385 457 3468 contiguam
472 3391 507 3451 et
521 3387 755 3452 conterminam
773 3386 867 3452 terris
884 3385 1032 3454 Ecclesia
1049 3386 1249 3471 Zagrabien-

120 3494 169 3560 sis
183 3494 224 3560 de
240 3493 361 3560 Sancto
379 3493 485 3577 Petro,
503 3491 612 3560 (laem
629 3495 764 3577 vocatis,
781 3494 822 3560 ob
839 3495 954 3560 merita
970 3503 1001 3560 ct
1017 3493 1125 3560 tidelia
1151 3494 1251 3562 servi-

123 3601 384 3668 ciaueuerabilis
400 3599 503 3686 patris
519 3600 693 3686 Tymothei
708 3601 864 3686 Episcopi
880 3601 1121 3686 Zagrabiensis,
1139 3601 1253 3670 dilecti

123 3714 158 3774 et
172 3707 278 3774 tidelis
295 3708 408 3795 nostri,
424 3707 555 3776 domino
572 3709 651 3776 Bele
668 3729 729 3774 avo
760 3715 870 3776 nostro
886 3714 917 3774 et
949 3709 1115 3796 Stephano
1148 3706 1252 3776 karis-

122 3815 206 3882 simo
222 3817 308 3902 patri
322 3822 434 3883 nostro
450 3815 595 3900 Regibus
620 3816 754 3899 inclitis,
769 3817 911 3884 felicium
930 3815 1203 3902 recordacianum,
1222 3822 1252 3882 et

124 3921 219 3989 nobis
237 3921 400 3992 indefesse
431 3922 570 4009 inpensa
586 3943 626 3988 ac
657 3925 717 3989 toti
749 3923 870 4009 Regno,
903 3931 998 4007 prout
1030 3925 1102 3992 luce
1133 3925 1253 3991 clarius

4 4057 6 4110 ς
121 4035 249 4097 wnstat
279 4029 449 4112 sinicensis,
481 4027 675 4116 dederimus,
706 4029 938 4098 donaverimus
971 4040 1004 4097 et
1019 4032 1252 4099 contulerimus

120 4157 195 4204 cunr
211 4139 363 4206 omnibus
378 4137 575 4206 utilitatibus
591 4140 670 4226 suis,
688 4139 792 4206 vineis
808 4139 941 4226 scilicet,
969 4140 1073 4224 silvis,
1096 4137 1252 4205 molendi-

121 4247 187 4333 nis,
203 4245 335 4335 senetis,
352 4249 445 4316 terris
462 4247 653 4333 arabilibus,
671 4249 870 4318 acaliissuis
887 4249 1094 4336 pertinenciis
1110 4255 1143 4313 et
1157 4265 1254 4334 apon-

118 4353 216 4422 diciis
233 4355 338 4422 eidem
360 4357 522 4443 Episcopo
540 4363 573 4422 et
589 4353 738 4441 Capitale
755 4358 898 4426 Ecclesia
929 4355 1162 4442 Zagrabiensis
1180 4378 1187 4439 ;
1223 4362 1254 4424 et

4 4539 5 4550 2
120 4462 166 4529 ad
185 4463 464 4551 reambulaudam,
497 4465 705 4533 statuendam
722 4485 761 4532 ac
779 4467 881 4534 eciam
903 4464 1134 4551 assignandam
1149 4463 1256 4549 ipsam

230 4599 337 4640 nonum.
354 4601 438 4640 nune.
455 4601 526 4640 urar.
548 4609 585 4624 -
603 4602 676 4640 uren.
694 4601 761 4640 xxrr.
1105 4574 1148 4642 13
