3124 5152
766 335 925 436 Q..

279 541 312 604 et
327 536 362 602 in
376 535 457 602 loeis
472 531 729 602 molendinorum
746 529 853 600 wine
870 532 983 600 vacuis
1003 533 1155 617 equalem
1174 538 1286 618 partes
1311 535 1416 601 habe·

281 644 361 710 bunt
390 641 583 726 porcionem.
615 641 698 708 Item
731 641 894 726 possessio
925 641 1086 724 Zahorah,
1112 646 1145 707 et
1160 641 1227 708 alia
1247 643 1415 728 possessio

280 750 389 817 Batka
403 749 543 836 nomine,
560 769 631 816 eum
648 747 743 816 terris
760 747 879 814 ibidem
897 747 1077 833 acquisitis,
1095 755 1129 816 et
1159 749 1308 818 omuibus
1339 769 1413 836 per-

281 857 433 944 tinencijs
459 855 537 944 suis,
554 861 722 924 cesserunt
737 855 895 940 Magisteo
911 856 1049 940 iitrnch3
1073 863 1106 923 et
1122 875 1182 942 pro
1198 854 1270 924 istis
1286 855 1417 925 duabus

280 963 539 1050 possessionibus
570 962 727 1047 Magister
758 961 914 1032 Nicotaus
948 962 1049 1030 habet
1082 971 1201 1030 terram
1240 964 1415 1034 Beholnuk

281 1069 433 1138 similiter
459 1089 530 1136 cnm
556 1067 767 1154 pertinenciJs
793 1070 872 1136 suis.
898 1070 982 1136 Item
1002 1067 1159 1138 medietas
1175 1071 1296 1138 montis
1311 1079 1344 1137 et
1359 1091 1416 1139 ca-

280 1179 339 1248 stri
356 1175 459 1246 Osdiu
475 1176 593 1264 sumti,
609 1182 641 1241 et
656 1174 791 1262 palacij‚
818 1175 1004 1264 incipiendo
1023 1197 1044 1242 a
1074 1195 1175 1264 muro,
1208 1198 1272 1261 quo
1304 1179 1413 1266 ipsum

280 1285 445 1373 palacium
477 1291 527 1354 est
558 1283 699 1352 diuisum
716 1289 845 1366 aparte
875 1285 972 1370 silue,
989 1283 1086 1352 cessit
1101 1283 1255 1369 Magistro
1273 1286 1416 1369 Etrueh3

281 1394 349 1462 alia
364 1413 443 1462 vero
459 1393 616 1461 medietas
633 1391 762 1477 montis,
788 1391 888 1458 castri
905 1397 938 1458 et
953 1391 1076 1480 palacij
1092 1394 1135 1459 ab
1155 1393 1277 1462 oriente
1307 1413 1415 1461 rema-

279 1509 336 1568 net
366 1500 527 1583 Magistro
557 1499 700 1566 Nicolau.
733 1500 815 1565 Item
848 1519 924 1586 pars
942 1505 1078 1584 utraque
1103 1500 1300 1585 jobagiones
1324 1522 1414 1588 snos,

279 1627 360 1692 qnos
376 1609 571 1694 habuerunt,
589 1608 630 1674 de
646 1607 751 1694 terris,
766 1625 848 1691 quas
873 1607 964 1692 prius
993 1607 1171 1694 hebebant,
1203 1615 1293 1675 trans
1323 1609 1416 1676 ferre

282 1716 385 1783 libere
402 1713 446 1781 ad
461 1721 582 1784 terram
599 1715 651 1782 vel
667 1719 772 1780 terras
787 1719 933 1800 possunt,
950 1735 1013 1798 qne
1037 1715 1070 1780 in
1087 1715 1233 1800 presenti
1248 1714 1415 1783 diuisione

279 1824 342 1892 sibi
369 1830 444 1892 eunt
473 1843 533 1910 pro
565 1841 625 1891 sua
655 1820 808 1908 porcione
839 1821 1025 1906 assignate3
1050 1828 1081 1888 et
1112 1821 1139 1888 si
1169 1843 1233 1906 que
1267 1823 1413 1910 parcium

274 1930 473 2015 jobagiones
489 1929 626 1998 alterius
640 1928 744 2016 partis
761 1928 931 2018 detineret,
946 1930 997 1996 vel
1013 1929 1055 1996 de
1073 1929 1155 1996 viiia
1171 1930 1241 1996 eius
1257 1931 1412 1999 receden-

279 2043 330 2104 tes
344 2036 389 2103 ad
405 2057 497 2104 snam
513 2036 626 2104 viltam
643 2055 834 2122 quocunqne
853 2037 949 2105 modo
980 2037 1155 2122 reciperet;
1179 2057 1238 2122 pro
1267 2037 1408 2122 singulis

277 2143 498 2212 mansionibus
525 2143 736 2228 jobngionum
756 2143 827 2210 siue
845 2143 985 2210 detentis
1002 2143 1073 2212 sine
1089 2142 1227 2229 receptis
1243 2143 1276 2209 in
1291 2145 1409 2212 villam

278 2271 380 2336 suam,
397 2249 509 2319 decem
534 2269 662 2318 marcas
685 2253 815 2318 soluere
847 2257 1006 2319 tencatur.
1037 2253 1192 2318 Preterea
1222 2251 1410 2336 obligarunt

277 2357 380 2426 eciam
410 2377 446 2424 se
460 2365 569 2444 partes
599 2377 710 2425 coram
741 2358 845 2436 nobis,
862 2359 949 2442 quod
965 2360 993 2428 si
1009 2377 1073 2443 que
1091 2379 1202 2428 earum
1219 2366 1406 2444 presentem

278 2464 471 2532 diuisionem
487 2471 688 2554 retractaret,
702 2467 789 2550 parti
807 2467 945 2535 aduersc
963 2467 1068 2552 ipsam
1089 2465 1280 2535 diuisionem
1298 2471 1408 2536 obser-

276 2573 367 2640 nauti
397 2580 545 2642 teneatur
561 2574 686 2642 soluere
706 2579 833 2640 centum
850 2595 988 2644 mareas.
1004 2577 1125 2643 Datum
1141 2577 1175 2644 in
1191 2581 1309 2644 octaua
1325 2579 1406 2644 Bea-

277 2687 382 2748 torum
408 2679 497 2748 Petri
513 2687 545 2748 et
561 2681 652 2748 Pauli
669 2683 900 2767 Apostolorum
917 2703 1002 2752 anno
1017 2681 1148 2750 Domini
1165 2683 1336 2752 millesimo
1351 2685 1407 2752 du·

276 2788 451 2857 centesimo
461 2789 701 2874 septuagesimo
719 2808 814 2856 nouo.

277 2987 544 3048 (Mssolataamelt.
570 2985 639 3038 bert
666 2988 772 3053 vocaey
791 2987 939 3040 esalsdnnk
963 2988 1166 3054 cakoz-upum·
1191 2988 1407 3055 levelttriban.)

800 3811 877 3878 226.

269 4005 320 4071 Aa
336 4009 405 4094 epri
420 4007 644 4094 kdptolanaak
668 4009 941 4096 biaooysdplecele,
956 4011 1039 4096 impp
1055 4033 1095 4076 aa
1111 4011 1224 4076 Atadi
1239 4011 1401 4078 cealddbs·

269 4115 331 4180 liet
345 4115 507 4202 Sctcuptc
515 4117 626 4203 stildct
642 4117 773 4184 etadcot
789 4115 1012 4199 Albreehtuck,
1029 4119 1127 4184 Peter
1136 4119 1265 4202 fidncia
1300 4121 1400 4188 1279.

374 4311 441 4380 Nos
472 4313 629 4381 Nicotaus
660 4313 702 4380 de
734 4313 825 4381 Gara
855 4311 960 4398 Regni
985 4313 1159 4399 Hungarie
1172 4315 1348 4386 Palatinus
1364 4325 1397 4386 et

266 4419 374 4487 Judex
390 4421 604 4489 Cumanorum
620 4421 735 4489 damus
751 4437 812 4507 pro
828 4421 993 4507 memoria,
1014 4421 1102 4507 quod
1128 4441 1200 4490 eum
1232 4423 1398 4494 Sebastia-

267 4547 326 4594 nus
344 4527 442 4596 tiliuis
458 4530 600 4597 Lorandi
617 4531 659 4597 de
669 4530 766 4600 Abad
782 4529 974 4596 Ladiclaum
991 4529 1198 4617 Wayuodam
1213 4533 1397 4602 Trausssua·

267 4633 423 4723 niensem,
437 4637 643 4728 Dyouisium‚
669 4639 844 4706 Nicolaum
861 4645 894 4705 ct
924 4638 1116 4707 Michaelem
1148 4639 1234 4707 filios
1267 4641 1395 4724 Deuca,
