3112 5154
845 337 1004 436 jao-

341 535 416 598 vtue
430 528 604 614 firmitatis,
636 547 697 597 nec
712 547 771 616 per
783 530 968 616 quempiam
985 531 1088 615 possit
1103 549 1161 599 ser
1176 533 1286 600 valeat
1303 534 1338 602 in
1364 535 1499 602 irritum

357 638 541 722 retractari,
573 641 741 723 presentes
757 637 977 706 concessimus
993 636 1122 704 litteras
1139 637 1236 723 sigilli
1252 639 1356 706 nostri
1388 643 1497 708 muni-

358 747 444 810 rnine
475 745 698 812 communitas.
738 745 860 812 Datum
891 766 976 812 anuo
1014 745 1148 812 Domini
1187 747 1237 836 ile
1268 745 1496 836 ducentesimo

259 863 262 870 '
356 849 450 916 LXX
457 849 530 918 ⁰VII
538 862 556 918 ⁰.
579 851 771 918 Venerabili
787 851 858 919 viro
873 846 1042 920 Dominico
1058 852 1187 921 Abbatc
1203 854 1373 939 existente,
1403 855 1496 924 (iera

356 957 503 1042 Decauo,
520 955 615 1025 Petro
626 957 777 1045 Custode,
796 961 979 1043 ceterisque
995 957 1149 1026 fratribus
1167 960 1495 1030 salubriterexisten·

358 1065 453 1133 tibus.

356 1261 410 1321 (Au
430 1262 535 1312 eredeti
554 1263 623 1312 utem
641 1263 744 1312 Romer
763 1263 864 1324 Floria,
883 1263 971 1327 cycri
991 1264 1154 1314 tdrtenelmi
1172 1263 1201 1314 cs
1221 1264 1491 1330 regeszetiilizetelr

798 1353 835 1402 11.
855 1353 913 1402 ket.
934 1356 993 1403 305.
1013 1353 1041 1416 l.)

344 2361 384 2429 .A
401 2365 510 2431 eobori
524 2363 718 2430 looueotoelc
732 2364 1010 2452 eizoayocplevete,
1026 2365 1109 2451 hopy
1125 2367 1257 2432 Martem
1273 2364 1398 2431 Geram
1409 2367 1490 2432 mel·
1550 2433 1551 2438 ,

349 2474 424 2538 letti
438 2482 523 2539 secut
538 2470 688 2540 caecato·
704 2477 788 2562 aput
804 2472 909 2560 Fletep
925 2473 1109 2559 ameryeme‘
1126 2473 1215 2540 eraclo
1238 2475 1317 2540 allen
1349 2473 1489 2538 tilleke-
1550 2537 1551 2544 ,

351 2593 426 2666 eott,
441 2583 476 2648 ti
490 2605 511 2647 α
527 2582 655 2647 taterole
671 2583 865 2648 leieosuuta'eo
881 2586 962 2646 saeco
977 2605 1015 2646 uz
1030 2582 1238 2668 epdtadynak
1254 2579 1324 2647 cett
1334 2581 1488 2648 birtolea't

763 2688 942 2775 etfopleltc.
966 2688 1064 2754 1277.

459 2885 528 2952 Nos
553 2881 739 2950 Conuentus
763 2881 951 2968 Monarterij
984 2883 1077 2950 Beati
1109 2882 1233 2969 Ypoliti
1264 2882 1406 2950 martiris
1441 2881 1486 2949 de
1549 2903 1550 2909 ¹

342 2992 455 3062 'Zobnr
472 2988 586 3058 damus
602 3009 661 3076 pro
676 2989 842 3073 memoria,
857 2989 943 3076 qnod
960 2989 1010 3056 vir
1025 2987 1201 3076 religiosus
1234 2989 1384 3057 dominus
1415 2989 1486 3056 ira-

348 3105 397 3166 ter
412 3097 572 3166 Martinus
602 3096 714 3164 Abbas
745 3097 933 3181 Monasterij
966 3096 1080 3165 Sancti
1108 3095 1280 3166 Benedicti
1311 3096 1353 3164 de
1385 3097 1485 3162 iuxta

349 3206 437 3275 Gron
453 3205 487 3272 in
504 3225 564 3274 sna
580 3210 613 3273 et
628 3205 679 3272 sui
695 3201 881 3273 Conuentus
897 3203 1045 3290 personis
1063 3203 1106 3270 ad
1122 3211 1266 3272 nostram
1298 3204 1485 3290 personali-

347 3320 398 3381 ter
413 3309 575 3382 uenieudc
601 3309 813 3397 presenciam,
845 3311 941 3377 uobis
972 3329 1030 3397 per
1061 3309 1193 3378 modum
1225 3307 1483 3396 protestacionis

346 3421 532 3504 significare
547 3418 685 3504 curauit,
711 3417 797 3496 quod
827 3415 1127 3484 Reuerendissimns
1158 3417 1192 3482 iu
1224 3416 1353 3484 Christo
1381 3423 1485 3502 pater

331 3525 498 3594 --dominns
514 3525 687 3610 Philippus
702 3521 973 3610 Archiepiscopus
984 3523 1131 3592 Ecclesia
1139 3521 1383 3608 strigoniensis,
1400 3533 1485 3608 post

340 3653 506 3702 recessum
522 3635 665 3718 ipsorum
682 3631 892 3698 'tartarorum
909 3629 950 3698 de
964 3632 1077 3716 Regno
1108 3631 1285 3717 Hnugarie,
1316 3630 1483 3716 plurimas

343 3741 571 3827 possessiones
598 3747 631 3806 et
660 3737 941 3824 possessionarias
974 3739 1143 3826 porciones
1174 3739 1320 3824 ipsorum
1351 3737 1483 3806 domini

338 3847 484 3916 Abbatis
500 3843 652 3912 uidelicet
668 3853 700 3912 et
714 3843 901 3913 conuentus
917 3845 969 3913 sui
986 3852 1018 3912 et
1032 3865 1091 3932 per
1106 3863 1308 3930 consequens
1335 3843 1483 3929 predicti

338 3955 532 4042 ¹Monasterij
549 3955 692 4041 ipsorum
708 3953 933 4038 potencialiter
948 3960 1152 4040 occupasset,
1184 3951 1359 4038 dequibus
1376 3971 1483 4036 quas-

344 4064 421 4132 dam
435 4063 640 4148 restituisset,
656 4057 813 4146 quasdam
840 4080 927 4146 uero,
960 4059 1112 4128 videlicet
1141 4058 1253 4129 decem
1284 4061 1483 4128 mansiones

333 4181 514 4244 ,nanterum
532 4171 565 4238 iu
582 4169 748 4254 superiore
764 4176 857 4254 parte
872 4169 1090 4255 possessionis
1106 4167 1242 4236 Kakath
1258 4173 1381 4252 vocate,
1399 4187 1480 4234 cum

345 4281 440 4351 terris
454 4280 551 4348 trium
567 4284 749 4346 aratrorum
777 4296 929 4345 mensure
945 4276 1077 4362 regalis,
1108 4275 1150 4342 ad
1174 4275 1306 4344 easdem
1330 4275 1480 4342 manete

349 4410 410 4459 nes
425 4387 661 4473 pertinentibus
678 4385 711 4450 in
728 4383 955 4470 strigoniensi,
971 4385 1048 4453 item
1065 4385 1304 4470 possessionem
1324 4381 1479 4450 Odward

347 4518 420 4565 cnm
436 4503 523 4562 terra
537 4493 758 4579 qnadraginta
773 4498 954 4560 aratrorum
985 4491 1135 4560 similiter
1156 4489 1277 4576 regalis
1306 4509 1478 4573 mensure,

327 4621 383 4669 ‚ac
398 4603 531 4688 propria
546 4619 655 4670 eornm
672 4600 772 4684 curia,
788 4599 907 4668 ibidem
924 4601 1095 4685 existente,
1111 4599 1145 4665 in
1162 4595 1384 4682 cameriensi;
1410 4617 1480 4666 nee
