3096 5160
81 501 205 592 Symois
236 503 279 570 ab
310 503 423 585 altera,
439 520 537 588 super
567 501 770 586 hereditarijs
811 501 1068 586 possessionibus
1099 519 1206 572 eorum

81 618 204 697 questio
235 612 359 680 diucius
390 608 506 678 fuisset
537 607 755 697 (ventillata);
787 610 918 677 tandem
951 610 1049 695 ijrlem
1081 611 1205 679 nobiles

82 743 186 788 coram
198 721 269 806 ipso
281 718 409 788 domino
426 717 581 786 Ladislao
597 719 686 803 Rege
702 717 916 804 personaliter
932 718 1106 805 constituti,
1124 719 1207 787 iuter

82 849 115 896 se
143 827 333 896 huiusmodi
364 825 558 894 diuisionem
590 826 710 892 laetam
741 826 843 893 fuisse
874 826 1085 911 retulissent;
1121 828 1207 911 quod

82 937 300 1020 possessiones
331 936 451 1021 hazon,
483 933 592 1022 Luch,
619 935 738 1020 Halap,
756 935 865 1002 Baeha
884 939 915 1000 et
930 934 1087 1019 Meggeuo
1105 936 1207 1002 nomi·

82 1049 162 1130 nate,
180 1063 254 1109 com
273 1043 422 1111 omnihus
441 1041 634 1110 utilitatibus
661 1041 775 1110 suiset
805 1042 1014 1128 pertineneijs
1045 1043 1206 1110 uniuersis

80 1151 254 1218 cessissent
284 1151 318 1216 in
336 1153 520 1236 porcionem
536 1150 670 1220 Comitis
687 1149 838 1236 Symouis
856 1155 887 1216 et
902 1149 1037 1218 fratrum
1054 1170 1204 1233 snorum;

81 1259 392 1342 possessionesvero
409 1257 510 1344 Zada,
536 1257 691 1346 Znyeren,
722 1257 824 1344 Zelry,
856 1258 998 1344 Myhaly‚
1032 1263 1065 1325 et
1095 1259 1207 1344 porcio

84 1387 138 1448 que
172 1367 336 1452 predictos
361 1366 486 1434 nobiles
511 1366 596 1432 intra
613 1367 691 1452 lsyp
707 1405 751 1416 -
768 1401 811 1414 -
832 1401 866 1414 —
890 1366 1058 1450 extitisset,
1092 1367 1203 1435 cessis·

81 1483 147 1542 sent
169 1478 200 1542 in
217 1475 385 1560 porciones
401 1475 550 1560 Magistri
566 1473 747 1541 Alexandri
762 1482 794 1542 et
810 1475 946 1544 fratrum
979 1494 1107 1542 suorum
1141 1477 1201 1542 stb.
1297 1497 1302 1508 ¹

81 1585 198 1650 Datum
214 1583 307 1650 Bude
323 1583 527 1668 sexagesimo
544 1583 598 1649 die
612 1589 801 1650 octonarum
818 1581 893 1650 festi
919 1583 1011 1650 Beati
1036 1580 1203 1649 Michaelis

83 1689 281 1778 Archangeli
298 1709 384 1758 anuo
400 1689 539 1758 Domino
564 1690 733 1757 millesimo
758 1689 1079 1774 quadringentesimo
1106 1709 1201 1756 nono.

908 1789 914 1832 r

294 1885 435 1951 (Erodetie
449 1905 465 1940 a
481 1887 567 1943 brudei
580 1889 633 1938 kir.
648 1889 775 1940 hamarai
797 1887 992 1954 leveltrirban.)

508 2174 774 2189 m

606 2603 679 2671 ata.

87 2803 132 2866 Aa
160 2805 229 2889 cyr-i
255 2803 485 2890 kdptolumrale
517 2803 790 2888 bizoayacipleoele,
823 2804 906 2890 boqy
932 2803 1055 2868 Heuru'lo
1086 2815 1207 2884 mester,

86 2911 219 2996 Hertoiq
234 2912 472 2998 oojdrtrrolefla,
489 2911 643 2995 Nodosd,
676 2912 807 2996 urdake‘p
823 2911 911 2975 Zolro
926 2911 1082 2995 helysepet
1098 2910 1205 2974 eludia

262 3019 367 3103 Foapc'
385 3018 502 3084 Mittor
517 3041 616 3084 eomes
627 3018 766 3100 fioiuulc.
792 3019 894 3082 1286.
922 3017 1022 3080 horat.

184 3215 343 3282 Omnibus
363 3211 481 3282 Christi
501 3213 650 3281 fidelibus
667 3219 734 3280 tom
749 3213 955 3299 presentibus
971 3231 1067 3297 quam
1085 3211 1201 3281 suturis

84 3342 210 3404 presens
225 3324 380 3410 scriptum
408 3325 604 3410 inspecturis
637 3323 822 3407 Capitulum
855 3322 1002 3388 Beelesie
1032 3321 1203 3405 Agriensis

83 3431 210 3496 salutern
243 3434 277 3498 in
309 3432 452 3498 omnium
493 3432 672 3499 saluatore.
704 3430 756 3496 Ad
786 3430 1008 3496 uniuersorum
1050 3429 1205 3496 noticiam

85 3543 189 3604 tenore
204 3537 405 3625 presencium
424 3541 574 3606 volumus
590 3541 764 3624 peruenire
782 3561 790 3602 ε
808 3535 901 3614 erod
934 3535 1089 3621 Magistro
1121 3537 1204 3604 Hen-

88 3644 150 3710 rieo
179 3647 244 3714 filio
275 3647 443 3730 Herthueg
459 3647 638 3732 Woyurode
654 3647 697 3714 ab
715 3666 781 3713 vna
796 3651 899 3730 porte,
916 3646 1075 3729 Magistro
1094 3643 1204 3710 Blasio

88 3755 116 3815 ct
130 3751 273 3820 Johanne
289 3752 366 3836 filijs
382 3750 516 3821 Comitis
549 3751 676 3820 Nicolai
693 3753 735 3820 de
767 3755 860 3838 Fouy
892 3771 932 3818 ex
964 3751 1065 3818 alteru
1097 3771 1205 3818 eoram

90 3858 174 3924 nobis
213 3861 424 3946 personaliter
463 3860 670 3946 constitutis,
709 3860 795 3927 idem
841 3858 994 3926 Herrieus
1035 3855 1201 3941 quondam

89 3967 316 4046 possessionem
331 3989 422 4036 soom
439 3968 575 4036 Nadasd
593 3977 624 4033 ot
640 3969 705 4034 alio
721 3968 848 4033 nornine
868 3965 962 4032 Zaha
985 3973 1135 4034 vocatam
1168 3966 1201 4032 in

88 4071 237 4142 comitatu
253 4076 338 4143 Noui
355 4075 463 4143 Oastri
480 4077 682 4160 existentem,
700 4095 741 4142 ex
757 4073 937 4141 collacione
951 4092 1008 4139 sen
1024 4072 1204 4141 donacioue

89 4177 195 4248 domini
212 4183 358 4252 Ladizlai
374 4183 535 4268 qnondam
554 4183 830 4269 RegisHungarie
846 4180 950 4249 felicis
968 4181 1205 4248 recordacionis

90 4289 238 4357 mediante
269 4291 440 4378 priuilegio
456 4293 599 4360 eiusdem
617 4291 717 4375 Regis
732 4290 886 4376 habitam,
906 4289 1028 4358 eisdem
1046 4289 1154 4355 Blasio
1173 4291 1204 4353 et

90 4393 216 4464 lehunui
243 4399 407 4483 Magistris
424 4421 482 4486 pro
502 4400 710 4486 septuaginta
741 4399 859 4465 marcis
890 4433 934 4444 -
950 4435 993 4446 -
1010 4431 1054 4444 -
1085 4395 1201 4464 solutis

89 4505 123 4573 ah
151 4505 268 4572 eisdem
286 4512 320 4573 et
335 4507 483 4592 receptis,
513 4527 584 4574 curu
611 4508 769 4574 uniuersis
785 4506 981 4572 utilitatibus
998 4503 1151 4584 eiusdem,
1170 4509 1203 4568 et

88 4625 148 4677 cum
163 4613 273 4680 eodem
291 4615 464 4700 priuilegio
481 4635 538 4683 seu
555 4615 766 4682 instrumento
786 4633 848 4698 quo
865 4649 908 4660 -
926 4651 969 4666 -—
982 4647 1025 4662 ·-
1036 4611 1204 4696 Herthueg
