3148 5164
700 955 776 1027 493,

174 1157 245 1225 ΙΙΙ.
280 1159 392 1224 Endre
417 1159 527 1242 kirdly
550 1182 571 1222 o
603 1157 731 1222 Bono-i
761 1158 888 1222 carcat
904 1158 1160 1248 ttotjottepprtr
1186 1162 1322 1227 nameci''

554 1285 681 1351 ranqra
696 1265 794 1330 emeli.
821 1265 922 1329 1298.

280 1458 429 1526 Andreas
445 1457 507 1525 Dei
523 1457 636 1542 gracia
650 1457 827 1544 Huugarie,
851 1457 1031 1544 Dalmaoie,
1057 1459 1204 1546 Groacie,
1238 1463 1318 1528 Ra·-

171 1585 236 1651 me,
253 1565 377 1650 Seruie,
394 1563 543 1652 Gallicie,
563 1563 763 1647 Lodomerie,
789 1551 954 1650 Oumauid,
986 1567 1208 1652 Balgarieque
1233 1569 1309 1635 ilexv

170 1673 322 1740 omuibus
351 1670 473 1738 Christi
502 1667 654 1736 fidelibus
670 1674 738 1735 tam
756 1670 959 1754 presentibus
974 1691 1072 1757 quam
1089 1673 1213 1740 futuris
1229 1691 1305 1758 pre·

169 1798 246 1846 sous
262 1777 417 1863 scriptum
434 1775 632 1861 inspecturis
648 1776 790 1844 salutem
808 1773 841 1842 in
858 1795 896 1844 eo
924 1776 981 1860 qui
1012 1785 1062 1846 est
1091 1798 1170 1846 uera
1201 1781 1301 1846 salus.

172 1879 341 1951 Gelaitudo
357 1883 461 1966 Regia
477 1887 510 1947 et
524 1880 712 1967 benignitas
727 1880 859 1966 Regalis
875 1881 938 1949 sibi
955 1883 1120 1952 subiectos
1152 1885 1196 1952 ad
1227 1905 1312 1969 gra·

170 1990 252 2057 dum
263 1988 420 2058 extollere
435 1987 602 2076 alciorem,
628 1988 685 2072 qui
719 1987 783 2056 sibi
814 1986 951 2056 fideliter
981 1990 1182 2076 seruieruut3
1210 1999 1305 2059 tanto

171 2114 313 2180 namque
329 2094 517 2161 ouideuoius
533 2093 697 2161 Serenitas
712 2094 816 2178 Regia
831 2095 943 2177 Regno
956 2097 1113 2183 prospicit
1123 2105 1155 2165 et
1166 2097 1316 2184 Corone,

171 2209 292 2288 quanto
308 2200 504 2286 diligencius
520 2202 562 2268 ob
587 2199 733 2269 fauorem
764 2199 812 2267 roi
845 2201 973 2287 publice
1003 2209 1101 2292 auget
1131 2223 1303 2272 numerum

170 2309 374 2378 bellatorum.
397 2308 598 2392 HocRegali
613 2307 833 2376 moderamine
849 2309 1029 2394 cogitantes
1060 2311 1104 2378 ad
1134 2312 1304 2378 uniuerso·

170 2437 242 2484 rum
258 2423 326 2484 tam
341 2416 545 2500 presencium
563 2435 659 2499 quam
675 2413 855 2482 futurorum
881 2418 1037 2485 noticiam
1067 2417 1186 2486 barum
1216 2417 1304 2485 serie

169 2522 321 2590 volumus
336 2520 516 2606 peruenire,
533 2518 620 2605 quod
646 2521 888 2588 considerantes
920 2521 1112 2592 fidelissima
1142 2523 1306 2606 obsequia

171 2635 205 2697 et
220 2625 527 2712 obsequiosissimae
551 2625 736 2713 fidelitates,
768 2645 831 2710 que
861 2628 955 2694 nobis
986 2634 1020 2694 et
1047 2630 1161 2713 Regno
1191 2637 1318 2696 nostro--

170 2735 361 2820 Radiulaus,
377 2733 502 2800 Iuabur
517 2741 550 2800 et
564 2731 685 2817 Boycb‚
702 2731 762 2816 filij
780 2731 939 2818 Radirlai,
965 2734 1094 2804 nobiles
1110 2735 1311 2818 iobagiones

170 2843 334 2927 quondam
351 2839 459 2937 (taetri
474 2840 577 2907 nostri
593 2839 636 2906 de
651 2839 755 2925 Baua,
787 2845 823 2905 ut
836 2839 978 2907 fideliter
994 2841 1042 2908 sio
1073 2839 1238 2909 seruenter
1266 2841 1304 2908 in

170 2947 314 3016 diuersis
329 2945 595 3034 expediciouibus
610 2946 716 3030 Regni
732 2945 835 3013 nostri
851 2944 1090 3030 inpenderunt3
1116 2945 1311 3032 spetialiter
1328 3009 1329 3012 ,

173 3056 260 3124 illud
276 3055 481 3124 attendentes
497 3073 538 3121 ex
554 3051 664 3122 auimo
679 3059 712 3121 et
726 3059 902 3139 pensantes
918 3071 960 3119 ex
983 3053 1204 3139 penetralibus
1235 3073 1317 3121 cor--

167 3162 223 3230 dis
237 3163 350 3250 nostri,
367 3161 454 3248 quod
470 3161 616 3247 prelatus
649 3159 837 3242 Redimens,
870 3159 1023 3227 derelicto
1054 3167 1088 3228 et
1117 3161 1213 3247 quasi
1243 3181 1310 3247 pro

168 3269 292 3337 nichilo
307 3268 418 3336 habito
434 3269 506 3336 solo
520 3266 654 3354 proprio
670 3273 703 3334 et
717 3266 851 3352 propria
867 3265 978 3354 patria
994 3265 1107 3352 procul
1126 3267 1245 3354 posita,
1260 3267 1315 3335 ob-¹

170 3375 319 3444 fauorem
333 3381 478 3442 nostrum
494 3383 526 3442 et
540 3373 732 3442 fidelitatem
747 3373 842 3440 uobis
857 3370 1111 3461 inpendendam,
1137 3393 1204 3441 rna
1229 3393 1303 3440 oum

168 3483 330 3566 Magistro
346 3481 512 3548 Demetrio
528 3479 654 3548 (lomite
678 3478 870 3548 Posouiensi
902 3485 934 3546 et
964 3478 1006 3545 dc
1036 3478 1152 3546 Zolum
1183 3477 1315 3546 dilecto-

170 3587 259 3656 iideli
275 3592 308 3657 et
322 3585 477 3654 familiari
492 3592 603 3653 nostro
621 3584 664 3652 ad
688 3584 878 3653 mandatum
906 3591 1051 3653 nostrum
1083 3584 1229 3671 speciale
1257 3585 1302 3652 ad

169 3695 415 3786 inpendentium
429 3683 625 3763 adiutorium
643 3713 701 3761 seu
717 3693 875 3761 auxilium
891 3693 1069 3763 karissimo
1085 3694 1173 3782 patri
1188 3699 1310 3761 nostro-

168 3805 305 3872 Alborto
321 3801 383 3870 Dei
400 3801 513 3886 gracia
529 3820 615 3867 nuuc
630 3801 712 3886 Regi
722 3803 940 3869 Romanorum
952 3809 986 3867 et
997 3801 1132 3886 Semper
1141 3801 1314 3886 Augusto,

168 3919 247 3982 tuuc
262 3909 345 3978 Duci
361 3909 497 3995 Austrie,
513 3907 547 3973 iu
564 3915 676 3995 partes
692 3914 823 3976 exteras
840 3915 873 3975 et
888 3913 1041 3991 remotas,
1057 3906 1209 3976 uidelicet
1219 3907 1305 3975 citra
1326 3961 1334 3980 ,

170 4026 203 4088 et
217 4020 305 4086 ultra
320 4017 457 4101 Renum,
481 4035 543 4082 uon
561 4014 726 4101 parcendo
743 4009 882 4101 persone
897 4034 967 4100 sue,
1000 4033 1107 4100 neque
1126 4015 1234 4101 robus,
1265 4033 1302 4082 se

169 4125 309 4212 excepit,
340 4122 396 4190 obi
411 4122 496 4190 iuter
512 4119 594 4190 alios
609 4121 721 4188 fideles
737 4127 866 4189 nostros
897 4120 1022 4188 ibidem
1054 4139 1114 4206 por
1144 4121 1301 4187 Nostram

168 4232 373 4301 Maiestatem
390 4229 579 4316 destinatos,
609 4235 646 4296 ut
669 4235 741 4316 tyro
772 4227 866 4296 tortis
889 4228 1060 4314 dimicans,
1091 4226 1126 4294 in
1159 4227 1301 4295 exercitu

170 4339 313 4428 Odolpbi
328 4337 494 4423 quondam
508 4335 609 4420 Regis
625 4335 808 4419 Alamauie,
838 4354 992 4404 unacum
1022 4334 1088 4402 illis
1106 4321 1200 4419 ¹qum
1232 4333 1301 4401 suis

136 4495 138 4500 ,
170 4445 344 4534 stipendijs
360 4450 393 4512 et
408 4443 590 4530 sumptibus
606 4441 798 4530 adduxerat,
813 4448 955 4525 stragem
973 4441 1049 4510 iecit
1064 4461 1129 4508 uon
1140 4438 1313 4508 modicam.

169 4553 326 4624 memoria
342 4550 566 4632 recolendam3
590 4569 630 4616 ex
655 4569 719 4634 quo
748 4547 878 4634 quidem
909 4549 1053 4618 exercitu
1084 4547 1242 4636 Odolpbi}
1257 4545 1308 4613 ad.
