3148 5146
777 285 938 388 ...Q

296 485 478 576 episeopis;
501 485 563 553 Job
595 475 947 570 Quinqueeoolesienri,
979 479 1133 566 Philippo
1159 479 1328 550 Waoiensi
1353 481 1430 550 auls

296 595 426 664 domine
441 594 564 677 Regino
579 589 793 672 Oanoellario,
810 589 990 678 Tymotheo
1006 587 1232 675 Zagrabiensi,
1264 589 1427 673 Dyonisio

295 701 472 789 Janrieusi,
503 703 600 769 Petro
629 698 859 784 'lhansiluano²
889 697 1023 765 Andrea
1047 697 1199 783 Agriensi
1215 706 1248 767 et
1266 699 1430 784 Gregorio

296 807 516 878 chanadiensi
539 807 720 894 Episcopis,
737 827 775 876 ao
805 806 900 874 Petro
916 805 951 872 in
971 807 1170 894 Episcopum
1195 805 1432 892 wesprimien-

296 935 366 984 sem
396 916 498 983 oleoto
530 921 562 983 et
578 918 776 996 oontirmato,
802 913 967 982 Eoolesias
984 913 1045 980 Dei
1061 913 1201 982 feliciter
1215 913 1430 999 gubernanti·

296 1028 365 1093 bus.
376 1025 511 1092 Nioolao
528 1023 681 1092 Palatino
698 1021 822 1091 comite
842 1021 1055 1108 supruniensi
1065 1019 1183 1089 Judioe
1199 1023 1431 1109 Cumanorum,

297 1132 445 1200 Johanno
464 1133 555 1198 Bano
576 1133 679 1199 tooius
695 1131 879 1215 Solanonie,
895 1129 1034 1196 Nioolao
1050 1129 1141 1196 Bano
1157 1131 1262 1198 totins
1280 1129 1430 1215 (troanie,

297 1241 399 1308 Paulo
416 1241 507 1307 Bano
524 1239 565 1306 de
580 1238 729 1323 Zeuriuo,
746 1237 874 1305 Matheo
890 1239 1071 1322 Woywoda
1096 1236 1325 1321 Transiluano,
1347 1237 1432 1304 Issa-

298 1348 395 1414 ohino
426 1346 582 1433 Magistro
614 1345 879 1416 Tawamieorum
910 1351 1092 1412 nostrorum
1124 1345 1249 1412 Oomite
1276 1343 1320 1412 de
1335 1345 1430 1432 Plys,

298 1462 332 1524 et
346 1454 423 1539 aliJs
439 1473 536 1538 quam
553 1454 699 1542 pluribus
715 1453 895 1522 Comitatus
921 1451 1027 1536 Regni
1057 1453 1160 1520 nostri
1192 1451 1383 1521 tenentibus
1396 1457 1432 1519 et

298 1563 446 1630 honores.

300 1757 441 1821 (hrodstis
455 1759 637 1827 herhas-tyan,
656 1773 674 1810 a
691 1759 850 1810 vitriiszitld
863 1759 1100 1824 setyemzsinoron
1119 1758 1236 1825 tiiggtitt
1248 1757 1345 1822 peostt
1357 1757 1432 1810 elve-

300 1853 390 1916 rzott5
421 1849 543 1904 abnuat
560 1849 613 1902 ktr.
632 1849 761 1900 hamarai
778 1849 953 1904 leveltarnak
980 1849 1149 1917 Ztgrtbban
1176 1847 1241 1900 levo
1273 1847 1433 1912 resaeben.)

837 2673 910 2742 122.

302 2873 360 2939 IV.
378 2873 493 2939 Ldszlo
507 2873 616 2959 kirtly
632 2871 806 2958 meyerbhn'ti
828 2871 864 2937 V.
881 2873 992 2937 lat-ocia
1008 2873 1192 2960 kirdlyoalo
1206 2873 1277 2939 toth
1293 2879 1436 2962 horreoq-

301 2983 370 3069 atpo'
385 2983 415 3047 6⁸
432 2982 742 3068 azolqappiironepyei
757 2981 910 3066 helysopet
926 2983 1082 3066 tciryyaao
1098 2981 1299 3068 adomonpoe
1314 2984 1436 3069 enyal-

537 3090 649 3175 aaiqeta'
665 3089 889 3175 opdosoao'rdcs
906 3092 1067 3153 azeiosdro.
1093 3087 1191 3156 1275.

312 3310 320 3326 κ
408 3283 582 3368 Ladizlaus
606 3283 667 3350 Dei
683 3282 796 3367 graoia
815 3281 991 3368 Rhogonis,
1008 3282 1188 3370 normanie,
1204 3284 1353 3374 Groaoie,
1369 3285 1434 3352 Ra-

301 3411 361 3477 me,
379 3391 500 3476 Seruis,
521 3391 670 3467 Gallicis,
696 3389 897 3474 Lodomerie,
931 3389 1085 3458 Comanis
1117 3391 1334 3476 Buigarieque
1365 3395 1436 3459 Rex

300 3498 462 3565 uniuersis
492 3496 612 3564 Christi
637 3497 788 3565 fidelihus
803 3515 938 3584 presens
958 3497 1114 3583 seriptum
1130 3497 1325 3585 inspecturis
1341 3501 1428 3568 sain·

304 3613 368 3671 tem
384 3603 418 3670 in
436 3623 474 3671 eo
489 3606 544 3688 qui
561 3611 610 3671 est
625 3605 715 3673 salus
733 3603 855 3671 mnndi.
873 3603 924 3670 Ad
943 3607 1169 3674 uniuersorum
1201 3613 1269 3673 tam
1300 3627 1434 3693 presen-

302 3711 385 3779 oium
417 3731 514 3798 quam
541 3719 741 3796 posterorum
773 3712 927 3778 noticiam
958 3713 1106 3782 volumus
1131 3715 1322 3800 peruenire;
1346 3713 1435 3800 quod

301 3821 400 3887 trater
431 3819 554 3886 Paulus
584 3839 760 3888 conuersus
776 3817 817 3884 de
849 3815 971 3886 Ordine
1002 3821 1150 3888 Fratrum
1182 3823 1431 3891 Predioatorum

303 3932 490 4012 procurator
520 3945 624 3992 rerum
656 3945 713 3993 seu
739 3928 892 3995 bonorum
924 3925 1113 4012 Monosterij
1148 3929 1251 3996 Beate
1281 3929 1432 4015 Virginis

301 4033 403 4101 Maris
418 4033 459 4101 de
474 4035 587 4103 Insula
603 4034 763 4119 Leporum
781 4033 929 4101 exhibuit
945 4033 1040 4101 nobis
1065 4036 1271 4120 priuilegium
1304 4038 1430 4106 domini

306 4143 462 4228 Stephani
487 4141 590 4208 inoliti
622 4141 722 4226 Regis
738 4141 908 4226 Hungarie
924 4161 988 4208 non
1005 4143 1172 4230 abolitum,
1189 4165 1253 4210 non
1269 4145 1437 4232 abrasum,

304 4271 365 4316 noo
379 4251 413 4317 in
430 4251 544 4334 aliqua
559 4251 610 4318 sui
626 4259 720 4338 parte
737 4251 902 4339 vioiatum,
919 4255 1033 4337 petens
1048 4253 1148 4318 verbo
1166 4251 1297 4320 domine
1327 4253 1436 4319 Elina-

305 4357 402 4426 bethe
433 4356 607 4427 karissime
636 4361 755 4428 sororis
785 4365 895 4427 nostre
934 4381 975 4428 ao
1017 4358 1156 4428 aliarum
1204 4381 1352 4428 sororum
1391 4361 1436 4428 de

304 4463 418 4532 Insula
447 4465 608 4550 Luporum
639 4466 883 4550 instantissime,
908 4473 943 4534 vt
974 4467 1060 4535 idem
1090 4467 1296 4554 priuilegium
1329 4469 1437 4553 patris

305 4571 405 4644 nostri
435 4569 601 4640 honesimi
632 4573 822 4644 felicissime
852 4573 1096 4649 reeordationis
1127 4583 1233 4646 ratum
1253 4576 1387 4670 hahere,
1404 4585 1443 4648 et
