3112 5154
808 323 970 424 Q

323 526 383 587 suo
399 539 506 588 eoram
522 519 618 588 nobis
633 519 851 604 personaliter
859 519 1063 603 constitutis3
1079 515 1167 586 idem
1179 519 1317 604 tigidius
1327 523 1464 589 vineam
1549 539 1550 608 l

325 646 417 694 susm
434 647 534 714 super
549 633 636 696 terra
653 625 825 714 Guiunyna
839 627 896 712 filij
914 625 1098 714 wesheim,
1115 645 1213 709 quem
1229 627 1315 696 idem
1332 629 1462 696 ailark
1549 643 1550 702 l

328 733 399 802 filio
423 733 513 800 Iwun
546 753 757 820 comparasse
788 732 978 819 dinoscitur,
1009 733 1201 802 existentem
1231 735 1319 800 inter
1346 737 1467 802 vineas
1549 739 1550 784 ³

328 840 475 908 eiusdem
492 841 673 927 euenzyna
689 841 785 908 sitam
802 861 859 928 pro
891 841 994 908 tribus
1023 843 1144 909 marcis
1177 843 1275 926 plene
1306 843 1462 928 acceptis,

221 947 224 952 '
325 956 422 1035 prout
438 947 543 1034 dixit3
558 948 637 1017 item
654 949 895 1017 aliumvineam
907 969 1000 1018 suam
1011 947 1104 1016 iuxta
1115 949 1466 1037 Zaposohyohasnper
1549 947 1550 956 ’

324 1060 413 1121 terra
429 1053 506 1121 dicti
524 1053 704 1144 Guennyna
718 1057 928 1124 constitutam
944 1075 1002 1143 pro
1019 1077 1085 1124 nna
1104 1076 1214 1124 merea
1229 1057 1395 1126 confessus
1412 1065 1464 1126 est
1549 1075 1550 1078 ’

325 1161 513 1232 uendidisse
530 1162 634 1231 eidem
652 1163 767 1231 Comiti
784 1162 930 1231 Odouioh
948 1169 980 1229 et
997 1163 1081 1249 Elye
1114 1163 1371 1262 inenodabiliter
1401 1165 1462 1230 ha·

325 1267 449 1336 bendas
466 1275 498 1336 et
513 1271 583 1336 inre
599 1277 756 1356 perpetuo
772 1269 998 1358 possidendas.
1036 1272 1119 1337 Item
1150 1270 1238 1339 idem
1268 1270 1466 1340 Dominicus

325 1375 456 1444 uineam
473 1378 607 1445 stnoh
623 1377 666 1444 ad
682 1377 789 1464 ipsum
821 1398 862 1444 ex
892 1383 986 1465 perte
1016 1377 1096 1444 dieti
1126 1377 1236 1465 Egidij
1270 1378 1460 1446 denotatam

325 1505 422 1572 super
437 1491 526 1552 terra
541 1485 642 1570 ipsius
660 1483 840 1552 liuenzuna
855 1485 939 1553 inter
954 1485 1069 1552 uineas
1087 1483 1233 1552 eiusdem
1259 1485 1458 1553 existentem

325 1592 491 1661 consessus
509 1599 560 1661 est
574 1593 763 1664 vendidisse
780 1592 935 1679 predictis
952 1591 1078 1660 Gomlti
1089 1592 1238 1660 Odouioh
1255 1599 1288 1658 et
1302 1592 1387 1678 Elye
1398 1613 1462 1676 pro

325 1719 385 1767 sex
400 1703 530 1790 marcis,
555 1709 651 1788 prout
665 1703 785 1789 retulit,
815 1704 881 1769 iam
898 1701 1047 1786 acceptis
1062 1699 1321 1770 irrenoccbiliter
1336 1699 1463 1767 haben·

326 1805 400 1874 dam
419 1816 451 1877 et
461 1809 539 1894 jure
555 1816 710 1897 perpetuo
726 1809 969 1896 possidendam.
986 1807 1100 1876 Astitit
1116 1807 1221 1876 eciam
1236 1827 1345 1874 coram
1361 1807 1461 1875 nobis

325 1919 537 2002 personaliter
554 1917 735 2005 Guenzyna
749 1919 968 2005 supradictus,
993 1917 1049 2000 qui
1066 1913 1189 2005 (dietis)
1206 1915 1457 1983 uendicionibus

326 2027 500 2093 uinearum
518 2026 552 2091 in
568 2027 659 2094 nullo
676 2026 914 2111 contradicens,
947 2024 1160 2094 fauorabilem
1177 2043 1369 2092 consensum
1386 2042 1466 2110 pre·
1549 2093 1550 2102 ,

325 2131 396 2200 buit
413 2137 444 2199 et
459 2152 638 2201 assensum.
662 2135 705 2200 Vt
720 2134 820 2218 igitur
835 2132 1088 2219 prescriptarum
1105 2129 1334 2199 vendicionem
1350 2131 1456 2198 series

325 2239 423 2308 robur
439 2247 594 2326 perpetue
610 2241 773 2309 firmitatis
789 2237 973 2329 (obtineat),
1006 2259 1067 2307 neo
1083 2259 1140 2326 per
1171 2237 1355 2324 quempiam
1386 2257 1464 2322 pro·
1549 2225 1550 2232 ἵ

326 2359 419 2416 ce'ssu
435 2348 590 2433 temporis
605 2348 716 2416 ualeat
732 2347 900 2416 retraetari
916 2367 973 2414 seu
989 2347 1023 2414 in
1049 2348 1174 2414 irritum
1205 2343 1364 2432 reuocari,
1396 2347 1463 2412 sed
1549 2367 1550 2410 3

327 2475 455 2539 semper
470 2455 565 2522 sulus
581 2463 613 2523 et
628 2455 828 2523 inuiolabilis
844 2453 878 2520 in
893 2461 1086 2540 perpetuum
1102 2456 1297 2539 perseueret,
1325 2469 1464 2536 presen-
1549 2501 1550 2526 ³

327 2569 377 2630 tes
394 2561 608 2630 concessimus
624 2563 726 2651 sigilli
743 2561 848 2630 nostri
862 2561 1046 2648 patrocinio
1072 2558 1295 2628 communitas.
1333 2557 1464 2626 Datum

326 2669 473 2736 seeunda‘
486 2669 568 2736 seria
583 2671 731 2756 proxima
749 2675 824 2756 post
838 2669 959 2734 festum
973 2667 1184 2736 Pentecostes
1211 2685 1297 2733 anno
1323 2665 1465 2758 Domini
1549 2697 1550 2706 κ

326 2777 498 2845 millesimo
515 2775 733 2846 ducentesimo
748 2775 859 2843 ΙιΧΧο
875 2781 1001 2842 octauo.

327 2979 468 3041 (Eredetie
486 2977 678 3042 bdrhdrtytn,
705 2975 825 3041 melyrol
850 2989 868 3025 a
898 2973 992 3039 peesdt
1011 2973 1189 3040 sarge-vorce
1220 2967 1468 3034 selyemssindron

433 3071 521 3136 fiigg;
547 3084 565 3120 a
582 3068 689 3118 tomelt.
708 3068 826 3131 hereneg
845 3063 1003 3130 Batthytni
1022 3065 1116 3118 esuldd
1133 3061 1347 3124 levdltdrtban.)
