3170 5166
706 301 866 398 Qi-

221 503 272 564 tes
289 501 321 563 rt
336 505 516 582 acceptum,
534 495 574 562 de
590 496 688 562 verbo
721 494 765 560 ad
798 495 929 562 verbum
961 495 1166 580 presentibus
1199 494 1371 571 insertum,

223 605 374 670 duximus
406 601 673 670 confirmandum.
704 601 827 667 Datum
859 621 918 686 per
949 621 1065 668 manus
1089 601 1240 685 Magistri
1256 601 1373 674 Bene·⁴

223 712 302 780 dicti
321 709 510 780 Orodiensis
525 707 696 796 Propositi‚
710 708 787 777 aule
802 717 910 776 nostre
937 706 1214 776 vicecancellarii
1245 705 1355 776 dilecti

224 825 257 884 et
273 819 378 886 fidelis
395 819 502 886 nostri*
513 839 597 886 anno
614 819 657 886 ab
675 817 911 885 Incuruaoione
928 817 1062 884 Domini
1079 815 1201 884 ΜὊΟο
1232 825 1374 903 septum.

224 925 359 1009 gesimo,
391 935 508 1010 quarto
542 927 707 994 kalendas
738 923 886 1009 Augusti,
906 925 1011 1011 Regni
1027 931 1137 991 autern
1153 925 1255 992 nostri
1272 947 1376 998 anuo.

224 1053 339 1120 primo.

227 1231 344 1291 (Robert
357 1231 464 1293 Ksiroly
478 1230 628 1294 kirtlynalr
646 1229 757 1280 ludo-ki
771 1227 941 1294 megerosito
954 1227 1206 1292 privilegiumstbdl
1220 1243 1226 1292 ;
1240 1242 1257 1277 a
1272 1225 1359 1290 Cupis

225 1321 259 1368 de
274 1318 499 1369 commemoriali
513 1317 604 1368 czimti
616 1317 754 1382 velenczei
767 1317 1000 1380 sillamlrdnyvbsu
1022 1317 1055 1367 V.
1080 1318 1137 1366 lrdt.
1154 1307 1374 1373 191-194.11.)··

660 1595 925 1611 ..fl———uufl-—fl

756 2133 834 2202 549.

241 2335 277 2400 V.
294 2335 402 2398 [atocio
418 2335 530 2422 kireily
547 2337 723 2420 meqerliaa'ti
739 2357 761 2398 a
771 2331 925 2420 petrinas·
940 2334 1098 2420 seudiqek
1113 2333 1366 2400 azabadalmuit.

746 2435 845 2506 1271.

340 2634 556 2724 (Stlephanus
575 2636 637 2702 Dei
654 2637 767 2719 gracia
792 2635 971 2722 Hungarie‚
1004 2637 1184 2726 Dalmacie‚
1214 2637 1366 2722 Groneia

228 2749 339 2830 Rarus,
356 2744 478 2826 Seruio,
496 2743 648 2830 Gallicis,
664 2743 870 2828 Lodomeria,
888 2741 1044 2810 Cumanis
1061 2745 1279 2829 Bulgariequc
1294 2748 1361 2814 Rex

230 2855 379 2922 omnibus
396 2857 579 2940 presentem
597 2853 752 2938 paginam
769 2849 966 2935 inspecturis
992 2851 1130 2920 salutem
1154 2855 1188 2921 iu
1221 2855 1360 2922 omnium

230 2964 407 3032 saluatore.
422 2958 475 3026 Ad
493 2959 716 3028 uniuersorum
732 2959 886 3027 noticiam
902 2959 1017 3027 harum
1033 2961 1117 3028 serie
1133 2961 1281 3029 uolumus
1292 2982 1362 3049 per·

228 3073 349 3156 uenire,
367 3072 455 3157 quod
470 3068 616 3156 hospites
632 3071 733 3137 nostri
750 3069 790 3136 de
806 3070 937 3137 Petrine
953 3068 998 3136 ad
1013 3075 1158 3138 nostram
1169 3071 1367 3140 accedentes

229 3179 433 3266 presenciam
450 3177 662 3246 exbibuerunt
679 3177 773 3246 nobis
789 3176 999 3263 priuilegium
1011 3175 1132 3245 domiui
1144 3180 1222 3248 Bele
1232 3179 1371 3247 illustris-

230 3287 331 3371 chis
348 3285 518 3372 Huugarie
534 3283 640 3354 felicis
656 3281 896 3353 recordacionis
928 3284 1093 3353 karissimi
1125 3289 1229 3372 patris
1261 3285 1362 3355 nostri

232 3415 331 3480 super
348 3393 497 3460 libertate
512 3393 654 3478 ipsorum
672 3391 748 3459 olim
765 3389 893 3473 datum;
917 3399 1064 3478 petentes
1089 3412 1162 3461 cum
1194 3393 1370 3481 insaucia,

233 3501 368 3570 itidem
385 3507 493 3568 ratum
510 3498 634 3567 habere
651 3508 682 3568 et
700 3505 812 3568 nostro
829 3499 1039 3585 dignaremur
1053 3500 1227 3588 priuilegio
1252 3502 1366 3570 confir-

233 3630 332 3678 mare.
356 3607 455 3676 Cuius
471 3607 601 3695 quidem
617 3609 780 3698 priuilegij
798 3615 889 3676 tenor
905 3607 982 3676 talis
997 3615 1063 3676 est:

342 3717 422 3784 Bele
438 3717 477 3782 D.
494 3737 542 3801 gr.
560 3715 727 3801 Hungarie
743 3717 806 3783 stb.
823 3717 892 3782 Rex
909 3715 970 3782 stb.
989 3714 1201 3801 (klivetlreaik
1216 3717 1273 3784 1v.
1283 3719 1363 3786 Bdla

235 3825 414 3914 kirdlynak
433 3825 571 3892 mua-ui
588 3823 826 3912 privilegiumu,
845 3823 925 3890 mint
942 3823 1075 3892 lentebb
1093 3825 1171 3894 545.
1188 3846 1232 3894 az.
1249 3825 1296 3914 a.)

340 3933 408 4000 Nos
425 3931 536 4017 itaque
551 3933 645 4000 iustis
662 3932 836 4000 eorundem
854 3929 1017 4017 hospitum
1049 3935 1231 3998 nostrorum
1263 3934 1362 4020 preci·

233 4045 295 4110 bus
310 4039 469 4126 inclinati,
494 4040 600 4126 ipsum
617 4039 826 4126 priuilegium
842 4038 1037 4106 innocentes
1052 4039 1094 4106 dc
1109 4041 1209 4108 uerbo
1226 4041 1268 4108 ad
1293 4060 1367 4108 ver--

233 4151 310 4216 bum
327 4146 485 4216 insertum
501 4147 705 4233 presentibus
723 4145 949 4214 confirmamus
967 4145 1106 4232 duplicis
1138 4147 1238 4232 sigilli
1264 4147 1365 4218 nostri

235 4255 412 4323 munimine
429 4255 622 4322 roborando.
663 4255 704 4322 Et
720 4253 947 4324 nichilominus
972 4254 1182 4324 concedimus
1207 4257 1250 4324 de
1280 4275 1371 4325 nouo

230 4361 329 4430 iuxta
344 4364 527 4432 libertatem
544 4372 577 4430 et
593 4355 858 4433 cousuetudinem
874 4363 1039 4452 hospitum
1055 4364 1204 4448 aliorum,
1229 4365 1316 4452 quod
1331 4365 1364 4431 in

235 4469 327 4534 nullo
343 4489 421 4536 casu
439 4477 539 4538 testes
555 4471 700 4538 extranei
717 4471 937 4557 producantur
953 4478 1067 4539 contra
1083 4470 1181 4558 ipsos,
1199 4473 1370 4558 sednego·

236 4573 289 4637 cis
304 4574 396 4642 iuxta
412 4576 549 4644 aliorum
566 4579 734 4667 Regalinm
752 4577 916 4666 hospitum
932 4601 1054 4650 morem
1071 4581 1227 4650 hactenns
1257 4580 1364 4649 obser·
