3096 5160
777 305 939 408 ys-

292 501 444 569 Andreas
460 502 530 568 Rex
547 499 705 586 quasdam
733 507 838 570 terras
870 505 965 570 Pctre
996 505 1028 568 et
1058 501 1180 568 Paulus
1206 499 1427 585 jobagionum

295 609 404 677 (lustri
420 609 461 676 de
475 607 620 678 Kowand
636 609 760 696 Vayulo
777 615 913 677 vocales
938 610 972 676 in
1000 605 1161 675 Oomitatu
1192 607 1236 673 de
1266 607 1424 695 Baranya

294 717 480 806 existentes,
507 716 688 801 reliquisset
718 716 882 786 nobilibus
897 721 930 786 et
945 716 1109 800 religiosis
1126 713 1322 784 dominabus
1338 737 1425 784 soro

284 826 381 894 ¹ribus
398 825 524 894 scilicet
539 825 579 892 ds
595 827 708 893 Insula
722 825 823 893 Beate
841 824 987 910 Virginis
1003 822 1222 909 possidendas
1238 831 1272 892 et
1298 825 1422 892 haben·

293 934 353 1000 das
369 953 408 1001 eo
424 933 520 1001 modo
537 939 570 1001 et
587 953 626 1000 es
656 931 873 1021 plenitudine,
895 930 1169 1018 quemadmodum
1200 931 1423 999 mediantibus

292 1041 481 1128 patentibus
497 1041 614 1109 litteris
632 1039 833 1109 dominorum
851 1043 932 1109 Bele
948 1047 980 1107 ct
996 1039 1155 1125 Stephani
1171 1041 1296 1126 Regum
1323 1041 1424 1108 caris-

291 1149 444 1216 simorum
460 1169 593 1217 auorum
610 1169 749 1234 suorum,
767 1167 827 1216 uec
843 1167 909 1216 non
936 1155 969 1216 et
999 1148 1100 1233 Regis
1130 1145 1281 1214 Ladizlai
1315 1145 1427 1216 fratris

291 1255 341 1322 sui
357 1255 517 1324 carissimi
532 1256 689 1342 patruelis
705 1255 795 1344 ipsas
811 1264 920 1326 terras
931 1275 1034 1341 vsqne
1049 1263 1126 1324 tunc
1141 1253 1296 1322 habuisse
1307 1261 1426 1341 etpos-

293 1363 417 1432 sedisse
435 1363 678 1432 dinosserentur
694 1366 756 1433 stb.
780 1366 904 1434 Datum
920 1363 1142 1450 octuagesimo
1158 1360 1212 1428 die
1227 1366 1424 1431 octanamm

228 1482 232 1490 ·
291 1471 385 1538 Beati
412 1470 540 1558 Georgij
572 1471 714 1540 martiris
744 1492 830 1542 anno
862 1471 993 1540 Domini
1022 1467 1169 1540 M⁰OOG⁶
1199 1469 1425 1553 octuagesimo

293 1585 418 1662 quarto.

506 1773 651 1844 (Eredetie
664 1793 682 1831 a
693 1775 780 1832 budei
792 1776 847 1831 hir.
859 1776 988 1832 kumsrsi
998 1775 1196 1840 levtlttrban.)

818 2598 894 2668 432.

291 2795 356 2864 Ill.
370 2797 482 2864 Eudae
497 2797 608 2884 diruy
622 2797 805 2885 mcqetdlcitc'
821 2793 880 2864 IV.
898 2795 1016 2864 Lcczlo
1030 2796 1205 2883 kirclynulc
1228 2795 1372 2880 Wcrasy
1389 2797 1423 2861 έε

290 2905 414 2991 Sumrry
431 2905 621 2992 helysdqckct
647 2907 808 2992 tdrqyazo
822 2905 1025 2992 cdomdoydt
1040 2904 1114 2970 Filc
1139 2915 1261 2989 mester,
1297 2902 1420 2969 Tamdc

525 3081 527 3086 ,
608 3015 767 3080 comeonsis
776 3013 830 3095 fia
845 3017 1003 3081 stomaro.
1027 3013 1124 3080 1292.

395 3207 935 3293 Andreas-DeigrociaHnngarie,
951 3205 1421 3295 Dalmecie,0roacie,Rame,
1494 3295 1498 3300 Ι

289 3315 412 3404 Sernie,
429 3313 580 3400 Gallicis,
596 3315 795 3404 Lodomerie,
817 3315 974 3384 (inmanis
989 3315 1209 3400 Belgariequc
1225 3314 1298 3382 Rex
1313 3313 1418 3382 omni-

289 3425 350 3490 hus
365 3423 486 3492 Christi
502 3418 650 3492 fidelibus
665 3427 848 3511 presentem
864 3424 1019 3510 pagiuam
1051 3424 1243 3512 inspecturis
1276 3423 1418 3492 salutern

289 3533 323 3597 in
339 3532 480 3599 omnium
496 3531 672 3602 saluatore.
710 3533 855 3616 Dignum
872 3538 970 3601 estet
995 3539 1250 3602 consentaneum
1275 3529 1416 3616 racioni,

288 3645 323 3706 rt
339 3657 378 3706 sa
393 3658 455 3724 qne
470 3661 528 3726 per
542 3641 677 3709 Inclitos
693 3641 800 3727 Reges
816 3641 884 3710 suis
909 3639 1060 3710 fidelibus
1091 3641 1174 3711 iuste
1205 3645 1238 3706 et
1269 3638 1419 3725 legitime

287 3753 363 3816 sunt
378 3749 509 3837 collata,
541 3757 697 3836 perpetuo
714 3751 829 3818 robore
845 3747 1022 3816 fulciantur
1037 3755 1070 3818 et
1095 3747 1333 3817 inuiolabiliter
1360 3745 1418 3814 ob-

286 3863 466 3925 seruentur.
491 3857 631 3926 Proinde
646 3858 690 3926 ed
706 3859 933 3948 uniuersorum
948 3857 1103 3926 noticiam
1135 3865 1248 3926 tenore
1280 3874 1416 3943 presen-

286 3963 370 4031 cium
385 3966 534 4035 uolumus
548 3967 729 4052 peruenire,
747 3967 833 4052 quod
848 3965 1047 4035 Lunrencius
1056 3964 1141 4034 lilius
1150 3963 1301 4050 Magistri
1309 3961 1419 4050 Phyle

286 4069 328 4139 ad
343 4079 487 4142 nostram
502 4073 662 4143 accedens
679 4075 884 4160 presenciam
901 4073 1048 4142 exhibuit
1077 4073 1173 4142 nobis
1203 4071 1414 4159 priuilegium

285 4177 408 4249 domini
423 4181 523 4266 Regis
538 4181 688 4250 Lndizlui
704 4183 815 4251 inclite
832 4180 1075 4252 recordacionis
1100 4179 1271 4249 karissimi
1302 4177 1416 4248 fratris

153 4289 157 4296 '
284 4288 386 4356 nostri
401 4291 557 4376 patruelis
573 4309 672 4378 super
697 4291 875 4360 collacione
906 4300 1065 4361 terrarum
1099 4289 1206 4358 Oastri
1235 4289 1340 4357 nostri
1371 4285 1416 4353 de

284 4394 530 4486 Wlk0Warasy
540 4404 572 4467 et
588 4399 711 4485 Sumug
725 4407 914 4469 uocatarum
930 4397 1125 4486 confectum,
1141 4403 1257 4486 potens
1275 4393 1415 4480 anobis,

286 4509 319 4569 vt
335 4504 442 4588 ipsum
459 4507 670 4592 priuilegium
688 4515 793 4578 ratum
811 4508 930 4577 habere
945 4513 978 4577 et
993 4511 1105 4576 nostro
1121 4504 1332 4591 dignaremur
1347 4502 1415 4590 pri·

283 4610 406 4692 nilegio
422 4613 622 4685 confirmare.
645 4617 745 4686 cuius
760 4617 890 4702 quidem
908 4613 1073 4704 priuilegij
1092 4621 1182 4683 tenor
1197 4612 1276 4682 talis
1294 4620 1365 4682 cst:
