3124 5152
797 337 945 438 Q-

309 531 371 598 bus
390 530 587 599 utilitatibus
603 538 636 600 et
651 530 862 618 pertinenciis
877 529 978 616 ipsius
994 533 1078 601 terre
1095 531 1265 619 universis,
1289 531 1437 598 Ecclesia

315 639 415 706 Beate
431 641 534 707 llario
550 639 710 723 videlicet,
742 661 805 725 que
821 646 872 708 est
886 640 949 708 sita
965 641 998 708 in
1017 648 1103 708 terra
1119 648 1231 708 nostra
1263 639 1437 706 Breaoicha

307 751 509 832 nuncupata.
534 745 778 834 uniusquidem
811 756 895 816 terre
917 756 1003 817 mete
1029 749 1087 818 tali
1112 747 1229 817 ordine
1259 747 1438 832 distingun-

308 863 359 924 tur
378 880 386 922 :
403 857 513 925 Prima
528 863 615 925 mota
630 857 744 943 incipit
759 879 780 925 a
796 857 929 924 meridie
944 857 978 924 in
995 859 1111 926 arbore
1126 856 1319 942 gimulchin,
1351 855 1439 923 eirca

307 984 405 1048 quam
423 969 473 1032 est
487 973 574 1034 meta
590 971 707 1051 terrea,
739 964 891 1034 attendit
906 967 969 1033 snb
985 972 1126 1034 montem
1142 963 1362 1034 Snazniwerh
1379 985 1438 1049 per

307 1079 411 1140 metas
428 1077 561 1158 terreas,
588 1081 622 1141 et
636 1073 785 1159 pervenit
800 1071 843 1138 ad
858 1073 1009 1141 arborem
1025 1074 1118 1156 pruni
1136 1073 1227 1141 eirca
1258 1091 1355 1158 quarn
1383 1079 1435 1140 est
1546 1159 1547 1162 Ἴ

308 1189 395 1249 meta
411 1185 538 1266 terrea;
561 1182 603 1248 ab
619 1181 696 1248 hinc
710 1178 795 1248 iiens
810 1181 954 1268 minime,
970 1180 1060 1248 cadit
1076 1179 1110 1246 in
1127 1200 1226 1248 unam
1241 1179 1339 1265 mam,
1373 1199 1436 1264 qua
1546 1167 1547 1258 i

306 1287 454 1374 procedit
471 1289 504 1354 in
520 1295 660 1356 montem
677 1287 895 1356 Strauniwerh
912 1288 1146 1377 supradictam,
1159 1309 1219 1374 per
1234 1307 1332 1372 quam
1347 1289 1436 1355 riam
1546 1343 1547 1368 p

306 1397 411 1464 tendit
426 1403 460 1464 et
486 1397 635 1482 pervenit
666 1394 709 1464 ad
740 1395 857 1484 locum,
889 1396 946 1464 ubi
976 1397 1067 1464 iuxta
1098 1395 1235 1465 andem
1267 1395 1356 1463 mam
1388 1403 1438 1462 est

307 1511 394 1574 meta
408 1509 517 1572 terrea
533 1501 622 1571 circa
637 1503 786 1571 arborem
803 1502 890 1589 pomi
906 1501 1118 1582 circumlusa3
1142 1503 1218 1570 hinc
1252 1501 1286 1568 in
1318 1501 1437 1571 eadam

306 1611 363 1681 via
378 1611 508 1692 minime
524 1609 728 1698 procedendo
745 1609 900 1697 pervenit
915 1609 956 1677 ad
968 1611 1117 1678 arborem
1127 1609 1225 1698 pomi,
1243 1607 1331 1678 eirca
1341 1629 1441 1695 qnam

309 1726 358 1788 est
373 1727 461 1789 meta
476 1727 594 1807 terrea,
610 1725 643 1787 et
658 1738 717 1804 per
732 1717 871 1786 eandem
887 1718 975 1786 viam
990 1717 1097 1787 tendit
1112 1737 1224 1786 versus
1234 1717 1441 1804 septemtrio·
1546 1717 1547 1744 ³

309 1848 402 1914 nem3
427 1831 470 1895 ab
485 1827 561 1896 hinc
575 1825 786 1915 procedendo
802 1825 917 1894 circuit
933 1823 1014 1893 duas
1029 1826 1136 1894 valles
1152 1833 1186 1895 et
1215 1824 1366 1912 pervenit
1395 1824 1440 1893 ad

309 1935 507 2023 indaginem,
536 1941 570 2004 et
600 1934 693 2003 iuxta
722 1933 864 2002 eandem
880 1932 1028 2018 procedit
1044 1952 1214 2018 usquequo
1230 1931 1440 2018 pervenitad
1546 1923 1547 2010 ἶ

311 2043 426 2130 uerus,
459 2049 551 2130 porte
567 2042 752 2128 indaginis;
776 2041 853 2109 inde
869 2041 973 2127 vergit
989 2061 1025 2109 se
1039 2039 1083 2108 ad
1098 2041 1205 2110 levam
1220 2060 1354 2108 manum
1371 2060 1442 2107 ver·

310 2172 364 2220 sus
381 2151 641 2238 septemtrionem
659 2157 691 2216 et
707 2149 794 2235 girat
810 2149 950 2218 eundem
966 2149 1072 2218 Teluk
1089 2167 1148 2236 per
1178 2155 1282 2218 metas
1314 2155 1443 2216 terreas

310 2257 426 2326 ordine
441 2280 499 2331 suo
516 2260 696 2344 distinctas,
714 2265 747 2325 et
762 2256 830 2325 exit
846 2265 938 2326 extra
955 2263 987 2324 ct
1003 2256 1174 2325 descendit
1189 2275 1292 2339 usque
1303 2257 1349 2324 ad
1360 2257 1443 2322 anti·
1546 2255 1547 2260 ’

312 2385 408 2452 quam
432 2365 603 2452 piscinam,
630 2386 693 2450 que
723 2365 865 2453 pertinet
894 2365 938 2431 ad
969 2364 1148 2434 llcolesiam
1181 2364 1303 2433 Sancte
1333 2365 1441 2432 Elone
1546 2411 1547 2438 2

312 2473 541 2563 supradictam,
574 2482 605 2542 et
635 2475 670 2541 in
685 2473 750 2542 fine
766 2473 853 2540 dicto
869 2472 994 2561 piscine
1009 2471 1110 2541 intrat
1126 2473 1243 2542 iterum
1259 2471 1292 2538 in
1309 2473 1443 2558 indagi-

312 2601 385 2646 nem
400 2581 445 2648 ad
460 2575 579 2649 metam
596 2589 745 2666 terream,
777 2579 903 2647 atinde
919 2580 1065 2667 proeedit
1080 2580 1174 2649 iuxta
1189 2579 1376 2668 indagines,
1410 2589 1444 2648 et
1546 2587 1547 2628 3

312 2687 515 2775 pervenitad
531 2709 630 2755 unum
647 2687 802 2772 angulum
819 2686 985 2772 indaginis
1001 2694 1034 2756 et
1049 2687 1095 2754 ihi
1121 2693 1171 2755 est
1202 2693 1289 2755 meta
1321 2694 1442 2776 terrea,

313 2797 390 2864 inde
405 2815 480 2863 varo
496 2795 600 2862 tendit
616 2815 727 2864 versus
743 2795 909 2864 meridiem
925 2815 984 2882 per
1000 2801 1105 2862 metas
1130 2803 1256 2864 terreas
1288 2803 1322 2863 et
1353 2801 1445 2862 venit
1546 2815 1547 2872 l

316 2904 359 2971 ad
375 2907 477 2972 locum
495 2904 586 2970 Mlalr
603 2909 763 2992 vocatum,
779 2903 823 2970 ad
839 2905 988 2971 arborem
1013 2923 1104 2990 egur,
1131 2912 1163 2971 et
1193 2903 1238 2971 ibi
1261 2909 1322 2971 ,est
1355 2909 1444 2971 meta
1546 2927 1547 2962 ;

312 3019 435 3094 terrea3
458 3013 535 3080 inde
551 3011 698 3098 procedit
713 3031 771 3096 per
787 3017 891 3079 metas
907 3018 1030 3078 terreas
1046 3017 1079 3078 et
1094 3013 1244 3096 pervenit
1261 3009 1444 3078 admotam
1546 3011 1547 3054 ³

312 3120 519 3204 antedictam,
538 3126 570 3185 et
586 3121 633 3186 sio
648 3119 870 3186 terminantur.
895 3120 934 3186 In
953 3121 1046 3188 cuius
1062 3119 1109 3188 rei
1124 3119 1315 3188 memoriam
1330 3127 1363 3188 et
1378 3139 1446 3188 cer·
1546 3111 1547 3200 ᾗ

311 3228 482 3296 titudinem
499 3233 534 3293 ut
549 3223 732 3294 huiusmodi
748 3227 842 3296 dacio
857 3247 916 3296 sen
931 3232 1042 3296 nostra
1058 3225 1194 3295 donacio
1208 3227 1307 3296 rebus
1330 3248 1447 3316 perpe·
1546 3217 1547 3276 3

312 3343 368 3402 tue
384 3333 545 3402 firmitatis
561 3333 712 3418 obtineat,
728 3355 789 3403 nec
803 3355 862 3422 per
894 3335 1078 3423 qnempiam
1104 3355 1257 3423 processu
1286 3338 1447 3424 temperis

313 3442 416 3526 possit
448 3442 626 3528 retractari,
662 3450 831 3528 presentes
862 3443 1080 3513 concessimus
1104 3445 1232 3514 litteras
1264 3445 1448 3512 munimine
1546 3495 1547 3500 η

314 3549 413 3632 sigilli
428 3550 530 3618 nostri
545 3551 728 3619 roboratas.
751 3551 874 3619 Datum
891 3559 923 3618 et
939 3559 1048 3622 actum
1074 3551 1238 3637 Zagrabie
1263 3573 1351 3620 annno
1383 3553 1449 3620 Do·
1546 3537 1547 3586 5

314 3657 393 3722 mini
409 3655 745 3740 Medoetnagesimo.
1546 3659 1547 3664 ¹

420 3851 580 3918 (Thalamos,
599 3855 723 3908 Menum.
742 3856 807 3908 hist
827 3857 920 3923 Epiro.
941 3857 1062 3924 zagrab.
1082 3857 1104 3910 1.
1124 3859 1184 3910 rut.
1206 3863 1268 3912 206.
1287 3861 1319 3926 1.)
