3096 5160
724 273 882 376 Qa-

243 491 340 556 raus,
365 490 459 538 suum
474 469 638 537 homiuem
651 469 696 538 ad
726 488 785 536 nos
815 467 1004 548 transmisit,
1035 471 1151 555 petens
1182 476 1215 534 et
1244 489 1373 554 rogans

247 599 306 647 nos
338 575 581 663 instantissime,
611 584 647 644 ut
678 583 821 644 nostrum
846 575 1010 643 homiuem
1026 575 1069 642 ad
1086 576 1194 662 iprum
1211 576 1377 644 transmit·

245 693 396 773 tenemus,
411 703 521 752 ceram
548 703 612 768 quo
628 702 720 752 suum
737 681 889 752 conderet
913 689 1151 754 testamentum.
1183 685 1253 752 Nos
1284 684 1376 752 enirn

245 792 354 876 dignis
370 799 402 859 et
417 793 513 860 iustis
527 789 742 878 peticionibus
767 789 911 858 eiusdem
927 789 1087 873 inclinati,
1104 811 1202 858 unum
1217 810 1260 858 ex
1276 792 1375 858 nobis

245 901 349 968 uirum
389 897 549 985 ydoneum
582 905 615 966 et
644 897 798 966 fidelem..
813 897 964 966 duximus
989 896 1282 984 transmittendum,
1315 897 1375 982 qui

246 1015 320 1094 post
349 1007 409 1074 hee
439 1005 482 1071 ad
498 1025 558 1073 nos
587 1025 659 1073 cum
689 1003 884 1074 Leustaehio
915 1011 948 1073 et
978 1005 1072 1072 Petro
1102 1003 1180 1092 filijs
1211 1005 1376 1092 Stephani

244 1113 405 1184 nobilibus
436 1111 476 1179 de
507 1111 654 1200 predicta
685 1113 764 1180 uilla
796 1111 958 1180 (lhnnkud
996 1111 1125 1180 rediens
1156 1111 1246 1197 dixit,
1277 1111 1370 1196 qued

244 1223 400 1290 Martinus
429 1220 514 1288 filius
546 1219 648 1309 Pella,
679 1241 751 1290 cum
783 1222 818 1290 in
849 1221 1004 1288 extremis
1045 1221 1219 1303 laboraret,
1260 1219 1374 1286 adium

244 1339 352 1400 mmeu
367 1331 450 1398 bene
465 1349 598 1416 compos
616 1328 679 1397 luit
695 1332 827 1417 mentis,
843 1349 954 1398 ceram
971 1329 1042 1416 ipse
1074 1329 1142 1395 tale
1172 1325 1375 1396 condidisset

243 1443 471 1508 testamentum
488 1464 496 1505 ε
513 1435 606 1516 Quod
638 1437 718 1522 qnia
747 1437 820 1523 ipse
847 1438 1000 1505 heredum
1016 1435 1138 1505 solacio
1154 1443 1292 1523 careret,
1309 1456 1375 1505 nee

243 1555 350 1634 preter
365 1545 595 1614 Lenslachium
629 1551 660 1612 et
691 1543 821 1614 Petrum
854 1549 1043 1631 prenotatos
1072 1544 1156 1611 adeo
1185 1543 1374 1629 proximum

243 1657 383 1738 haberet,
413 1654 470 1738 qui
500 1671 560 1720 nec
591 1672 702 1721 curam
730 1667 792 1722 'sue
808 1653 927 1740 anime,
947 1671 1009 1722 nec
1022 1651 1164 1720 filiarum
1180 1672 1314 1720 suarum
1329 1673 1374 1720 ac

244 1761 354 1830 uxoris
369 1757 494 1846 gereret
508 1766 565 1828 aut
580 1781 694 1845 gerere
719 1759 871 1846 deberet3
895 1779 1005 1828 omnes
1038 1759 1261 1846 possessiones
1290 1779 1373 1828 snas

245 1878 313 1939 tam
344 1869 378 1934 in
408 1869 503 1936 terris
534 1887 631 1954 quam
662 1867 767 1936 uineis
780 1875 813 1936 et
827 1867 946 1936 tenetis
962 1868 996 1934 in
1013 1865 1175 1935 ctunkud
1190 1867 1373 1936 existentes

245 1975 343 2063 dedit,
359 1976 496 2043 contulit
512 1981 543 2042 et
557 1975 681 2061 legauit
695 1975 888 2044 Leustaehio
905 1983 937 2044 et
969 1977 1062 2044 Petro
1091 1975 1267 2060 prenotatis
1298 1993 1372 2058 per·

244 2092 341 2170 petuo
356 2082 584 2172 possidendas,
601 2089 709 2170 preter
725 2085 872 2169 quintam
885 2103 943 2153 seu
959 2084 1147 2170 porcionem
1161 2081 1195 2150 in
1211 2081 1372 2166 predictis

243 2189 504 2276 possessionibus
519 2189 651 2258 demine
666 2192 761 2260 uxori
776 2211 834 2258 sue
865 2191 1016 2258 collatam
1048 2197 1082 2258 et
1110 2189 1262 2276 legatam,
1293 2189 1373 2274 ipsa

244 2295 375 2362 domina
405 2303 615 2380 acceptante3
639 2315 735 2380 quam
766 2296 896 2382 quidem
937 2301 1081 2380 quintam
1112 2302 1237 2384 partem
1268 2295 1370 2380 ijdem

243 2401 456 2470 Leestaehius
471 2409 503 2470 et
517 2403 641 2488 Petrus,
673 2403 702 2471 si
732 2403 893 2472 redimere
935 2402 1097 2471 noluerint
1127 2410 1159 2470 et
1191 2401 1368 2490 ualuerint,

244 2509 318 2596 ipsa
348 2507 479 2578 domina
508 2512 683 2580 maritante
713 2513 765 2580 uel
795 2515 838 2580 ab
869 2514 916 2580 eis
948 2532 983 2580 se
997 2512 1192 2600 retrahente,
1223 2513 1371 2598 quinque

245 2618 363 2685 marcis
379 2617 540 2687 rediment
555 2621 598 2687 ab
630 2620 761 2700 eadem3
784 2621 949 2707 prediatus
981 2620 1084 2688 eciam
1115 2626 1251 2706 quatuor
1282 2620 1371 2688 filias

242 2743 320 2792 suas
351 2744 391 2794 aa
423 2745 554 2794 uxorem
585 2725 747 2796 commisit
777 2727 970 2796 heustachio
996 2733 1027 2795 et
1042 2727 1137 2796 Petro
1153 2726 1196 2794 de
1212 2726 1370 2797 fructibus

242 2837 274 2896 et
305 2831 500 2900 utilitatibus
531 2833 769 2919 possessionum
810 2834 1008 2904 nutriendas.
1047 2833 1127 2900 Item
1156 2835 1371 2904 Patronatum

242 2939 389 3007 Ecelesie
419 2939 512 3008 Beati
544 2939 677 3029 Georgij
695 2941 837 3010 martiris
852 2941 893 3010 de
919 2939 1081 3010 chunkud
1097 2939 1219 3011 eisdem
1234 2944 1371 3013 heusta·

241 3045 314 3112 ehie
346 3053 379 3114 et
408 3047 502 3116 Petro
533 3045 625 3117 duxit
672 3049 911 3118 conferendum.
951 3051 1105 3118 Preterea
1144 3049 1369 3119 uniuersorum

242 3151 363 3221 notieie
389 3154 538 3224 uolumus
553 3156 624 3224 lieri
640 3156 856 3244 manifestum,
873 3156 958 3242 quod
974 3157 1188 3226 heustaehius
1204 3164 1237 3225 et
1252 3159 1368 3227 Petrus

242 3261 298 3346 filij
331 3261 490 3349 Stephani
522 3265 684 3351 prenotati
716 3265 931 3335 exhibuerunt
960 3265 1053 3335 nohis
1084 3267 1209 3334 litteras
1239 3273 1372 3335 naahas

240 3369 456 3452 memoriales,
488 3373 521 3439 iu
538 3373 655 3458 quibus
686 3371 826 3442 uidimus
852 3375 1020 3464 contineri,
1037 3375 1124 3460 qurod
1138 3373 1230 3442 Poka
1245 3375 1370 3444 nobilis

242 3475 284 3542 de
300 3475 460 3544 Ghuulrud
492 3479 535 3546 ad
566 3489 715 3563 quartam
748 3489 873 3568 partem
904 3501 1045 3551 sororem
1077 3502 1180 3568 suam,
1213 3481 1369 3550 uidelicet

240 3602 373 3650 uxerem
406 3587 562 3673 Stephani
592 3588 841 3674 contingentem,
860 3589 900 3656 de
917 3589 1176 3676 possessionibus
1192 3589 1260 3659 suis
1275 3591 1369 3658 here-

244 3691 441 3778 dilanians
465 3704 539 3780 post
569 3707 703 3766 mortem
736 3700 839 3782 ipsius
870 3698 954 3765 inter
982 3698 1086 3766 filium
1116 3719 1208 3767 suum
1238 3699 1371 3767 nomine

240 3799 424 3890 Martinum,
454 3822 494 3870 ac
510 3803 710 3890 Stephanum
737 3813 769 3874 ct
784 3807 867 3875 lilios
883 3807 1030 3875 eiusdem
1046 3805 1201 3874 discessio
1217 3807 1370 3894 oriretur,

236 3907 395 3992 quendam
413 3909 546 3978 lundum
564 3915 650 3980 curie
676 3934 776 4000 super
807 3915 919 3982 decem
949 3914 1115 3998 iugeribus
1147 3913 1365 3994 adiacentem,

237 4033 334 4102 super
380 4017 544 4090 Luhutler
583 4022 788 4109 existentem,
836 4045 876 4092 ex
907 4029 1001 4110 parte
1031 4023 1237 4092 meridionali
1269 4021 1366 4092 terris

238 4121 396 4207 Stephani
411 4123 470 4210 filij
503 4125 588 4195 Petri
624 4129 833 4217 elementem,
865 4130 941 4198 item
973 4151 1015 4198 ex
1045 4138 1140 4217 parte
1170 4129 1368 4200 occidentali

236 4231 329 4298 terris
360 4231 506 4302 Ecclesie
536 4235 629 4304 Beati
660 4237 823 4320 Ladiulai,
854 4257 894 4304 ex
926 4248 1019 4324 parte
1059 4243 1167 4306 autern
1199 4239 1368 4322 aquilonis

235 4337 330 4404 terris
346 4339 503 4426 Stephani
520 4341 577 4428 lilij
595 4343 681 4410 Petri
698 4345 869 4431 prenotati.
887 4347 969 4413 Item
985 4353 1058 4414 ecto
1074 4345 1189 4430 iugera
1205 4353 1368 4414 terrarum

232 4445 404 4512 arabilium
436 4449 496 4516 sub
529 4451 663 4548 Naragh
693 4473 734 4519 ex
750 4459 845 4538 parte
861 4451 1068 4520 meridionali
1083 4453 1179 4521 terris
1208 4452 1374 4539 Stephani

240 4550 319 4626 item
334 4573 375 4620 ex
391 4562 486 4639 parte
501 4555 696 4627 occidentali
713 4557 845 4647 puplice
860 4565 972 4648 strate,
1003 4561 1045 4630 ah
1075 4559 1228 4646 aquilem
1259 4568 1376 4631 antem

1511 3656 1531 4389 l

1499 4394 1533 5132 l
