<?xml version="1.0" encoding="UTF-8"?>
<!DOCTYPE html PUBLIC "-//W3C//DTD XHTML 1.0 Transitional//EN"
    "http://www.w3.org/TR/xhtml1/DTD/xhtml1-transitional.dtd">
<html xmlns="http://www.w3.org/1999/xhtml" xml:lang="en" lang="en">
 <head>
  <title>
</title>
<meta http-equiv="Content-Type" content="text/html;charset=utf-8" />
  <meta name='ocr-system' content='tesseract 3.04.00' />
  <meta name='ocr-capabilities' content='ocr_page ocr_carea ocr_par ocr_line ocrx_word'/>
</head>
<body>
  <div class='ocr_page' id='page_1' title='image "./codexdiplomatic06wenzgoog_0441.png"; bbox 0 0 3068 5150; ppageno 0'>
   <div class='ocr_carea' id='block_1_1' title="bbox 895 1029 972 1098">
    <p class='ocr_par' dir='ltr' id='par_1_1' title="bbox 895 1029 972 1098">
     <span class='ocr_line' id='line_1_1' title="bbox 895 1029 972 1098; baseline -0.039 0"><span class='ocrx_word' id='word_1_1' title='bbox 895 1029 972 1098; x_wconf 76' lang='lat'><strong>321.</strong></span> 
     </span>
    </p>
   </div>
   <div class='ocr_carea' id='block_1_2' title="bbox 349 1230 1460 1425">
    <p class='ocr_par' dir='ltr' id='par_1_2' title="bbox 349 1230 1460 1425">
     <span class='ocr_line' id='line_1_2' title="bbox 349 1230 1460 1318; baseline -0.007 -18"><span class='ocrx_word' id='word_1_2' title='bbox 349 1233 411 1300; x_wconf 89' lang='lat' dir='ltr'>IV.</span> <span class='ocrx_word' id='word_1_3' title='bbox 425 1232 541 1298; x_wconf 77' lang='lat' dir='ltr'>Lu&#39;ssld</span> <span class='ocrx_word' id='word_1_4' title='bbox 556 1231 669 1318; x_wconf 63' lang='lat' dir='ltr'>kirtly</span> <span class='ocrx_word' id='word_1_5' title='bbox 684 1231 829 1317; x_wconf 69' lang='lat' dir='ltr'>biscopes</span> <span class='ocrx_word' id='word_1_6' title='bbox 844 1230 1065 1316; x_wconf 75' lang='lat' dir='ltr'>bictokperuck</span> <span class='ocrx_word' id='word_1_7' title='bbox 1080 1231 1291 1298; x_wconf 74' lang='lat' dir='ltr'>ottocc‘zc&#39;ceeot</span> <span class='ocrx_word' id='word_1_8' title='bbox 1307 1256 1328 1296; x_wconf 86' lang='grc' dir='ltr'><em>α</em></span> <span class='ocrx_word' id='word_1_9' title='bbox 1339 1231 1460 1316; x_wconf 69' lang='lat' dir='ltr'>nyctei·</span> 
     </span>
     <span class='ocr_line' id='line_1_3' title="bbox 393 1337 1424 1425; baseline -0.001 -19"><span class='ocrx_word' id='word_1_10' title='bbox 393 1339 458 1425; x_wconf 73' lang='lat' dir='ltr'>peti</span> <span class='ocrx_word' id='word_1_11' title='bbox 473 1339 702 1425; x_wconf 71' lang='lat' dir='ltr'>opdczccctrdo</span> <span class='ocrx_word' id='word_1_12' title='bbox 717 1339 749 1404; x_wconf 79' lang='lat' dir='ltr'>o</span> <span class='ocrx_word' id='word_1_13' title='bbox 769 1337 818 1406; x_wconf 83' lang='lat' dir='ltr'>Olc</span> <span class='ocrx_word' id='word_1_14' title='bbox 834 1361 941 1424; x_wconf 85' lang='lat' dir='ltr'>comcs,</span> <span class='ocrx_word' id='word_1_15' title='bbox 957 1338 1164 1405; x_wconf 69' lang='lat' dir='ltr'>Samsonoaic</span> <span class='ocrx_word' id='word_1_16' title='bbox 1173 1339 1228 1421; x_wconf 85' lang='lat' dir='ltr'>fic</span> <span class='ocrx_word' id='word_1_17' title='bbox 1243 1340 1322 1404; x_wconf 74' lang='lat' dir='ltr'>kiizt</span> <span class='ocrx_word' id='word_1_18' title='bbox 1334 1341 1424 1405; x_wconf 82' lang='lat'><strong><em>1283.</em></strong></span> 
     </span>
    </p>
   </div>
   <div class='ocr_carea' id='block_1_3' title="bbox 307 1529 1482 4212">
    <p class='ocr_par' dir='ltr' id='par_1_3' title="bbox 307 1529 1482 4212">
     <span class='ocr_line' id='line_1_4' title="bbox 456 1529 1462 1628; baseline -0.001 -28"><span class='ocrx_word' id='word_1_19' title='bbox 456 1534 525 1601; x_wconf 87' lang='lat' dir='ltr'>Nos</span> <span class='ocrx_word' id='word_1_20' title='bbox 542 1531 716 1601; x_wconf 82' lang='lat' dir='ltr'>Ladiziuus</span> <span class='ocrx_word' id='word_1_21' title='bbox 742 1531 804 1598; x_wconf 91' lang='lat' dir='ltr'>Dei</span> <span class='ocrx_word' id='word_1_22' title='bbox 836 1529 949 1616; x_wconf 78' lang='lat' dir='ltr'><strong>gracia</strong></span> <span class='ocrx_word' id='word_1_23' title='bbox 962 1533 1050 1628; x_wconf 25' lang='lat' dir='ltr'>‘Rex</span> <span class='ocrx_word' id='word_1_24' title='bbox 1083 1531 1226 1614; x_wconf 88' lang='lat' dir='ltr'>Vngarie</span> <span class='ocrx_word' id='word_1_25' title='bbox 1258 1531 1462 1618; x_wconf 84' lang='lat' dir='ltr'>significamus</span> 
     </span>
     <span class='ocr_line' id='line_1_5' title="bbox 307 1639 1462 1728; baseline -0.005 -17"><span class='ocrx_word' id='word_1_26' title='bbox 307 1681 310 1688; x_wconf 87' lang='lat'>.</span> <span class='ocrx_word' id='word_1_27' title='bbox 349 1643 511 1712; x_wconf 82' lang='lat' dir='ltr'>uniuersis</span> <span class='ocrx_word' id='word_1_28' title='bbox 527 1643 642 1728; x_wconf 88' lang='lat' dir='ltr'>quibus</span> <span class='ocrx_word' id='word_1_29' title='bbox 658 1641 791 1726; x_wconf 85' lang='lat' dir='ltr'>expedit</span> <span class='ocrx_word' id='word_1_30' title='bbox 806 1639 1007 1727; x_wconf 85' lang='lat' dir='ltr'>presencium</span> <span class='ocrx_word' id='word_1_31' title='bbox 1024 1659 1081 1725; x_wconf 94' lang='lat' dir='ltr'>per</span> <span class='ocrx_word' id='word_1_32' title='bbox 1097 1646 1253 1728; x_wconf 90' lang='lat' dir='ltr'>tenorem,</span> <span class='ocrx_word' id='word_1_33' title='bbox 1285 1643 1371 1726; x_wconf 89' lang='lat' dir='ltr'>quod</span> <span class='ocrx_word' id='word_1_34' title='bbox 1397 1643 1462 1709; x_wconf 85' lang='lat' dir='ltr'>licet</span> 
     </span>
     <span class='ocr_line' id='line_1_6' title="bbox 351 1747 1462 1836; baseline -0.004 -19"><span class='ocrx_word' id='word_1_35' title='bbox 351 1751 439 1819; x_wconf 90' lang='lat' dir='ltr'>inter</span> <span class='ocrx_word' id='word_1_36' title='bbox 454 1749 609 1818; x_wconf 78' lang='lat' dir='ltr'><strong>Comitem</strong></span> <span class='ocrx_word' id='word_1_37' title='bbox 625 1748 678 1816; x_wconf 83' lang='lat' dir='ltr'>Oir</span> <span class='ocrx_word' id='word_1_38' title='bbox 694 1748 794 1816; x_wconf 87' lang='lat' dir='ltr'>filium</span> <span class='ocrx_word' id='word_1_39' title='bbox 810 1747 980 1815; x_wconf 84' lang='lat' dir='ltr'>Samsonis</span> <span class='ocrx_word' id='word_1_40' title='bbox 996 1747 1039 1814; x_wconf 84' lang='lat' dir='ltr'>ab</span> <span class='ocrx_word' id='word_1_41' title='bbox 1055 1765 1121 1812; x_wconf 83' lang='lat' dir='ltr'>una</span> <span class='ocrx_word' id='word_1_42' title='bbox 1136 1755 1240 1834; x_wconf 82' lang='lat' dir='ltr'>purte,</span> <span class='ocrx_word' id='word_1_43' title='bbox 1261 1758 1294 1816; x_wconf 91' lang='lat' dir='ltr'>et</span> <span class='ocrx_word' id='word_1_44' title='bbox 1309 1749 1390 1816; x_wconf 90' lang='lat' dir='ltr'>inter</span> <span class='ocrx_word' id='word_1_45' title='bbox 1402 1769 1462 1836; x_wconf 91' lang='lat' dir='ltr'>pro·</span> 
     </span>
     <span class='ocr_line' id='line_1_7' title="bbox 349 1853 1464 1941; baseline -0.004 -15"><span class='ocrx_word' id='word_1_46' title='bbox 349 1865 515 1926; x_wconf 74' lang='lat' dir='ltr'>curatores</span> <span class='ocrx_word' id='word_1_47' title='bbox 553 1877 611 1926; x_wconf 89' lang='lat' dir='ltr'>seu</span> <span class='ocrx_word' id='word_1_48' title='bbox 642 1855 799 1923; x_wconf 81' lang='lat' dir='ltr'>officiales</span> <span class='ocrx_word' id='word_1_49' title='bbox 831 1853 962 1920; x_wconf 86' lang='lat' dir='ltr'>domine</span> <span class='ocrx_word' id='word_1_50' title='bbox 994 1853 1184 1941; x_wconf 79' lang='lat' dir='ltr'>Elysabeth‚</span> <span class='ocrx_word' id='word_1_51' title='bbox 1217 1856 1338 1924; x_wconf 92' lang='lat' dir='ltr'>sororis</span> <span class='ocrx_word' id='word_1_52' title='bbox 1369 1863 1464 1924; x_wconf 89' lang='lat' dir='ltr'>nostre</span> 
     </span>
     <span class='ocr_line' id='line_1_8' title="bbox 349 1961 1463 2050; baseline -0.004 -19"><span class='ocrx_word' id='word_1_53' title='bbox 349 1965 535 2050; x_wconf 77' lang='lat' dir='ltr'>karissime,</span> <span class='ocrx_word' id='word_1_54' title='bbox 553 1972 586 2030; x_wconf 89' lang='lat' dir='ltr'>ct</span> <span class='ocrx_word' id='word_1_55' title='bbox 601 1965 741 2032; x_wconf 84' lang='lat' dir='ltr'>aliarum</span> <span class='ocrx_word' id='word_1_56' title='bbox 756 1981 900 2030; x_wconf 84' lang='lat' dir='ltr'>sororum</span> <span class='ocrx_word' id='word_1_57' title='bbox 917 1962 958 2028; x_wconf 82' lang='lat' dir='ltr'>de</span> <span class='ocrx_word' id='word_1_58' title='bbox 975 1961 1092 2028; x_wconf 79' lang='lat' dir='ltr'><strong>Insula</strong></span> <span class='ocrx_word' id='word_1_59' title='bbox 1107 1962 1208 2030; x_wconf 87' lang='lat' dir='ltr'>Beate</span> <span class='ocrx_word' id='word_1_60' title='bbox 1225 1962 1381 2048; x_wconf 81' lang='lat' dir='ltr'>Virginis,</span> <span class='ocrx_word' id='word_1_61' title='bbox 1408 1963 1463 2028; x_wconf 86' lang='lat' dir='ltr'>fra·</span> 
     </span>
     <span class='ocr_line' id='line_1_9' title="bbox 348 2069 1465 2157; baseline -0.006 -16"><span class='ocrx_word' id='word_1_62' title='bbox 348 2079 398 2141; x_wconf 89' lang='lat' dir='ltr'>tre</span> <span class='ocrx_word' id='word_1_63' title='bbox 413 2071 566 2142; x_wconf 84' lang='lat' dir='ltr'>uidelicet</span> <span class='ocrx_word' id='word_1_64' title='bbox 582 2073 695 2157; x_wconf 89' lang='lat' dir='ltr'>Paulo,</span> <span class='ocrx_word' id='word_1_65' title='bbox 711 2071 864 2138; x_wconf 84' lang='lat' dir='ltr'>Marcello</span> <span class='ocrx_word' id='word_1_66' title='bbox 882 2076 915 2137; x_wconf 93' lang='lat' dir='ltr'>et</span> <span class='ocrx_word' id='word_1_67' title='bbox 928 2069 1158 2138; x_wconf 80' lang='lat' dir='ltr'>Bartholomeo</span> <span class='ocrx_word' id='word_1_68' title='bbox 1175 2071 1374 2156; x_wconf 80' lang='lat' dir='ltr'>pro&#39;cisdem</span> <span class='ocrx_word' id='word_1_69' title='bbox 1389 2091 1465 2139; x_wconf 91' lang='lat' dir='ltr'>soro·</span> 
     </span>
     <span class='ocr_line' id='line_1_10' title="bbox 348 2177 1466 2264; baseline -0.003 -18"><span class='ocrx_word' id='word_1_70' title='bbox 348 2181 439 2248; x_wconf 91' lang='lat' dir='ltr'>ribus</span> <span class='ocrx_word' id='word_1_71' title='bbox 456 2179 498 2246; x_wconf 86' lang='lat' dir='ltr'>ab</span> <span class='ocrx_word' id='word_1_72' title='bbox 514 2181 619 2247; x_wconf 86' lang='lat' dir='ltr'>alteru</span> <span class='ocrx_word' id='word_1_73' title='bbox 644 2197 753 2247; x_wconf 85' lang='lat' dir='ltr'>coram</span> <span class='ocrx_word' id='word_1_74' title='bbox 784 2177 878 2244; x_wconf 88' lang='lat' dir='ltr'>nobis</span> <span class='ocrx_word' id='word_1_75' title='bbox 909 2177 1126 2263; x_wconf 75' lang='lat' dir='ltr'>personaliter</span> <span class='ocrx_word' id='word_1_76' title='bbox 1157 2177 1353 2263; x_wconf 88' lang='lat' dir='ltr'>constitutis,</span> <span class='ocrx_word' id='word_1_77' title='bbox 1382 2199 1466 2264; x_wconf 92' lang='lat' dir='ltr'>super</span> 
     </span>
     <span class='ocr_line' id='line_1_11' title="bbox 349 2285 1467 2375; baseline -0.004 -21"><span class='ocrx_word' id='word_1_78' title='bbox 349 2289 436 2356; x_wconf 82' lang='lat' dir='ltr'>iacto</span> <span class='ocrx_word' id='word_1_79' title='bbox 452 2288 589 2354; x_wconf 86' lang='lat' dir='ltr'>duarum</span> <span class='ocrx_word' id='word_1_80' title='bbox 607 2286 849 2375; x_wconf 91' lang='lat' dir='ltr'>possessionum</span> <span class='ocrx_word' id='word_1_81' title='bbox 866 2285 981 2353; x_wconf 85' lang='lat' dir='ltr'>Jenew</span> <span class='ocrx_word' id='word_1_82' title='bbox 1008 2293 1040 2352; x_wconf 89' lang='lat' dir='ltr'>et</span> <span class='ocrx_word' id='word_1_83' title='bbox 1065 2285 1160 2352; x_wconf 88' lang='lat' dir='ltr'>Nane</span> <span class='ocrx_word' id='word_1_84' title='bbox 1185 2295 1387 2374; x_wconf 82' lang='lat' dir='ltr'>occatorem,</span> <span class='ocrx_word' id='word_1_85' title='bbox 1414 2305 1467 2370; x_wconf 88' lang='lat' dir='ltr'>quc</span> 
     </span>
     <span class='ocr_line' id='line_1_12' title="bbox 349 2391 1468 2482; baseline -0.002 -20"><span class='ocrx_word' id='word_1_86' title='bbox 349 2395 433 2482; x_wconf 88' lang='lat' dir='ltr'>ipsis</span> <span class='ocrx_word' id='word_1_87' title='bbox 466 2394 630 2463; x_wconf 87' lang='lat' dir='ltr'>sororibus</span> <span class='ocrx_word' id='word_1_88' title='bbox 662 2414 720 2480; x_wconf 91' lang='lat' dir='ltr'>per</span> <span class='ocrx_word' id='word_1_89' title='bbox 751 2393 888 2479; x_wconf 85' lang='lat' dir='ltr'>Morian,</span> <span class='ocrx_word' id='word_1_90' title='bbox 921 2391 1022 2458; x_wconf 84' lang='lat' dir='ltr'>fllium</span> <span class='ocrx_word' id='word_1_91' title='bbox 1054 2391 1204 2479; x_wconf 83' lang='lat' dir='ltr'>Moryan,</span> <span class='ocrx_word' id='word_1_92' title='bbox 1234 2394 1468 2477; x_wconf 81' lang='lat' dir='ltr'>generacionem</span> 
     </span>
     <span class='ocr_line' id='line_1_13' title="bbox 349 2500 1468 2588; baseline -0.003 -19"><span class='ocrx_word' id='word_1_93' title='bbox 349 2501 494 2572; x_wconf 87' lang='lat' dir='ltr'>eiusdem</span> <span class='ocrx_word' id='word_1_94' title='bbox 512 2502 648 2570; x_wconf 77' lang='lat' dir='ltr'>Comitis</span> <span class='ocrx_word' id='word_1_95' title='bbox 664 2502 726 2586; x_wconf 62' lang='grc' dir='ltr'>Οἱς,</span> <span class='ocrx_word' id='word_1_96' title='bbox 745 2523 803 2588; x_wconf 92' lang='lat' dir='ltr'>pro</span> <span class='ocrx_word' id='word_1_97' title='bbox 820 2501 927 2568; x_wconf 85' lang='lat' dir='ltr'>salute</span> <span class='ocrx_word' id='word_1_98' title='bbox 942 2501 1052 2567; x_wconf 88' lang='lat' dir='ltr'>anime</span> <span class='ocrx_word' id='word_1_99' title='bbox 1082 2500 1229 2568; x_wconf 85' lang='lat' dir='ltr'>eiusdem</span> <span class='ocrx_word' id='word_1_100' title='bbox 1261 2502 1383 2570; x_wconf 89' lang='lat' dir='ltr'>collate</span> <span class='ocrx_word' id='word_1_101' title='bbox 1409 2501 1468 2567; x_wconf 83' lang='lat' dir='ltr'>iuc-</span> 
     </span>
     <span class='ocr_line' id='line_1_14' title="bbox 348 2608 1469 2699; baseline -0.004 -21"><span class='ocrx_word' id='word_1_102' title='bbox 348 2619 436 2696; x_wconf 87' lang='lat' dir='ltr'>rant,</span> <span class='ocrx_word' id='word_1_103' title='bbox 451 2611 589 2680; x_wconf 86' lang='lat' dir='ltr'>materia</span> <span class='ocrx_word' id='word_1_104' title='bbox 605 2609 788 2696; x_wconf 78' lang='lat' dir='ltr'>questionis</span> <span class='ocrx_word' id='word_1_105' title='bbox 805 2609 931 2676; x_wconf 87' lang='lat' dir='ltr'>diucius</span> <span class='ocrx_word' id='word_1_106' title='bbox 948 2608 1061 2677; x_wconf 84' lang='lat' dir='ltr'>inisset</span> <span class='ocrx_word' id='word_1_107' title='bbox 1078 2610 1257 2699; x_wconf 80' lang='lat' dir='ltr'>uentilata3</span> <span class='ocrx_word' id='word_1_108' title='bbox 1281 2617 1315 2677; x_wconf 91' lang='lat' dir='ltr'>et</span> <span class='ocrx_word' id='word_1_109' title='bbox 1332 2608 1469 2696; x_wconf 84' lang='lat' dir='ltr'>quemuis</span> 
     </span>
     <span class='ocr_line' id='line_1_15' title="bbox 351 2715 1470 2807; baseline -0.004 -21"><span class='ocrx_word' id='word_1_110' title='bbox 351 2719 437 2787; x_wconf 90' lang='lat' dir='ltr'>idem</span> <span class='ocrx_word' id='word_1_111' title='bbox 454 2717 569 2788; x_wconf 77' lang='lat' dir='ltr'>Comes</span> <span class='ocrx_word' id='word_1_112' title='bbox 585 2717 638 2786; x_wconf 81' lang='lat' dir='ltr'>Olr</span> <span class='ocrx_word' id='word_1_113' title='bbox 655 2721 801 2804; x_wconf 79' lang='lat' dir='ltr'>prefatas</span> <span class='ocrx_word' id='word_1_114' title='bbox 819 2715 1043 2804; x_wconf 86' lang='lat' dir='ltr'>possessiones</span> <span class='ocrx_word' id='word_1_115' title='bbox 1059 2717 1139 2784; x_wconf 86' lang='lat' dir='ltr'>dicti</span> <span class='ocrx_word' id='word_1_116' title='bbox 1171 2717 1319 2807; x_wconf 75' lang='lat' dir='ltr'>Motyon,</span> <span class='ocrx_word' id='word_1_117' title='bbox 1352 2719 1470 2786; x_wconf 76' lang='lat' dir='ltr'>racione</span> 
     </span>
     <span class='ocr_line' id='line_1_16' title="bbox 348 2823 1471 2913; baseline -0.003 -18"><span class='ocrx_word' id='word_1_118' title='bbox 348 2827 575 2913; x_wconf 83' lang='lat' dir='ltr'>generacicnis</span> <span class='ocrx_word' id='word_1_119' title='bbox 590 2827 694 2913; x_wconf 90' lang='lat' dir='ltr'>ipsius</span> <span class='ocrx_word' id='word_1_120' title='bbox 710 2827 771 2894; x_wconf 89' lang='lat' dir='ltr'>sibi</span> <span class='ocrx_word' id='word_1_121' title='bbox 790 2827 921 2894; x_wconf 89' lang='lat' dir='ltr'>deuolni</span> <span class='ocrx_word' id='word_1_122' title='bbox 938 2827 978 2891; x_wconf 84' lang='lat' dir='ltr'>‹le</span> <span class='ocrx_word' id='word_1_123' title='bbox 995 2825 1065 2891; x_wconf 87' lang='lat' dir='ltr'>inre</span> <span class='ocrx_word' id='word_1_124' title='bbox 1083 2823 1275 2913; x_wconf 81' lang='lat' dir='ltr'>affirmaret,</span> <span class='ocrx_word' id='word_1_125' title='bbox 1307 2833 1341 2894; x_wconf 87' lang='lat' dir='ltr'>ct</span> <span class='ocrx_word' id='word_1_126' title='bbox 1358 2827 1471 2894; x_wconf 83' lang='lat' dir='ltr'>litteras</span> 
     </span>
     <span class='ocr_line' id='line_1_17' title="bbox 351 2931 1472 3022; baseline -0.004 -18"><span class='ocrx_word' id='word_1_127' title='bbox 351 2955 410 3004; x_wconf 91' lang='lat' dir='ltr'>seu</span> <span class='ocrx_word' id='word_1_128' title='bbox 426 2935 604 3022; x_wconf 86' lang='lat' dir='ltr'>priuilegia</span> <span class='ocrx_word' id='word_1_129' title='bbox 619 2954 715 3022; x_wconf 90' lang='lat' dir='ltr'>super</span> <span class='ocrx_word' id='word_1_130' title='bbox 731 2934 817 3002; x_wconf 84' lang='lat' dir='ltr'>iacto</span> <span class='ocrx_word' id='word_1_131' title='bbox 835 2935 993 3000; x_wconf 87' lang='lat' dir='ltr'>dictarum</span> <span class='ocrx_word' id='word_1_132' title='bbox 1011 2932 1250 3018; x_wconf 89' lang='lat' dir='ltr'>possessionum</span> <span class='ocrx_word' id='word_1_133' title='bbox 1267 2931 1420 3004; x_wconf 86' lang='lat' dir='ltr'>fateretur</span> <span class='ocrx_word' id='word_1_134' title='bbox 1443 2954 1472 3000; x_wconf 86' lang='lat' dir='ltr'>se</span> 
     </span>
     <span class='ocr_line' id='line_1_18' title="bbox 346 3041 1472 3132; baseline 0.003 -21"><span class='ocrx_word' id='word_1_135' title='bbox 346 3045 467 3112; x_wconf 88' lang='lat' dir='ltr'>habere</span> <span class='ocrx_word' id='word_1_136' title='bbox 483 3067 491 3110; x_wconf 72' lang='grc' dir='ltr'><strong>ι</strong></span> <span class='ocrx_word' id='word_1_137' title='bbox 508 3051 615 3112; x_wconf 88' lang='lat' dir='ltr'>tamen</span> <span class='ocrx_word' id='word_1_138' title='bbox 631 3044 709 3127; x_wconf 87' lang='lat' dir='ltr'>quia</span> <span class='ocrx_word' id='word_1_139' title='bbox 724 3042 828 3109; x_wconf 89' lang='lat' dir='ltr'>uisum</span> <span class='ocrx_word' id='word_1_140' title='bbox 855 3042 946 3108; x_wconf 89' lang='lat' dir='ltr'>nobis</span> <span class='ocrx_word' id='word_1_141' title='bbox 978 3041 1095 3130; x_wconf 86' lang='lat' dir='ltr'>extitit,</span> <span class='ocrx_word' id='word_1_142' title='bbox 1110 3041 1197 3125; x_wconf 87' lang='lat' dir='ltr'>quod</span> <span class='ocrx_word' id='word_1_143' title='bbox 1214 3041 1303 3110; x_wconf 88' lang='lat' dir='ltr'>idem</span> <span class='ocrx_word' id='word_1_144' title='bbox 1337 3045 1472 3132; x_wconf 67' lang='lat' dir='ltr'>Moryaur</span> 
     </span>
     <span class='ocr_line' id='line_1_19' title="bbox 352 3151 1475 3239; baseline -0.001 -23"><span class='ocrx_word' id='word_1_145' title='bbox 352 3151 429 3220; x_wconf 86' lang='lat' dir='ltr'>dum</span> <span class='ocrx_word' id='word_1_146' title='bbox 445 3151 551 3219; x_wconf 89' lang='lat' dir='ltr'>adhuc</span> <span class='ocrx_word' id='word_1_147' title='bbox 572 3153 708 3239; x_wconf 84' lang='lat' dir='ltr'>uiueret,</span> <span class='ocrx_word' id='word_1_148' title='bbox 739 3151 883 3238; x_wconf 85' lang='lat' dir='ltr'>prefatas</span> <span class='ocrx_word' id='word_1_149' title='bbox 899 3151 1120 3238; x_wconf 87' lang='lat' dir='ltr'>possessiones</span> <span class='ocrx_word' id='word_1_150' title='bbox 1137 3171 1195 3236; x_wconf 92' lang='lat' dir='ltr'>pro</span> <span class='ocrx_word' id='word_1_151' title='bbox 1212 3152 1355 3220; x_wconf 87' lang='lat' dir='ltr'>remedio</span> <span class='ocrx_word' id='word_1_152' title='bbox 1379 3151 1475 3220; x_wconf 86' lang='lat' dir='ltr'>enimc</span> 
     </span>
     <span class='ocr_line' id='line_1_20' title="bbox 347 3258 1471 3349; baseline -0.004 -19"><span class='ocrx_word' id='word_1_153' title='bbox 347 3282 406 3330; x_wconf 90' lang='lat' dir='ltr'>sue</span> <span class='ocrx_word' id='word_1_154' title='bbox 421 3261 501 3347; x_wconf 92' lang='lat' dir='ltr'>ipsis</span> <span class='ocrx_word' id='word_1_155' title='bbox 517 3261 691 3345; x_wconf 84' lang='lat' dir='ltr'>sororibus,</span> <span class='ocrx_word' id='word_1_156' title='bbox 706 3259 824 3345; x_wconf 84' lang='lat' dir='ltr'>iugiter</span> <span class='ocrx_word' id='word_1_157' title='bbox 841 3261 910 3327; x_wconf 92' lang='lat' dir='ltr'>Deo</span> <span class='ocrx_word' id='word_1_158' title='bbox 926 3258 1171 3349; x_wconf 79' lang='lat' dir='ltr'>famulantibus,</span> <span class='ocrx_word' id='word_1_159' title='bbox 1192 3281 1233 3327; x_wconf 85' lang='lat' dir='ltr'>ex</span> <span class='ocrx_word' id='word_1_160' title='bbox 1265 3269 1379 3329; x_wconf 83' lang='lat' dir='ltr'>nostra</span> <span class='ocrx_word' id='word_1_161' title='bbox 1409 3279 1471 3346; x_wconf 87' lang='lat' dir='ltr'>per·</span> 
     </span>
     <span class='ocr_line' id='line_1_21' title="bbox 348 3367 1476 3456; baseline -0.001 -22"><span class='ocrx_word' id='word_1_162' title='bbox 348 3369 505 3438; x_wconf 84' lang='lat' dir='ltr'>missione</span> <span class='ocrx_word' id='word_1_163' title='bbox 521 3369 660 3436; x_wconf 86' lang='lat' dir='ltr'>dederat</span> <span class='ocrx_word' id='word_1_164' title='bbox 677 3375 708 3435; x_wconf 88' lang='lat' dir='ltr'>et</span> <span class='ocrx_word' id='word_1_165' title='bbox 724 3369 911 3453; x_wconf 79' lang='lat' dir='ltr'>lcgaueret3</span> <span class='ocrx_word' id='word_1_166' title='bbox 934 3387 993 3434; x_wconf 90' lang='lat' dir='ltr'>nos</span> <span class='ocrx_word' id='word_1_167' title='bbox 1009 3367 1141 3436; x_wconf 85' lang='lat' dir='ltr'>easdem</span> <span class='ocrx_word' id='word_1_168' title='bbox 1157 3367 1383 3452; x_wconf 87' lang='lat' dir='ltr'>possessiones</span> <span class='ocrx_word' id='word_1_169' title='bbox 1404 3367 1476 3456; x_wconf 88' lang='lat' dir='ltr'>ipsis</span> 
     </span>
     <span class='ocr_line' id='line_1_22' title="bbox 350 3473 1476 3565; baseline -0.002 -23"><span class='ocrx_word' id='word_1_170' title='bbox 350 3476 517 3544; x_wconf 86' lang='lat' dir='ltr'>sororibus</span> <span class='ocrx_word' id='word_1_171' title='bbox 532 3473 601 3542; x_wconf 89' lang='lat' dir='ltr'>iuro</span> <span class='ocrx_word' id='word_1_172' title='bbox 617 3481 774 3563; x_wconf 84' lang='lat' dir='ltr'>perpetuo</span> <span class='ocrx_word' id='word_1_173' title='bbox 790 3480 823 3541; x_wconf 88' lang='lat' dir='ltr'>et</span> <span class='ocrx_word' id='word_1_174' title='bbox 838 3473 1096 3542; x_wconf 86' lang='lat' dir='ltr'>irreuooabiiiter</span> <span class='ocrx_word' id='word_1_175' title='bbox 1106 3475 1325 3565; x_wconf 86' lang='lat' dir='ltr'>permisimus,</span> <span class='ocrx_word' id='word_1_176' title='bbox 1341 3497 1398 3546; x_wconf 92' lang='lat' dir='ltr'>sen</span> <span class='ocrx_word' id='word_1_177' title='bbox 1408 3475 1476 3545; x_wconf 88' lang='lat' dir='ltr'>reli-</span> 
     </span>
     <span class='ocr_line' id='line_1_23' title="bbox 350 3581 1479 3671; baseline 0.002 -23"><span class='ocrx_word' id='word_1_178' title='bbox 350 3581 478 3666; x_wconf 88' lang='lat' dir='ltr'>quimus</span> <span class='ocrx_word' id='word_1_179' title='bbox 495 3583 625 3650; x_wconf 88' lang='lat' dir='ltr'>racione</span> <span class='ocrx_word' id='word_1_180' title='bbox 641 3583 719 3649; x_wconf 90' lang='lat' dir='ltr'>iuris</span> <span class='ocrx_word' id='word_1_181' title='bbox 735 3581 921 3650; x_wconf 83' lang='lat' dir='ltr'>earumdem</span> <span class='ocrx_word' id='word_1_182' title='bbox 937 3581 1163 3668; x_wconf 86' lang='lat' dir='ltr'>possidendas,</span> <span class='ocrx_word' id='word_1_183' title='bbox 1180 3581 1354 3651; x_wconf 88' lang='lat' dir='ltr'>silenoium</span> <span class='ocrx_word' id='word_1_184' title='bbox 1370 3603 1479 3671; x_wconf 90' lang='lat' dir='ltr'>perpe·</span> 
     </span>
     <span class='ocr_line' id='line_1_24' title="bbox 348 3689 1478 3778; baseline 0.003 -22"><span class='ocrx_word' id='word_1_185' title='bbox 348 3695 438 3756; x_wconf 91' lang='lat' dir='ltr'>tuum</span> <span class='ocrx_word' id='word_1_186' title='bbox 455 3699 632 3758; x_wconf 85' lang='lat' dir='ltr'>memorato</span> <span class='ocrx_word' id='word_1_187' title='bbox 649 3689 764 3759; x_wconf 75' lang='lat' dir='ltr'>comiti</span> <span class='ocrx_word' id='word_1_188' title='bbox 782 3689 834 3756; x_wconf 86' lang='lat' dir='ltr'>Ok</span> <span class='ocrx_word' id='word_1_189' title='bbox 851 3710 949 3776; x_wconf 88' lang='lat' dir='ltr'>super</span> <span class='ocrx_word' id='word_1_190' title='bbox 965 3690 1054 3758; x_wconf 84' lang='lat' dir='ltr'>facto</span> <span class='ocrx_word' id='word_1_191' title='bbox 1065 3689 1225 3759; x_wconf 87' lang='lat' dir='ltr'>dictarum</span> <span class='ocrx_word' id='word_1_192' title='bbox 1236 3695 1478 3778; x_wconf 85' lang='lat' dir='ltr'>possessionum</span> 
     </span>
     <span class='ocr_line' id='line_1_25' title="bbox 349 3796 1480 3888; baseline 0.002 -24"><span class='ocrx_word' id='word_1_193' title='bbox 349 3796 487 3866; x_wconf 86' lang='lat' dir='ltr'>ulterius</span> <span class='ocrx_word' id='word_1_194' title='bbox 502 3797 705 3886; x_wconf 88' lang='lat' dir='ltr'>imponendo,</span> <span class='ocrx_word' id='word_1_195' title='bbox 738 3797 919 3884; x_wconf 82' lang='lat' dir='ltr'>predictam</span> <span class='ocrx_word' id='word_1_196' title='bbox 935 3807 1055 3867; x_wconf 86' lang='lat' dir='ltr'>terram</span> <span class='ocrx_word' id='word_1_197' title='bbox 1071 3798 1205 3868; x_wconf 83' lang='lat' dir='ltr'>domins</span> <span class='ocrx_word' id='word_1_198' title='bbox 1221 3802 1412 3888; x_wconf 80' lang='lat' dir='ltr'>Elysabeth,</span> <span class='ocrx_word' id='word_1_199' title='bbox 1453 3807 1480 3868; x_wconf 87' lang='lat' dir='ltr'>et</span> 
     </span>
     <span class='ocr_line' id='line_1_26' title="bbox 348 3905 1476 3994; baseline 0.002 -23"><span class='ocrx_word' id='word_1_200' title='bbox 348 3905 415 3972; x_wconf 86' lang='lat' dir='ltr'>alie</span> <span class='ocrx_word' id='word_1_201' title='bbox 430 3924 557 3974; x_wconf 90' lang='lat' dir='ltr'>sorores</span> <span class='ocrx_word' id='word_1_202' title='bbox 572 3921 704 3994; x_wconf 81' lang='lat' dir='ltr'>propter</span> <span class='ocrx_word' id='word_1_203' title='bbox 720 3907 839 3975; x_wconf 89' lang='lat' dir='ltr'>bonum</span> <span class='ocrx_word' id='word_1_204' title='bbox 856 3907 958 3992; x_wconf 85' lang='lat' dir='ltr'>pacis,</span> <span class='ocrx_word' id='word_1_205' title='bbox 990 3925 1031 3973; x_wconf 90' lang='lat' dir='ltr'>ne</span> <span class='ocrx_word' id='word_1_206' title='bbox 1047 3907 1186 3976; x_wconf 91' lang='lat' dir='ltr'>ulterius</span> <span class='ocrx_word' id='word_1_207' title='bbox 1202 3911 1344 3977; x_wconf 83' lang='lat' dir='ltr'>materia</span> <span class='ocrx_word' id='word_1_208' title='bbox 1370 3911 1476 3994; x_wconf 86' lang='lat' dir='ltr'>aliqua</span> 
     </span>
     <span class='ocr_line' id='line_1_27' title="bbox 347 4012 1481 4104; baseline 0.004 -25"><span class='ocrx_word' id='word_1_209' title='bbox 347 4012 526 4096; x_wconf 84' lang='lat' dir='ltr'>questionis</span> <span class='ocrx_word' id='word_1_210' title='bbox 543 4015 675 4082; x_wconf 90' lang='lat' dir='ltr'>racione</span> <span class='ocrx_word' id='word_1_211' title='bbox 691 4016 931 4101; x_wconf 90' lang='lat' dir='ltr'>possessionum</span> <span class='ocrx_word' id='word_1_212' title='bbox 948 4015 1168 4101; x_wconf 86' lang='lat' dir='ltr'>predictarum</span> <span class='ocrx_word' id='word_1_213' title='bbox 1192 4019 1306 4086; x_wconf 85' lang='lat' dir='ltr'>ualeat</span> <span class='ocrx_word' id='word_1_214' title='bbox 1332 4021 1385 4087; x_wconf 88' lang='lat' dir='ltr'>uei</span> <span class='ocrx_word' id='word_1_215' title='bbox 1415 4037 1481 4104; x_wconf 90' lang='lat' dir='ltr'>pos·</span> 
     </span>
     <span class='ocr_line' id='line_1_28' title="bbox 348 4120 1482 4212; baseline 0.004 -24"><span class='ocrx_word' id='word_1_216' title='bbox 348 4120 391 4188; x_wconf 87' lang='lat' dir='ltr'>sit</span> <span class='ocrx_word' id='word_1_217' title='bbox 407 4140 562 4207; x_wconf 89' lang='lat' dir='ltr'>processu</span> <span class='ocrx_word' id='word_1_218' title='bbox 579 4123 732 4210; x_wconf 88' lang='lat' dir='ltr'>temporis</span> <span class='ocrx_word' id='word_1_219' title='bbox 750 4125 911 4211; x_wconf 89' lang='lat' dir='ltr'>generari,</span> <span class='ocrx_word' id='word_1_220' title='bbox 928 4123 1096 4210; x_wconf 87' lang='lat' dir='ltr'>quandam</span> <span class='ocrx_word' id='word_1_221' title='bbox 1113 4134 1244 4206; x_wconf 85' lang='lat' dir='ltr'>terram,</span> <span class='ocrx_word' id='word_1_222' title='bbox 1278 4148 1339 4194; x_wconf 93' lang='lat' dir='ltr'>seu</span> <span class='ocrx_word' id='word_1_223' title='bbox 1355 4145 1482 4212; x_wconf 88' lang='lat' dir='ltr'>posses·</span> 
     </span>
    </p>
   </div>
   <div class='ocr_carea' id='block_1_4' title="bbox 347 4226 1489 4752">
    <p class='ocr_par' dir='ltr' id='par_1_4' title="bbox 347 4226 1489 4752">
     <span class='ocr_line' id='line_1_29' title="bbox 347 4226 1474 4320; baseline 0.005 -26"><span class='ocrx_word' id='word_1_224' title='bbox 347 4226 471 4296; x_wconf 86' lang='lat' dir='ltr'>sionem</span> <span class='ocrx_word' id='word_1_225' title='bbox 495 4227 639 4316; x_wconf 88' lang='lat' dir='ltr'>predicte</span> <span class='ocrx_word' id='word_1_226' title='bbox 662 4232 807 4300; x_wconf 83' lang='lat' dir='ltr'>Ecclesia</span> <span class='ocrx_word' id='word_1_227' title='bbox 838 4233 939 4300; x_wconf 87' lang='lat' dir='ltr'>Beate</span> <span class='ocrx_word' id='word_1_228' title='bbox 970 4233 1114 4318; x_wconf 75' lang='lat' dir='ltr'>Virginis</span> <span class='ocrx_word' id='word_1_229' title='bbox 1162 4233 1287 4320; x_wconf 85' lang='lat' dir='ltr'>Seymii</span> <span class='ocrx_word' id='word_1_230' title='bbox 1321 4241 1474 4318; x_wconf 85' lang='lat' dir='ltr'>uocatam,</span> 
     </span>
     <span class='ocr_line' id='line_1_30' title="bbox 352 4336 1482 4431; baseline 0.004 -29"><span class='ocrx_word' id='word_1_231' title='bbox 352 4336 475 4420; x_wconf 89' lang='lat' dir='ltr'>absque</span> <span class='ocrx_word' id='word_1_232' title='bbox 513 4337 693 4423; x_wconf 86' lang='lat' dir='ltr'>preiudicio</span> <span class='ocrx_word' id='word_1_233' title='bbox 732 4339 876 4409; x_wconf 85' lang='lat' dir='ltr'>Ecclesie</span> <span class='ocrx_word' id='word_1_234' title='bbox 915 4339 1288 4431; x_wconf 80' lang='lat' dir='ltr'>Quinqneeccicsiensis‚</span> <span class='ocrx_word' id='word_1_235' title='bbox 1321 4363 1420 4430; x_wconf 81' lang='lat' dir='ltr'>quum</span> <span class='ocrx_word' id='word_1_236' title='bbox 1453 4343 1482 4408; x_wconf 92' lang='lat' dir='ltr'>in</span> 
     </span>
     <span class='ocr_line' id='line_1_31' title="bbox 352 4441 1482 4538; baseline 0.004 -26"><span class='ocrx_word' id='word_1_237' title='bbox 352 4441 469 4512; x_wconf 84' lang='lat' dir='ltr'>cadem</span> <span class='ocrx_word' id='word_1_238' title='bbox 487 4447 630 4514; x_wconf 87' lang='lat' dir='ltr'>assernit</span> <span class='ocrx_word' id='word_1_239' title='bbox 653 4448 784 4536; x_wconf 86' lang='lat' dir='ltr'>habere,</span> <span class='ocrx_word' id='word_1_240' title='bbox 801 4470 864 4534; x_wconf 87' lang='lat' dir='ltr'>qne</span> <span class='ocrx_word' id='word_1_241' title='bbox 881 4449 1014 4533; x_wconf 89' lang='lat' dir='ltr'>quidem</span> <span class='ocrx_word' id='word_1_242' title='bbox 1030 4450 1195 4538; x_wconf 86' lang='lat' dir='ltr'>possessio</span> <span class='ocrx_word' id='word_1_243' title='bbox 1211 4451 1339 4538; x_wconf 80' lang='lat' dir='ltr'>Scymil</span> <span class='ocrx_word' id='word_1_244' title='bbox 1359 4457 1482 4534; x_wconf 73' lang='lat' dir='ltr'>uocato,</span> 
     </span>
     <span class='ocr_line' id='line_1_32' title="bbox 352 4554 1488 4648; baseline 0.008 -33"><span class='ocrx_word' id='word_1_245' title='bbox 352 4557 531 4620; x_wconf 83' lang='lat' dir='ltr'>memorate</span> <span class='ocrx_word' id='word_1_246' title='bbox 548 4554 692 4623; x_wconf 82' lang='lat' dir='ltr'>Ecclesie</span> <span class='ocrx_word' id='word_1_247' title='bbox 707 4555 808 4626; x_wconf 89' lang='lat' dir='ltr'>Beate</span> <span class='ocrx_word' id='word_1_248' title='bbox 824 4557 971 4643; x_wconf 86' lang='lat' dir='ltr'>Virginis</span> <span class='ocrx_word' id='word_1_249' title='bbox 987 4579 1046 4648; x_wconf 90' lang='lat' dir='ltr'>per</span> <span class='ocrx_word' id='word_1_250' title='bbox 1062 4561 1218 4630; x_wconf 84' lang='lat' dir='ltr'>Comitem</span> <span class='ocrx_word' id='word_1_251' title='bbox 1235 4561 1375 4630; x_wconf 84' lang='lat' dir='ltr'>Nemam</span> <span class='ocrx_word' id='word_1_252' title='bbox 1389 4563 1488 4630; x_wconf 82' lang='lat' dir='ltr'>filium</span> 
     </span>
     <span class='ocr_line' id='line_1_33' title="bbox 347 4655 1489 4752; baseline 0.011 -32"><span class='ocrx_word' id='word_1_253' title='bbox 347 4655 464 4741; x_wconf 82' lang='lat' dir='ltr'>Pocae,</span> <span class='ocrx_word' id='word_1_254' title='bbox 487 4663 738 4742; x_wconf 86' lang='lat' dir='ltr'>generacionem</span> <span class='ocrx_word' id='word_1_255' title='bbox 755 4663 859 4752; x_wconf 91' lang='lat' dir='ltr'>ipsius</span> <span class='ocrx_word' id='word_1_256' title='bbox 874 4664 1009 4735; x_wconf 78' lang='lat' dir='ltr'>(tomitis</span> <span class='ocrx_word' id='word_1_257' title='bbox 1025 4665 1077 4735; x_wconf 89' lang='lat' dir='ltr'>Ok</span> <span class='ocrx_word' id='word_1_258' title='bbox 1095 4672 1293 4740; x_wconf 86' lang='lat' dir='ltr'>asserebant</span> <span class='ocrx_word' id='word_1_259' title='bbox 1310 4691 1382 4740; x_wconf 89' lang='lat' dir='ltr'>esse</span> <span class='ocrx_word' id='word_1_260' title='bbox 1396 4669 1489 4738; x_wconf 84' lang='lat' dir='ltr'>coitu·</span> 
     </span>
    </p>
   </div>
   <div class='ocr_carea' id='block_1_5' title="bbox 0 0 1542 5140">
    <p class='ocr_par' dir='ltr' id='par_1_5' title="bbox 0 0 1542 5140">
     <span class='ocr_line' id='line_1_34' title="bbox 0 0 1542 5140; baseline 0 0"><span class='ocrx_word' id='word_1_261' title='bbox 0 0 1542 5140; x_wconf 95' lang='lat' dir='ltr'> </span> 
     </span>
    </p>
   </div>
  </div>
 </body>
</html>
