3170 5166
635 351 795 460 *osr—

147 553 239 624 Elias
255 555 289 622 et
304 549 436 634 levanea
450 545 508 638 lilij
525 547 610 620 Wde
624 550 751 622 nobiles
767 547 959 640 iobagiones
975 499 1151 642 (useless)
1167 555 1278 623 nostro

150 665 193 732 do
208 661 289 731 uilla
303 659 427 747 Baeba,
443 659 611 729 dimidiam
629 668 753 746 partem
785 661 889 747 ipsius
919 660 1137 747 possessionis
1168 661 1278 730 Aroba

149 778 268 840 vooate
297 787 319 836 a
344 767 474 856 prelato
491 767 674 836 venerabili
703 774 796 854 patre
825 767 1076 856 Arebiepiseopo
1107 767 1277 838 Colooensi
1391 765 1396 776 '

148 899 224 948 aum
239 876 342 946 tribus
357 875 473 944 mareis
490 873 653 963 (propri)a
669 868 781 944 eorum
799 876 938 962 pecunia
953 875 987 942 in
1003 875 1090 944 dioto
1107 875 1160 946 die
1175 877 1274 965 medij

146 985 274 1054 xtme
303 1004 345 1052 ex
374 989 487 1056 nestra
517 984 731 1070 permissione
761 983 974 1072 redemerunt,
1005 991 1038 1052 et
1052 1004 1112 1054 nos
1139 985 1276 1056 eandem

147 1092 319 1162 dimidiam
335 1099 462 1178 partem
476 1089 581 1176 ipsius
596 1091 814 1179 possessionis
844 1093 931 1160 Area
962 1097 1086 1179 uocate,
1118 1112 1179 1179 per
1208 1114 1278 1181 pro·

148 1201 254 1270 diotos
285 1199 392 1268 Elian
407 1203 440 1268 ot
456 1197 618 1267 lwanoam
649 1197 853 1286 redemptam
878 1219 950 1266 oum
966 1199 1115 1268 omnibus
1130 1199 1278 1269 utilitati·

148 1311 211 1378 bus
227 1315 259 1376 et
273 1305 496 1396 pertiueueijs,
513 1305 638 1376 seilicet
653 1327 726 1374 oum
743 1327 838 1394 aqua,
854 1309 925 1377 loeo
949 1305 1138 1393 molendini,
1155 1317 1187 1376 ot
1201 1309 1279 1396 alijs

148 1414 322 1502 atiusueljs
353 1415 476 1482 eisdem
507 1413 580 1483 Elia
612 1421 645 1482 et
660 1415 802 1494 Iwonos,
818 1420 974 1482 eteorum
1000 1411 1175 1482 heredibus
1189 1415 1279 1484 here·

148 1525 270 1594 dumne
285 1541 416 1618 suorum
431 1521 674 1593 suceessoribus
690 1521 891 1610 reliquimus,
916 1522 1065 1591 dedimus
1081 1530 1114 1592 et
1144 1523 1278 1591 eontuli-

148 1652 223 1700 mus
238 1649 297 1718 pro
314 1629 433 1699 eisdem
450 1629 553 1697 tribus
570 1629 696 1718 mareis,
706 1649 914 1699 exoonsensu
930 1630 1064 1700 fratrum
1080 1637 1275 1718 nostrorum,

147 1747 184 1809 et
198 1739 365 1808 uoluntate
388 1737 530 1806 omnium
560 1737 719 1806 nobilium
749 1737 958 1823 iobngionum
988 1737 1138 1819 Euolesie
1168 1743 1278 1806 nostre

149 1852 307 1934 perpetuo
322 1850 355 1914 et
368 1843 625 1914 inenodabiliter
654 1845 897 1932 possidendam,
918 1845 1090 1914 tenendum
1106 1844 1228 1932 pariter
1243 1853 1277 1916 et

148 1953 345 2041 habendam,
360 1952 451 2021 nullo
467 1971 507 2019 ex
517 1951 599 2037 ipsis
608 1951 843 2038 jobagiouibus
858 1946 1005 2020 Eoelesie
1020 1949 1274 2022 contradicente.

149 2062 222 2130 Hoe
251 2060 354 2130 eniam
384 2057 524 2143 adleoto,
553 2059 642 2148 quod
672 2058 851 2130 sessionem
882 2061 970 2128 eirea
988 2060 1158 2130 ecelesiam
1174 2061 1276 2131 Beato

150 2167 297 2255 Virginis
313 2169 347 2236 in
362 2169 430 2238 olla
443 2177 532 2244 terra
548 2175 660 2236 nostra
672 2165 828 2236 Zotbmar
858 2174 975 2236 uooota
1006 2168 1128 2236 eisdem
1158 2169 1230 2237 lille
1245 2177 1278 2240 et

149 2279 284 2347 stuoa
313 2275 530 2344 oonoessimus
561 2284 594 2344 et
608 2275 769 2344 dedimus.
800 2277 839 2342 ln
855 2275 948 2346 ouius
977 2275 1025 2344 rei
1040 2276 1228 2346 memoriam
1244 2283 1278 2348 et

150 2390 341 2474 perpetuam
355 2383 568 2454 stabilitatem
584 2402 643 2452 seu
658 2383 844 2472 firmitatem
860 2395 1031 2472 presentes
1056 2385 1277 2454 eoneeusimus

150 2491 333 2578 sigillorum
371 2495 555 2560 nostrorum
594 2491 771 2560 munimine
813 2493 994 2564 roboratas.
1032 2491 1149 2560 Aotum
1190 2515 1278 2562 anno

148 2600 285 2678 Domini
301 2598 419 2670 ΜΨ
442 2598 655 2686 nonogesimo
671 2620 765 2669 nono.
795 2601 948 2670 Joltonne
979 2603 1125 2688 Deesno,
1155 2601 1278 2672 Jaeobo

151 2707 306 2789 (lustodo,
323 2715 355 2782 et
369 2708 487 2780 esteris
502 2708 656 2779 iratribus
673 2708 811 2778 fideliter
827 2709 861 2778 in
881 2708 1027 2777 lleelesia
1043 2709 1105 2777 Dei
1120 2709 1279 2780 famulan-

151 2817 248 2888 tibus.
263 2817 396 2886 Andrea
411 2817 477 2886 filio
492 2817 643 2902 Horegus
659 2818 783 2888 Comite
795 2818 963 2905 existente,
983 2817 1048 2886 alio
1063 2817 1195 2886 Andreu
1211 2816 1278 2884 lilio

149 2925 245 2994 Boxa
271 2922 425 2996 similiter
457 2917 579 2994 Curiati
605 2925 731 2994 Comito
749 2924 926 3010 existente,
950 2924 1076 2994 'llboma
1090 2923 1157 2990 lilio
1172 2923 1278 2992 Oues-

148 3029 538 3121 tev,1t0nian0‚oomtte
568 3033 676 3102 Pensa
706 3032 749 3100 de
779 3033 862 3120 Aps,
894 3031 1018 3100 Gemite
1048 3031 1221 3100 Ambrosio
1237 3030 1280 3098 de

148 3141 244 3210 lusan
273 3139 502 3226 iobagionibus
531 3137 676 3210 deelesie
701 3139 922 3228 existentibus,
936 3147 969 3208 et
983 3140 1017 3208 in
1034 3139 1278 3227 preseuoiarum

149 3248 349 3324 astsntrbus.

150 3445 295 3512 (Eredetis
307 3446 492 3514 borhdrtytn,
505 3448 634 3513 melynelr
647 3447 695 3500 luet
708 3449 772 3500 abld
786 3447 1021 3514 selyemnsinbron
1032 3449 1150 3516 fliggiitt
1159 3417 1280 3519 paerseje

350 3537 502 3606 slvesuett3
529 3553 547 3590 a
564 3539 651 3591 budai
668 3540 721 3592 luir.
739 3539 866 3592 ksmarai
885 3539 1082 3606 levtltirban.)
