3096 5160
759 317 908 416 jue

275 515 360 583 eiam
376 511 482 600 ipsius
499 509 640 596 Capituli
656 509 805 580 Eeolosie
820 509 1053 596 Strigoniensis
1078 509 1272 596 secedendo,
1303 531 1403 597 super

275 623 362 691 tauto
377 621 601 690 uniuersorum
632 619 875 707 possessionum
906 637 1038 686 auarum
1068 619 1102 686 in
1133 617 1255 686 eisdem
1286 618 1405 688 litteris

274 733 507 796 annotaturum
523 747 582 814 per
596 727 765 796 arbitrium
781 727 926 796 eiusdem
943 726 1066 794 domini
1087 725 1252 814 Episcopi,
1270 724 1406 794 Comitis

272 837 400 905 Thema
415 835 542 904 Judiois
558 831 654 904 (iuria
670 833 791 904 domini
807 835 916 924 Regis,
932 835 1152 922 Wogoumerij
1171 833 1304 904 Comitis
1314 835 1406 902 Hnn·

276 943 389 1032 tensis,
406 950 439 1012 et
455 941 591 1011 Comitis
621 941 752 1013 Andros
782 941 840 1028 filij
872 943 1007 1012 Comitis
1038 940 1167 1010 Andros
1199 941 1332 1010 Comitis
1362 942 1406 1010 de

274 1051 401 1142 Aryna,
433 1050 586 1122 Iwanehe
601 1057 634 1118 et
648 1049 779 1120 Nieolui
794 1049 929 1118 fratrum
945 1069 1088 1139 suorum,
1119 1047 1253 1118 comitis
1278 1049 1407 1116 Fotkus

275 1161 317 1230 de
340 1158 478 1245 Chalad,
503 1159 636 1228 biartini
653 1157 695 1228 de
710 1157 938 1246 Sabakereky,
970 1165 1003 1226 et
1018 1156 1204 1241 Bodomerij
1223 1157 1264 1224 de
1280 1156 1404 1242 Diuak,

275 1267 434 1338 dixissent
449 1266 534 1336 inter
549 1268 656 1354 ipsum
673 1265 830 1336 Comitem
846 1265 1040 1334 btiohaelem
1071 1285 1111 1333 au
1141 1265 1224 1334 tilios
1255 1264 1406 1334 eiusdem

275 1375 412 1445 Comitis
426 1373 606 1462 biiobaeiis,
639 1373 726 1444 filios
751 1372 885 1442 Comitis
916 1369 1056 1460 Andrus,
1087 1393 1128 1442 ao
1156 1371 1239 1440 filios
1270 1371 1407 1440 Comitis

275 1483 400 1554 Thome
415 1484 676 1572 supradictorum
693 1483 830 1552 fratrum
846 1503 975 1554 snorum
992 1482 1032 1551 de
1047 1481 1213 1552 amicabili
1229 1481 1407 1551 uoneordia

277 1609 350 1662 esso
365 1591 474 1662 taliter
489 1590 674 1660 ordinatum
691 1616 699 1657 :
717 1589 812 1670 Quod
828 1589 989 1678 possessio
1005 1589 1180 1659 sineterra
1204 1607 1315 1659 eorum
1346 1591 1405 1659 be·

277 1699 435 1769 redituris
451 1699 637 1786 Elepb'antb
652 1705 850 1787 nunenpatu,
882 1715 955 1768 oum
971 1699 1040 1768 suis
1056 1698 1261 1788 utilitatibus,
1292 1705 1324 1767 et
1339 1719 1407 1767 mo-

276 1808 418 1879 lendinis
433 1829 473 1878 ae
487 1807 697 1898 pertineneijs
713 1808 883 1897 uniuersis,
916 1815 948 1876 et
964 1813 1056 1877 terra
1080 1807 1223 1878 Zalakus
1250 1807 1406 1896 emptioia

278 1917 456 1988 eorundem
471 1916 513 1989 de
528 1915 693 1988 comiato
710 1903 881 2004 Nitriensi,
898 1922 931 1984 et
946 1915 1110 2004 possessio
1125 1915 1197 1986 siue
1213 1923 1299 1986 terra
1313 1919 1406 2003 Moy-

278 2023 334 2094 teb
350 2026 482 2095 nomine
497 2025 540 2095 ds
555 2023 717 2094 Gomitatn
733 2023 935 2112 Poeoniensi,
951 2025 985 2092 in
1000 2029 1125 2112 partem
1141 2025 1408 2095 eorundemfilio-

277 2153 348 2204 rum
373 2132 509 2203 Comitis
534 2133 665 2204 andree
695 2131 868 2203 cessissent
899 2133 934 2200 in
965 2138 1155 2220 perpetuum
1186 2133 1408 2220 possidende3

278 2245 500 2330 possessiones
515 2263 594 2312 vero
609 2244 680 2312 eine
695 2249 789 2331 terro,
804 2239 958 2311 videlieet
973 2241 1185 2328 Fonteianoh,
1201 2243 1235 2312 in
1244 2265 1309 2330 qna
1318 2253 1408 2314 osset
1427 2275 1431 2282 ·

279 2351 416 2420 ecelesia
429 2349 543 2419 Saneti
566 2349 708 2438 Martini,
739 2357 773 2418 et
797 2348 1049 2420 Lanataebr‘euld
1081 2350 1212 2440 ibidem,
1244 2359 1277 2421 et
1307 2359 1408 2441 terra,

279 2477 376 2543 quam
391 2478 413 2527 a
428 2457 552 2526 Gemite
566 2455 669 2526 Paulo
684 2458 752 2527 titio
766 2459 854 2526 Petri
884 2464 1024 2544 oognato
1054 2460 1197 2546 ipsorum
1229 2462 1410 2548 ampoionis

280 2566 376 2636 titulo
392 2585 429 2634 se
452 2565 674 2636 asseruissent
697 2566 870 2636 babuisse:
895 2574 928 2634 et
958 2572 1047 2636 terra
1077 2567 1208 2656 Gereky
1238 2567 1409 2653 wlgariter

280 2681 476 2764 nnneupsta,
507 2681 540 2744 et
555 2682 640 2744 terre
655 2674 820 2743 Podinsun
846 2681 879 2742 et
908 2673 999 2743 Beed
1029 2681 1147 2745 vocate
1177 2677 1211 2744 iu
1243 2677 1409 2748 Comitatn

281 2782 447 2872 Nitriensi,
465 2789 531 2854 tres
546 2791 632 2854 terre
648 2783 802 2869 Fouebal,
835 2801 971 2866 quarum
986 2783 1021 2850 in
1049 2784 1175 2853 duabus
1205 2793 1316 2854 essent
1346 2785 1410 2854 due

282 2891 430 2981 eeclesia,
447 2893 572 2961 soitioet
586 2891 700 2960 Sancti
714 2891 803 2960 Petri
820 2896 852 2959 et
867 2891 979 2959 Sanoti
991 2891 1141 2979 Spiritus,
1159 2889 1274 2980 cyson,
1292 2895 1409 2964 Boros·

282 2998 386 3088 ienld,
411 3001 536 3089 Dayoa,
566 2999 770 3088 Feuidiolua,
800 2999 965 3089 Feroniam,
996 3007 1030 3068 et
1055 3001 1197 3086 quinque
1228 3007 1315 3070 terre
1346 3003 1411 3072 Sur

281 3114 406 3194 sonate,
438 3127 479 3176 ex
510 3107 627 3194 quibus
657 3127 723 3178 vna
749 3113 834 3176 esset
859 3107 1058 3177 hereditaria
1074 3109 1260 3194 eorundem,
1291 3110 1411 3195 inqua

282 3223 370 3286 esset
386 3216 525 3284 eoelesia
539 3217 652 3284 Sanoti
668 3215 848 3304 Miebaelis,
864 3215 930 3282 aliu
946 3221 1034 3286 esset
1048 3215 1121 3303 Sur,
1138 3237 1200 3304 que
1217 3225 1304 3286 esset
1319 3237 1410 3308 emp-

283 3324 362 3392 tieia
376 3324 480 3410 ipsius
496 3323 641 3411 Comitis,
656 3332 691 3394 vt
707 3324 910 3412 asseruisset,
925 3322 975 3414 (a)
991 3324 1161 3411 Myebaele
1185 3333 1218 3394 et
1247 3325 1411 3394 Bemaldo

283 3431 348 3502 biio
364 3431 448 3500 Bala
457 3431 636 3519 jobagiona
646 3433 754 3502 Oastri
764 3432 973 3502 Posoniensis
983 3453 1042 3520 per
1058 3431 1412 3525 empeionemoptenta,

284 3539 448 3626 quainter
463 3542 553 3628 ipsos
569 3541 759 3610 diuisionem
776 3541 884 3609 subire
900 3562 964 3610 non
981 3541 1122 3626 deberat,
1139 3547 1172 3610 et
1188 3542 1317 3611 residue
1327 3549 1412 3612 terre

283 3650 347 3718 Sur
361 3655 477 3718 vueate
492 3649 679 3735 existerent,
695 3669 776 3735 quas
791 3649 856 3734 ipsi
871 3653 938 3717 tres
955 3648 1074 3718 iratres
1090 3649 1232 3718 Comites
1247 3649 1411 3739 Andreas,

284 3755 434 3846 Myebaal
449 3763 483 3826 et
496 3757 638 3826 'ihomas
654 3761 697 3827 ab
712 3756 844 3826 Andrea
860 3756 927 3825 filio
942 3757 1058 3826 Jaeobi
1075 3757 1134 3845 filij
1161 3759 1296 3846 Vaynns
1322 3780 1412 3847 emp·

285 3865 389 3935 aionis
404 3863 500 3933 tituto
516 3865 755 3953 possedissent,
786 3871 819 3932 et
836 3864 950 3951 quinta
976 3871 1065 3932 terra
1097 3865 1169 3949 Sur,
1201 3886 1298 3951 quam
1328 3867 1413 3953 ipsis

285 3971 466 4041 Oumitibus
497 3971 637 4061 Andros,
670 3973 832 4062 Myobaeli
857 3981 890 4042 et
915 3973 1040 4042 'rhome
1057 3973 1142 4041 idem
1158 3973 1309 4068 Andreas
1326 3977 1413 4046 tilius

284 4081 402 4149 Jaeobi
428 4079 617 4167 obligasset,
648 4081 821 4166 quainter
852 4082 941 4171 ipsos
960 4082 1128 4152 -Gomitem
1155 4081 1349 4152 Miebaelsm
1382 4093 1417 4155 at

286 4187 371 4258 filios
388 4207 476 4275 suos,
493 4209 533 4256 ao
548 4189 633 4258 filios
647 4189 783 4259 Comitis
799 4191 923 4260 Thomu
938 4199 974 4260 et
988 4189 1099 4261 fratris
1114 4191 1164 4259 sui
1174 4194 1321 4276 equalem
1333 4194 1418 4264 divi-

286 4297 411 4368 sionem
428 4297 599 4383 subierint,
625 4299 832 4369 terrassiam
849 4303 968 4386 Parna,
999 4300 1033 4368 in
1065 4321 1131 4386 qua
1161 4307 1247 4370 esset
1274 4303 1418 4372 eeclesia

286 4403 389 4472 Beate
403 4403 558 4493 Virginis,
589 4403 773 4476 Sumkarek
789 4416 822 4476 at
836 4409 983 4497 Zumula,
1013 4407 1128 4493 inqua
1158 4415 1246 4476 esset
1276 4411 1418 4480 aeclesia

286 4510 439 4582 similiter
453 4512 555 4584 Beate
570 4515 681 4602 Maria,
698 4516 739 4586 de
755 4517 919 4586 Comitatu
933 4515 1186 4603 Posonionsi,'et
1204 4517 1303 4584 vinea
1319 4518 1416 4587 Poso-

290 4619 415 4688 niensis
430 4621 582 4710 quedam,
618 4645 715 4708 quam
733 4633 861 4694 teneret
875 4625 1134 4716 Poregnrporgb,
1166 4625 1208 4693 de
1223 4645 1288 4710 qua
1313 4625 1419 4696 sidem
