3112 5154
835 317 995 418 ..2344-

344 513 561 602 ebiepisoopi,
591 511 764 590 ettlomiui
793 509 909 582 Jeeobi
937 509 1076 600 seopeli
1107 511 1242 598 egregi]
1275 511 1413 581 comitis
1438 512 1485 580 etl

351 619 495 709 leudem,
511 619 649 704 glorium
665 626 698 687 et
716 617 871 687 honorem
903 617 1024 686 Diuine
1053 615 1248 707 Maiestatis,
1263 625 1296 686 et
1326 619 1485 688 bonorem

349 747 392 796 ao
424 726 646 796 reuersnoiam
670 725 835 814 blegniboi
874 721 997 794 domini
1030 722 1176 792 [adblai
1205 725 1486 796 ltxoelleutimtui

351 833 451 920 Regis
479 832 636 920 vagaris,
668 841 702 902 et
731 835 852 902 bouum
881 831 1119 920 peoitioumque
1148 839 1271 900 statum
1305 833 1485 902 Oieitetum

350 941 476 1028 Speteb'
492 949 526 1012 et
540 943 695 1030 ibes-urii

461 1049 532 1120 Nos
548 1051 680 1139 quidem
696 1050 857 1137 Georgius
873 1051 916 1120 tle
930 1051 1084 1119 Brebsrio
1109 1050 1227 1118 Comes
1257 1051 1486 1120 Brebetiensis

350 1159 384 1222 et
397 1151 565 1243 Sybenioi,
597 1167 630 1226 et
643 1160 757 1228 Proeto
780 1160 822 1227 (le
835 1159 1037 1245 Cotopegne,
1054 1163 1154 1243 etque
1167 1156 1348 1227 Domaidue
1364 1157 1409 1225 de
1423 1159 1485 1226 Ze-

350 1259 470 1331 tiulinis
485 1264 576 1334 oiues
590 1265 705 1348 latre,
720 1265 861 1352 judione,
893 1266 1020 1354 arbitri,
1048 1266 1275 1351 arbitratures,
1307 1265 1485 1334 ooeoorda·

351 1375 449 1456 tores,
481 1373 678 1461 laudatores,
706 1373 970 1454 sententiatoree,
1004 1371 1196 1440 diffinitores
1228 1379 1261 1440 et
1291 1373 1486 1440 amieebiles

350 1479 579 1564 oompoeitores
594 1481 678 1548 inter
694 1479 911 1548 venerabilem
941 1483 1067 1566 petrem
1099 1478 1266 1547 domiuum
1296 1477 1484 1548 Jobeuuem

349 1581 412 1650 Dei
427 1587 539 1671 grania
568 1587 856 1676 Arohiepisoopum
887 1586 1125 1673 Speletensem,
1146 1584 1339 1672 Capitulum,
1355 1587 1485 1654 tiones

349 1689 433 1758 teria
447 1713 507 1762 sen
522 1695 701 1782 Eoolesias,
716 1703 750 1762 et
763 1694 868 1762 uirum
889 1693 1031 1761 nobilem
1048 1699 1081 1760 et
1095 1691 1284 1786 prudentem
1316 1691 1485 1762 domiuum

351 1794 461 1866 Vitem
494 1799 537 1870 de
552 1799 660 1870 (ierne
689 1800 910 1869 honorabilem
941 1799 1150 1883 Potestatem,
1166 1807 1199 1868 et
1214 1797 1373 1873 discretos
1392 1802 1483 1870 viros

351 1903 559 1992 Gauaeguam
591 1909 728 1996 Durine,
760 1909 921 1976 Marinum
955 1907 1188 1992 Boueruutam,
1208 1915 1241 1975 et
1271 1907 1482 1977 Prinosleum

351 2011 508 2083 Dobralis
538 2015 681 2102 Jndioes,
700 2015 889 2099 Consilium,
906 2012 1084 2083 Commune
1099 2021 1133 2081 et
1146 2013 1306 2100 speciales
1321 2035 1484 2100 personas

349 2119 497 2188 eiusdem
512 2120 662 2192 (limitetis
678 2123 806 2212 Spoleti
823 2143 865 2190 ex
879 2143 945 2190 vua
960 2131 1064 2208 parte,
1081 2130 1116 2190 vt
1131 2127 1223 2206 patet
1238 2140 1298 2207 per
1313 2121 1483 2207 publicum

348 2226 595 2298 instrumentum
636 2229 863 2319 compromissi
893 2230 1050 2316 seriptum
1081 2237 1114 2297 et
1143 2229 1339 2314 completum
1379 2249 1482 2296 manu

349 2329 499 2420 Magistri
515 2337 684 2408 henoisoi
698 2339 895 2406 suooutteut
910 2335 1079 2423 Imperieli
1096 2336 1272 2406 auototate
1290 2335 1433 2423 Noterij,
1449 2345 1488 2407 et

348 2461 435 2510 nuno
465 2449 573 2513 autem
605 2445 757 2516 Ciuitatis
781 2444 919 2533 Spoleti,
936 2445 1022 2529 quod
1038 2445 1089 2512 sio
1104 2443 1248 2512 oeruitnr
1263 2445 1397 2512 iuooere
1415 2469 1424 2510 :
1442 2447 1482 2512 ln

348 2549 477 2617 nomine
492 2549 623 2620 Domini
638 2553 742 2620 nostri
758 2555 840 2620 lesu
855 2551 976 2619 christi
994 2550 1111 2618 Amen.
1129 2549 1225 2617 Anno
1241 2569 1263 2615 e
1293 2549 1482 2620 Natiuitate
1546 2597 1547 2602 κ

347 2655 493 2725 eiusdem
523 2659 830 2733 M0000LXX⁰VII⁰
845 2657 1020 2727 instintione
1036 2658 1152 2742 quinta
1168 2657 1295 2744 Spoleti
1312 2657 1367 2726 die
1384 2655 1481 2726 Jovis
1546 2711 1547 2716 ,

348 2764 541 2834 duodeoima
557 2775 696 2836 exeunte
711 2766 823 2853 Madij,
841 2766 925 2834 siout
940 2768 973 2833 iu
991 2785 1030 2833 eo
1046 2765 1176 2852 plenius
1203 2765 1323 2850 legitur
1338 2769 1372 2832 et
1403 2786 1479 2834 uou-
1546 2771 1547 2776 ’

347 2871 479 2941 tinetur.
506 2877 548 2943 st
561 2875 688 2943 nobiles
703 2883 736 2943 et
751 2875 929 2960 prudentes
959 2873 1045 2940 uiros
1061 2871 1224 2940 domiuum
1239 2871 1422 2941 bitettinum
1439 2873 1484 2943 de

347 2979 501 3049 Breberio
521 2981 677 3050 (tomitem
702 2981 960 3066 Breberieusem‚
974 2985 1007 3046 et
1024 2978 1249 3046 honorandum
1279 2981 1483 3047 Potestatem

346 3087 509 3174 Tragurij,
525 3097 557 3156 et
573 3088 738 3158 dominum
764 3087 867 3155 Steue
883 3087 924 3155 de
941 3087 1126 3154 Varioessis
1143 3086 1369 3153 honorandum
1384 3085 1484 3171 (lepi-

348 3201 478 3262 taneum
504 3195 655 3264 Ciuitatis
688 3195 841 3278 eiusdem,
872 3193 1083 3278 Mouesteria,
1115 3191 1289 3279 Seplasiae,
1319 3193 1486 3280 homiues,

347 3307 445 3386 etque
460 3301 636 3371 Commune
651 3310 683 3369 et
698 3303 859 3387 speciales
878 3318 1035 3388 personas
1051 3299 1135 3367 dioto
1156 3299 1309 3367 Ciuitatis
1323 3299 1482 3386 Tragurij

346 3429 388 3478 ex
404 3420 496 3496 perte
512 3415 632 3494 eltere3
656 3412 744 3480 velut
759 3418 846 3497 patet
861 3409 992 3496 publioo
1012 3411 1225 3476 instrumento
1251 3409 1480 3494 compromissi

346 3519 494 3588 oouieoto
505 3528 537 3587 et
546 3524 752 3588 corroborato
768 3538 866 3586 mauu
885 3517 1052 3584 Francisoi
1068 3515 1249 3584 Beuueuuti
1265 3515 1307 3582 de
1323 3515 1485 3602 Cingulo,

345 3630 378 3690 et
394 3644 479 3691 nuno
493 3626 643 3714 Tragurij
654 3628 760 3695 Jureti
772 3627 910 3710 Notarij,
928 3624 1019 3692 ouius
1035 3623 1181 3690 iuooaoio
1202 3621 1382 3688 dinoseitur
1400 3641 1480 3690 esse

343 3727 1485 3806 telis:InDeinomineAmen.AuuoDomiuiM⁰GG⁰LXX⁰VII⁰indio·

346 3839 625 3924 oiouequiutadie
635 3841 769 3911 Veneris
785 3841 957 3909 vndeoima
967 3845 1104 3907 exeunte
1114 3836 1229 3922 Madij,
1239 3837 1426 3923 etproutin
1442 3857 1491 3904 eo-

344 3947 473 4034 plenius
489 3948 610 4034 iegitur
625 3957 658 4015 et
672 3949 818 4016 habetur.
832 3949 938 4032 Super
957 3945 1142 4015 ordinanda
1157 3964 1239 4032 paee
1254 3948 1286 4010 et
1301 3946 1486 4012 ooneordia

270 4103 276 4110 .
341 4053 426 4122 iuter
456 4055 612 4125 ciuimtes
640 4056 806 4142 prediotes
835 4055 962 4146 Spoleti
980 4063 1014 4122 et
1043 4053 1196 4138 Tragurij
1229 4051 1273 4118 de
1303 4071 1429 4137 guerre
1450 4058 1485 4119 et

344 4161 516 4250 discordia,
548 4182 612 4248 que
636 4163 723 4230 iuter
739 4181 796 4232 ees
813 4163 855 4232 ed
874 4162 1014 4230 inuicem
1038 4163 1235 4244 vertebatur,
1254 4163 1287 4226 et
1301 4177 1403 4246 super
1420 4169 1485 4227 ter-

343 4268 506 4338 minandis
522 4276 554 4337 et
578 4266 776 4337 diffiniendis
791 4275 891 4356 atque
919 4267 1016 4337 tinem
1045 4271 1237 4354 perpetuum
1267 4264 1485 4352 imponendis

343 4375 463 4462 litibus,
493 4377 728 4463 questionibus,
759 4377 887 4465 litigiJs,
916 4373 1111 4461 homioidijts,
1145 4371 1416 4461 pretiosioribus,
1449 4381 1492 4444 et

341 4483 467 4552 eunetis
481 4483 612 4553 offensis
627 4473 705 4572 ali'js
720 4485 865 4554 reatibus
882 4491 914 4554 et
932 4483 1168 4571 personalibus,
1194 4499 1258 4568 que
1289 4479 1368 4548 hiuo
1400 4481 1490 4549 inde

343 4607 400 4675 per
415 4591 561 4662 homiues
591 4601 625 4663 et
639 4593 831 4662 Communia
861 4592 1081 4682 predioterum
1107 4589 1284 4658 ciuitatum
1300 4586 1392 4656 seete
1408 4587 1486 4658 fue·
