3148 5146
842 219 1003 320 „Q

358 419 401 485 ad
417 417 541 501 Regem
558 416 769 488 transtulerat
793 414 1018 502 Bohemcrum,
1036 421 1070 483 et
1100 414 1228 481 demum
1261 433 1334 482 cum
1369 415 1482 484 eodem

357 527 493 594 Hernico
524 533 557 592 et
586 523 664 612 filijs
696 539 735 587 sc
766 520 950 588 fautoribus
982 522 1059 606 suis,
1090 522 1145 606 qui
1177 522 1303 588 Ducem
1317 519 1482 588 Andrean

357 633 490 701 tratrem
519 635 666 699 nostrum
697 626 908 696 karissimum
939 647 1065 714 rapere,
1097 635 1131 695 et
1163 627 1342 696 exercitum
1374 627 1486 697 ducere

359 748 472 810 contra
487 737 650 808 Coronam
666 733 813 820 Regiam,
831 755 869 800 ac
880 735 1009 802 hastam
1028 734 1172 820 dirigere
1188 741 1303 802 contra
1318 755 1485 820 personam

358 855 503 918 nostram
519 869 586 915 non
602 851 678 915 snut
693 843 800 926 ueriti,
816 843 1040 911 infidelitatem
1065 843 1287 930 manifestam,
1304 851 1338 910 et
1370 845 1487 911 crimen

358 957 427 1025 lese
458 954 638 1024 Maiestatis
676 951 926 1037 commiserunt;
961 957 994 1018 et
1024 951 1214 1038 specialiter
1244 953 1278 1020 in
1310 952 1384 1040 boc,
1417 952 1487 1036 qnia
1571 939 1572 1014 Ῠ

360 1071 458 1132 nacta
473 1061 627 1149 temporis
643 1059 813 1128 occasione
833 1077 904 1125 cum
931 1059 1118 1128 bominibus
1149 1060 1252 1145 Regis
1283 1058 1487 1128 Bchemiesc
1571 1115 1572 1118 η

359 1169 623 1256 proditionaliter
653 1167 889 1235 immissccntes
921 1173 1034 1235 uastas
1064 1165 1211 1236 fecerunt
1225 1169 1385 1254 plurimos
1402 1165 1481 1233 infra

360 1279 513 1347 terminos
528 1276 632 1361 Regni
648 1276 751 1344 nostri
768 1299 776 1341 ε
793 1295 852 1342 nos
869 1274 1000 1344 eosdem
1020 1275 1209 1360 sagittarios
1219 1297 1240 1342 a
1250 1275 1363 1362 gracia
1378 1281 1489 1342 nostra

361 1392 394 1453 et
409 1385 522 1452 tancre
552 1383 654 1470 Regio
687 1389 818 1470 propter
848 1388 937 1449 tante
971 1382 1178 1450 infidelitatis
1209 1389 1319 1450 notam
1353 1383 1495 1450 finaliter

363 1493 586 1578 excludentes,
602 1491 804 1577 priuauimus
820 1491 949 1558 eosdem
966 1490 1001 1556 in
1017 1495 1210 1578 perpetuam
1225 1488 1432 1556 infidelitatis
1447 1487 1489 1574 ip-

363 1621 473 1668 sorum
488 1598 704 1684 ignominiam
722 1597 816 1664 terris
834 1616 943 1664 eorum
961 1596 1059 1663 cultis
1069 1605 1101 1664 et
1110 1595 1251 1678 incultis,
1262 1595 1365 1678 siluis,
1374 1595 1488 1680 pratis,

363 1708 557 1793 nemoribus,
575 1713 607 1774 et
622 1705 771 1773 omnibus
787 1703 862 1790 alijs
878 1703 1012 1789 iuribus,
1029 1724 1091 1787 qne
1116 1709 1193 1770 aute
1223 1710 1353 1788 tempus
1383 1701 1491 1768 huius·

363 1814 452 1884 modi
483 1811 682 1882 infidelitatis
708 1813 883 1879 commisse
898 1813 932 1878 in
948 1811 1110 1878 (lenitate
1128 1809 1239 1878 Castri
1255 1809 1367 1876 Ferrei
1382 1817 1491 1876 tenne-

362 1931 447 2010 runt,
464 1921 535 1990 sine
550 1939 608 2007 spo
624 1921 667 1988 ad
698 1919 790 1986 illam
821 1919 889 1986 vllc
920 1938 1061 2003 anquam
1093 1925 1238 2005 tempore
1268 1916 1440 1985 redeundi.
1455 1918 1492 1981 st

363 2029 440 2112 qnia
470 2027 605 2112 equitati
635 2027 791 2112 congruit,
815 2034 849 2094 et
864 2033 914 2095 est
929 2033 1182 2094 consentaneum
1212 2023 1348 2108 racioni,
1364 2031 1402 2092 ut
1417 2023 1491 2092 iusti

363 2133 527 2202 laboribus
545 2133 716 2217 impiorum
733 2133 961 2219 perfruentem
986 2153 1047 2200 nos
1080 2131 1371 2200 commendabilem
1394 2128 1494 2199 fideli·

363 2247 464 2309 tatem
496 2247 529 2307 et
558 2244 653 2324 grata
683 2240 840 2326 obsequia
879 2238 1041 2308 Herrandi
1072 2239 1221 2324 Magistri
1259 2238 1494 2325 Dapilerornm

364 2345 494 2415 domine
508 2347 634 2430 Regino
649 2347 808 2413 consortis
823 2352 933 2414 nostre
963 2344 1139 2412 karissimo
1156 2353 1190 2414 et
1220 2345 1354 2414 Comitis
1385 2343 1496 2412 Borsi·

366 2454 452 2521 ensis
469 2452 556 2520 etde
572 2452 737 2540 Semptey,
770 2453 888 2538 quibus
903 2459 972 2520 tam
988 2457 1098 2521 nostro
1115 2473 1214 2538 quam
1229 2453 1496 2540 predecessorum

365 2565 544 2628 nostrorum
574 2559 751 2627 Illustrium
781 2559 909 2643 Regum
938 2559 1106 2642 Hungarie
1136 2564 1280 2646 tempore
1310 2559 1441 2628 studuit
1463 2563 1499 2626 ut

366 2665 504 2733 fideliter
534 2665 582 2732 sic
605 2671 638 2731 et
652 2665 864 2732 laudabiliter
894 2664 1055 2755 famulari,
1080 2667 1296 2756 attendentes,
1311 2674 1418 2735 totam
1435 2674 1502 2735 ter-

365 2794 445 2862 ram,
476 2778 508 2840 et
523 2771 632 2838 omnia
663 2771 731 2840 alia
756 2773 836 2858 jura
866 2767 1109 2855 sagittariorum
1141 2773 1317 2842 eorundem
1346 2774 1382 2840 in
1399 2775 1506 2842 metis-

365 2880 525 2968 prioribus
556 2885 588 2946 et
603 2879 756 2966 antiquis,
788 2879 829 2946 de
844 2879 1009 2948 Baronnm
1026 2889 1205 2950 nostrornm
1221 2881 1369 2967 consilio,
1386 2881 1500 2949 eidem

365 2987 520 3073 Magistro
538 2985 719 3074 Henandc,
736 2993 769 3054 et
784 3005 843 3072 per
859 3006 930 3054 enm
950 2987 1019 3056 suis
1049 2987 1237 3074 heredibus,
1268 2987 1501 3073 heredumque

365 3113 494 3162 suorum
526 3093 734 3179 imposterum
765 3094 1015 3179 successoribus,
1047 3095 1090 3162 de
1108 3113 1206 3162 manu
1238 3101 1353 3163 nostra
1384 3102 1503 3163 contu·

364 3201 462 3268 limus
491 3199 750 3269 irreuocabiliter
780 3207 941 3287 perpetuo
975 3199 1192 3288 possidenda3
1224 3201 1425 3293 inhibentes,
1460 3223 1508 3272 ne
1571 3207 1572 3254 l

364 3308 465 3394 ijdem
495 3307 658 3392 sagittarij
693 3315 749 3374 ant
764 3326 874 3374 eorum
890 3306 1011 3390 posteri
1027 3308 1094 3375 ullo
1111 3327 1253 3392 unquam
1273 3315 1425 3394 tempore
1452 3329 1506 3379 rs-
1571 3319 1572 3412 l

365 3433 513 3500 messum
523 3412 839 3482 hahereualeantad
849 3420 968 3482 terram
984 3421 1201 3501 prenotatam.
1217 3413 1262 3482 Ut
1276 3415 1379 3498 igitur
1394 3415 1505 3492 huius
1571 3431 1572 3492 l

365 3519 554 3588 collacionis
583 3527 711 3588 nostre·
724 3519 826 3589 series
857 3521 955 3589 robur
985 3529 1141 3607 perpetue
1156 3522 1320 3592 firmitatis
1335 3521 1511 3614 obtineat,
1571 3523 1572 3562 ³

366 3647 427 3716 nec
443 3628 509 3694 ullo
526 3645 668 3710 unquam
700 3633 846 3712 tempore
877 3628 1045 3696 retractari
1076 3629 1198 3716 valeat,
1229 3629 1334 3698 autin
1366 3630 1508 3702 irritum

364 3731 607 3822 quomodolibet
639 3735 809 3820 reuocari3
832 3743 999 3822 presentes
1033 3737 1098 3822 ipsi
1129 3737 1288 3823 Magistro
1321 3735 1515 3810 Hemando
1571 3725 1572 3778 ³

363 3842 579 3911 concessimus
595 3841 721 3908 litteras
738 3842 902 3928 dupplicis
918 3845 1019 3928 sigilli
1035 3845 1138 3913 nostri
1153 3844 1331 3912 munimine
1361 3846 1512 3917 robora·

236 3986 239 3994 =
363 3957 426 4017 tas.
458 3949 577 4016 Datum
607 3967 666 4032 per
682 3967 797 4016 manus
827 3951 977 4036 Magistri
1008 3951 1178 4020 Benedicti
1197 3953 1318 4020 Sancte
1336 3948 1513 4040 Strigoni·
1571 3943 1572 3946 ¹

365 4057 451 4126 ensis
467 4056 612 4124 Ecclesia
627 4055 739 4144 Electi,
757 4057 967 4143 eiusdemque
984 4059 1049 4127 loci
1063 4059 1199 4127 Comitis
1223 4059 1391 4144 Perpetui,
1425 4063 1518 4132 Ρη-
1571 4061 1572 4072 ’

363 4164 465 4252 positi
481 4163 643 4232 Budensis
657 4171 691 4232 ct
703 4164 778 4231 aule
793 4171 903 4233 nostre
917 4165 1199 4252 Vice-Oanchcrij
1217 4163 1329 4232 dilecti
1345 4171 1380 4232 ct
1390 4165 1519 4240 fidelis

363 4271 466 4340 nostri
483 4293 569 4340 anno
586 4261 719 4340 Domini
729 4272 848 4340 M⁰GO⁰
859 4275 1101 4360 septuagesim0
1117 4280 1240 4363 quarto,
1256 4279 1373 4357 quarto
1389 4295 1517 4346 nonae

362 4378 563 4467 Decembris,
597 4376 782 4448 Indiccione
817 4382 971 4462 secunda,
1006 4382 1112 4467 Regni
1145 4389 1254 4450 autem
1280 4379 1384 4448 nostri
1407 4401 1520 4452 anno
1571 4465 1572 4470 ἵ

363 4486 513 4552 secundo.
543 4485 792 4556 venerabilibus
809 4489 956 4575 patribus
974 4489 1141 4576 Stephano
1158 4487 1338 4572 Colocensi,
1365 4487 1517 4560 soban-
