3170 5166
602 349 764 464 ...ML

113 541 175 628 tall
207 575 318 628 coram
349 549 443 626 nobis
473 555 684 626 exhibebunt.
717 557 787 626 Neo
819 559 853 625 in
883 554 944 624 hoc
970 538 1246 645 pretermittimus,

113 667 200 754 qnod
216 669 249 735 in
266 669 392 738 octonis
407 665 521 736 Sancti
541 663 657 735 Jacobi
689 665 871 736 Orisrianus
888 685 948 752 pro
980 664 1135 748 Magistro
1165 663 1247 730 Her-

112 778 218 846 rando
247 776 380 846 domino
410 795 472 844 sno
503 777 691 864 comparuit
725 777 847 843 Datum
877 775 911 843 in
928 775 1031 843 Zalun
1047 772 1130 841 ieris
1145 771 1247 840 tercia

111 889 189 954 ants
211 881 329 955 testum
346 883 458 952 Sancti
475 884 660 970 Lanrencij.

219 993 356 1061 Klvlll
372 1015 381 1059 ι
397 994 460 1062 Ριο
491 992 647 1078 Magistro
678 992 850 1061 Herrando
867 991 911 1062 ad
927 990 1110 1078 quindenas
1127 989 1241 1060 Sancti

111 1099 235 1192 RQ

113 1299 257 1363 (Eredetic
276 1299 461 1368 borhtrtytm
492 1315 509 1352 a
540 1300 650 1354 lomtlt.
680 1301 801 1368 hsrczeg
831 1300 1003 1366 Esatarhlay
1035 1300 1130 1354 caalhd
1160 1297 1245 1354 level·

606 1392 747 1456 tarthan.)

544 1681 811 1696 Ἥ

640 2223 717 2296 537.

114 2418 365 2516 ffwcnykezcaa'
381 2422 517 2512 olctnciny
533 2423 656 2492 Zemcne
671 2433 752 2491 aecii
769 2421 850 2512 sold
881 2427 959 2514 hisp
982 2419 1068 2492 dhon
1099 2423 1243 2522 Mhoiy,

126 2581 129 2586 -
249 2531 556 2624 Mihdlprmlcfio,'
537 2557 569 2599 es
588 2532 912 2620 Ophnzccmeslro'at.
959 2533 1121 2604 ccillcill.
1206 2535 1224 2628 1'

216 2729 337 2806 Datum
353 2749 410 2816 pro
435 2728 601 2818 memoria,
621 2725 731 2814 qnod
723 2751 755 2796 m
772 2727 947 2814 quindenis
957 2729 1050 2800 Beati
1066 2729 1235 2820 Michaelis

104 2809 318 2926 Archangeli,
334 2837 473 2906 Michael
490 2837 575 2910 filius
600 2837 780 2926 Michaelis,
812 2838 899 2922 quod
929 2833 1145 2926 personaliter
1175 2845 1237 2906 ter·

103 2946 229 3016 minum
260 2947 436 3034 assumpsit
465 2967 563 3036 supcr
593 2947 680 3015 facto
711 2946 881 3016 diuisionis
914 2951 999 3014 torre
1029 2947 1177 3034 Zemene,
1204 2955 1238 3014 et

103 3053 340 3144 prohyhicions
371 3061 455 3144 terre
485 3053 615 3126 Fellolu
656 3063 768 3124 contra
803 3055 957 3124 Comitem
989 3053 1103 3140 Oghnz
1133 3053 1237 3124 filium

100 3159 230 3249 Romal,
260 3185 320 3252 pro
352 3184 416 3249 quc
446 3161 591 3252 lacobus
623 3163 709 3232 tilius
743 3163 786 3230 Vs
817 3165 962 3233 seruiens
991 3161 1107 3250 astitit,
1140 3163 1237 3232 dehet

100 3270 256 3358 plenario
286 3245 491 3359 respondere.
521 3255 642 3342 Datum
673 3271 766 3341 iuxta
797 3271 889 3340 Fnen
919 3271 954 3338 in
975 3271 1118 3342 crastino
1144 3271 1239 3340 Beati

98 3377 224 3448 Jacohi
241 3377 399 3464 Apostoli.

213 3487 361 3557 Klvlll.
376 3487 439 3554 Pro
470 3487 594 3556 Oonritc
610 3484 722 3573 Oghnz
748 3493 861 3556 contra
877 3443 1071 3558 Michaslcm
1087 3485 1130 3556 acl
1147 3451 1240 3572 qnin-

97 3595 210 3664 dcnas
225 3595 339 3666 Sancti
355 3594 528 3664 Michaelis
545 3597 587 3664 ad
603 3597 734 3686 plenam
750 3598 1002 3685 responsionem.

95 3794 250 3863 (Erecletie
269 3794 452 3864 borhtrtyrin,
472 3810 490 3848 s
509 3795 653 3860 znrpecsee
671 3797 825 3864 elveszett;
843 3797 921 3850 nteit.
941 3797 1043 3865 stlsy
1062 3779 1189 3864 hgostcn
1204 3795 1238 3848 ht

536 3886 813 3953 gytljtsmenycben.)
