3148 5146
838 331 880 394 74

294 517 336 587 ad
352 519 589 589 deaastandum
620 522 751 590 Stiriam
765 524 1017 610 transmisisset3
1041 524 1130 592 idem
1148 525 1345 615 Olrephanus
1366 534 1432 599 sub

293 635 400 697 castro
430 628 590 716 Rudguey
622 629 829 698 cernentibus
861 629 1042 716 prenotatis
1058 631 1242 701 Beronibus
1260 635 1424 720 quendam

293 737 428 806 militem
441 745 609 804 strenuum
625 735 860 806 Thectonicum
879 736 998 805 deiecit
1014 743 1047 804 et
1063 739 1255 825 captiuauit,
1282 744 1428 826 prebens

292 847 327 913 in
344 847 405 913 hoc
437 845 515 930 alijs
546 843 700 911 fiduciam
731 842 902 928 preliandi.
924 844 1078 914 Pretersa
1094 866 1165 913 cum
1182 845 1270 914 idem
1285 850 1424 917 Boemo-

293 973 363 1020 rum
395 955 462 1020 Rex
494 962 571 1020 tnnc
601 951 705 1037 patris
736 949 838 1018 nostri
869 973 956 1020 nunc
986 959 1097 1020 autem
1128 961 1240 1022 noster
1272 957 1434 1040 capitalis

256 1097 260 1104 ·
293 1059 451 1147 inimicus,
483 1058 580 1126 fidem
604 1077 699 1126 suam
718 1055 895 1126 descrendo
915 1058 1041 1126 uiolata
1061 1078 1153 1147 pace,
1169 1060 1285 1129 fractis
1301 1063 1436 1148 treugis

292 1175 324 1234 et
339 1168 443 1253 ruptis
459 1167 636 1252 juramenti
652 1166 702 1234 sui
733 1165 883 1251 vinculis,
918 1166 1040 1234 ducens
1072 1187 1182 1237 secum
1199 1168 1234 1236 in
1266 1169 1427 1236 auxilium

293 1275 461 1362 Principes
491 1277 596 1342 tocius
624 1272 830 1356 Alamannia,
862 1272 944 1341 fines
960 1274 1064 1358 Regni
1089 1275 1260 1359 Hungarie
1276 1275 1428 1360 adiisset,

294 1381 470 1451 Posoninm
486 1387 518 1448 et
533 1381 673 1466 quedam
691 1381 760 1448 alia
791 1385 901 1446 castra
931 1400 972 1447 ex
1002 1381 1190 1466 prodicionc
1222 1381 1431 1466 quorundam

294 1491 457 1559 Barcnum
488 1487 666 1556 infidelium
692 1485 892 1576 occupando,
908 1487 1060 1573 idemque
1075 1496 1169 1573 pater
1186 1495 1298 1556 noster
1314 1497 1429 1557 contra

294 1619 369 1666 eum
402 1596 506 1682 Regni
547 1597 599 1664 sui
639 1596 781 1664 leuasset
822 1597 999 1664 exercitum
1039 1599 1235 1684 generalem,
1277 1595 1435 1680 prefatus

296 1707 469 1794 Chepanus
499 1704 587 1792 apud
612 1705 806 1791 Musonium,
823 1711 856 1772 et
872 1711 946 1790 post
962 1705 1024 1773 hoc
1040 1706 1127 1792 apud
1143 1705 1276 1772 fluuium
1293 1707 1426 1774 Rebclre

294 1820 409 1883 contra
425 1814 513 1882 illius
530 1811 704 1882 exercitum
721 1833 807 1880 nuno
822 1813 918 1880 hasta
934 1832 1018 1880 nunc
1050 1812 1180 1896 sagittis
1211 1812 1427 1881 laudabiliter

295 1922 455 1990 dimicans
486 1920 680 1988 victoriosus
711 1919 829 2005 extitit,
861 1919 976 1987 letalia
991 1915 1114 1987 wlneia
1146 1917 1349 2004 sustinendo,
1380 1921 1429 1984 ita

296 2030 382 2113 quod
397 2048 456 2113 per
471 2028 558 2096 illius
575 2033 607 2094 et
622 2027 760 2094 aliorum
776 2025 919 2094 fidelium
938 2033 1120 2094 nostrorum
1153 2024 1304 2092 sudorem
1335 2024 1426 2091 belli-

295 2157 367 2204 cum
399 2134 545 2222 prefatus
575 2135 708 2202 Boemie
738 2135 809 2202 Rex
841 2133 882 2201 de
899 2153 979 2201 area
993 2134 1196 2220 certaminis,
1224 2153 1323 2217 qnam
1339 2132 1427 2218 patri

295 2249 405 2311 nostro
422 2242 502 2310 salix
517 2241 650 2325 reliquit
665 2241 813 2328 victoria,
829 2242 906 2326 luge
924 2240 1065 2328 presidio
1097 2241 1154 2306 uix
1187 2239 1304 2308 euasit.
1336 2241 1432 2306 Cete-

293 2371 365 2416 rum
397 2369 471 2416 cum
501 2349 655 2416 Herricus
686 2349 797 2416 Banna
829 2348 935 2416 tocius
954 2347 1129 2416 Sclaucnie
1146 2353 1221 2434 post
1237 2345 1429 2415 coronacio-

295 2476 370 2524 nem
386 2455 489 2542 patris
505 2456 609 2524 nostri
624 2477 682 2543 per
699 2453 903 2539 quorundam
923 2455 1100 2523 emulorum
1131 2473 1267 2524 suorum
1297 2453 1430 2541 pestile

298 2581 368 2629 ram
384 2565 625 2648 suggestionem
642 2569 814 2647 superatus
830 2567 863 2628 et
878 2581 899 2626 a
914 2559 1140 2628 familiaritate
1151 2578 1191 2629 ac
1207 2561 1304 2628 domo
1319 2561 1434 2644 Regia

294 2677 487 2756 segregatus
505 2688 541 2738 se
565 2669 608 2738 ad
639 2667 801 2756 prelatum
833 2668 1026 2736 Boemorum
1058 2669 1179 2752 Regem
1213 2666 1432 2753 corporaliter

293 2776 524 2864 transtulisset,
559 2781 666 2844 castra
696 2796 765 2863 sua,
796 2774 838 2842 de
877 2775 992 2860 Kuzcg
1031 2773 1194 2861 uidelicet,
1237 2775 1429 2862 Scenlwyd,

293 2883 446 2952 Zlaunuk
462 2891 494 2953 ct
509 2884 686 2972 Perestyen
711 2882 863 2950 manibus
893 2882 992 2968 Regis
1024 2881 1171 2950 eiusdem
1203 2881 1427 2966 assignandc;

293 2993 365 3078 ipse
381 2993 554 3079 cnspanus
571 2995 606 3059 in
622 2991 873 3077 recuperacione
898 2997 1077 3058 castrorum
1107 2989 1212 3076 ipsius
1244 2989 1375 3059 Hertici
1389 2990 1427 3055 in

293 3101 449 3166 societate
464 3099 627 3165 Baronum
643 3105 832 3182 nostrornm,
862 3117 941 3181 quos
956 3093 1042 3164 idem
1057 3096 1207 3166 dominus
1229 3099 1302 3164 Rex
1332 3103 1429 3182 pater

293 3212 404 3273 noster
435 3205 515 3272 inibi
545 3211 701 3288 tanquam
732 3205 892 3272 exercitus
923 3206 974 3271 sui
1005 3204 1156 3272 ductores
1181 3204 1424 3288 transmiserat,

293 3319 420 3398 gratum
437 3311 521 3380 adeo
540 3319 669 3380 abenue
694 3309 853 3398 impendit
883 3309 1051 3379 fidelitatis
1082 3310 1284 3396 obsequium,
1315 3319 1353 3378 vt
1366 3329 1427 3397 per

294 3421 398 3506 ipsius
429 3428 461 3487 et
476 3423 614 3490 aliorum
645 3419 789 3488 fidelium
821 3427 1007 3487 nostrorum
1028 3425 1120 3488 actus
1146 3427 1298 3488 strennos
1314 3424 1429 3486 castra

296 3525 477 3595 huiusmodi
493 3527 648 3613 potestati
663 3528 767 3612 patris
792 3525 894 3594 nostri
921 3526 1051 3593 fuerunt
1074 3527 1233 3594 restituta.
1274 3523 1327 3592 Ad
1360 3525 1427 3594 hcc

294 3640 368 3721 post
409 3632 575 3703 decessum
607 3633 708 3719 patris
738 3635 839 3702 nostri
870 3633 964 3700 nobis
1003 3633 1046 3699 ad
1087 3633 1247 3700 &ronam
1285 3635 1426 3718 Regiam

284 3749 327 3839 'et
342 3742 450 3827 Regni
466 3742 584 3810 solium
615 3760 674 3825 per
704 3741 937 3808 successionem
954 3739 1184 3808 hereditariam
1200 3757 1258 3808 seu
1273 3739 1428 3808 ordinem

292 3850 443 3934 geniture
460 3853 622 3916 annuente
637 3847 779 3916 Domino
795 3848 990 3931 sublimatis,
1011 3847 1096 3915 idem
1121 3847 1336 3916 Bohemomm
1353 3849 1433 3917 Rex

293 3963 467 4025 autumans
498 3975 557 4023 nos
573 3960 607 4022 in
624 3960 711 4022 etate
727 3963 840 4024 tenera
873 3955 1066 4030 constitutos
1084 3974 1144 4041 per
1160 3955 1275 4024 fideles
1291 3960 1426 4026 nostros

293 4085 358 4132 ncn
373 4083 469 4150 posse
486 4061 661 4150 defensari,
679 4062 760 4131 fines
784 4069 944 4130 terrarum
978 4069 1160 4130 nostrarum
1179 4060 1309 4148 spoliJs
1326 4068 1358 4128 et
1373 4061 1429 4128 in-

294 4171 418 4258 cendijs
448 4169 581 4238 lecisset
611 4169 786 4256 decasteri,
816 4189 941 4254 nosque
956 4169 998 4236 de
1013 4169 1193 4237 clemencia
1208 4169 1347 4254 snmpmi
1364 4190 1427 4255 pa·

292 4279 359 4358 tris,
376 4282 409 4346 in
426 4281 518 4346 ouius
534 4299 631 4346 manu
648 4277 890 4364 Principatuum
917 4285 1095 4364 potestates
1112 4283 1144 4344 et
1162 4277 1306 4344 omnium
1337 4277 1429 4361 Reg-

293 4405 407 4452 norum
435 4385 512 4470 jura
542 4386 729 4470 consistunt,
761 4385 872 4453 confisi
900 4385 1067 4453 Matheum
1085 4384 1222 4474 Banum,
1240 4381 1426 4451 Omodeum

293 4490 400 4556 Castri
418 4491 538 4575 Ferrei,
567 4492 757 4577 Magistrum
790 4491 971 4560 Jchannem
1003 4491 1236 4558 Zaladiensem
1267 4495 1346 4556 tunc
1362 4490 1427 4558 Go-

293 4596 399 4683 mites,
431 4617 471 4666 ac
501 4597 670 4666 Nicolaum
702 4600 859 4668 Comitem
889 4603 927 4667 dc
960 4601 1060 4680 Zona,
1094 4619 1155 4666 neo
1181 4618 1246 4664 non
1263 4603 1298 4662 ot
1313 4599 1434 4684 ipsum

1568 939 1571 1024 l
