3148 5146
98 1116 134 1183 A
142 1118 325 1205 feheroeiri
340 1115 499 1205 kdptolua
515 1118 621 1200 uttojo
638 1140 657 1181 a
673 1105 807 1202 adpraei
823 1120 942 1202 eyyhoa
959 1118 1242 1203 priviiepiumoe't„

622 1224 718 1291 1272.

173 1389 338 1484 (Thalesies,
357 1420 481 1472 Menum.
499 1419 566 1470 hist.
586 1419 678 1484 Epioe.
697 1420 892 1485 Zegrabiensis
912 1421 933 1471 1.
955 1421 1014 1472 ket.
1036 1424 1095 1471 1⁶1.
1114 1421 1146 1484 1.)

645 2236 699 2302 64.

98 2433 132 2498 A
146 2435 303 2521 pozeepas'
317 2436 546 2522 Iociptalunnoit
564 2433 841 2522 biaooysdpieuele‚
866 2438 949 2523 hopy
967 2438 1086 2504 Borioh
1103 2436 1234 2502 bannale

228 2542 361 2628 oto'djui
376 2544 523 2630 biaooyoe
534 2565 629 2631 peres
644 2545 766 2629 typheo
781 2543 988 2644 epyezkedtek.
1012 2545 1107 2610 1272.

193 2735 389 2804 Vniuersum
399 2736 582 2822 Capitulum
594 2737 740 2804 Eeelesie
749 2737 860 2804 Sancti
870 2738 958 2804 Petri
969 2737 1010 2804 de
1024 2737 1154 2820 Posoga
1168 2755 1232 2802 om-

104 2843 204 2910 nibus
219 2843 343 2911 Christi
358 2843 506 2912 fidelibus
516 2851 698 2929 presentem
709 2844 864 2930 paginam
884 2844 1078 2930 inspecturis
1094 2845 1241 2910 salutem-

102 2949 138 3015 in
149 2951 292 3017 omnium
308 2951 484 3020 saluatore.
501 2949 660 3029 Quoniam
671 2951 782 3020 labilis
801 2958 850 3018 est
864 2951 1009 3018 humana
1024 2950 1186 3034 memoria,
1203 2957 1235 3016 et

104 3076 215 3124 rerum
231 3059 324 3125 turbe
339 3077 404 3123 uon
423 3057 561 3142 suffieit;
596 3056 637 3123 ob
653 3057 714 3125 hoo
745 3059 833 3126 meio
864 3063 968 3125 mater
999 3056 1151 3140 equitatis
1178 3058 1233 3124 nd·

101 3164 237 3248 inuenit,
259 3171 294 3232 vt
310 3183 363 3230 res
377 3172 470 3250 geste
484 3164 666 3233 litterarum
683 3164 824 3234 debeant
838 3165 1012 3234 viuaeitate
1027 3165 1234 3252 perhennari.

102 3269 190 3336 Hine
220 3277 277 3354 est,
295 3271 381 3355 quod
413 3271 455 3338 ad
471 3273 693 3340 uniuersorum
712 3272 865 3340 notioiam
883 3273 1032 3341 volumus
1051 3272 1233 3357 peruenire,

104 3378 193 3461 qnod
221 3377 390 3447 eonstituti
420 3397 531 3448 eoram
560 3379 652 3447 nobis
683 3380 811 3447 nubiles
836 3377 897 3446 vini
914 3377 955 3445 de
970 3397 1088 3462 genere
1104 3377 1234 3466 Boryeh

104 3485 198 3566 Beni,
214 3485 372 3554 videlieet
387 3488 537 3574 Marmei,
554 3486 707 3574 Michael,
725 3485 847 3574 Wysen
863 3491 896 3553 et
913 3484 1039 3570 Wydus
1055 3486 1114 3573 filij
1134 3487 1234 3556 Bene-

105 3594 187 3660 dieti
202 3595 245 3662 ab
260 3613 326 3662 vna
340 3603 443 3684 parte,
461 3602 494 3663 et
518 3595 696 3682 Beryalaus
727 3595 810 3663 filius
841 3591 1016 3681 Beryzlaui
1048 3614 1088 3660 ex
1119 3595 1244 3684 altera,.

105 3702 182 3770 vina
208 3722 286 3771 voee
305 3709 338 3770 ei
354 3701 521 3771 amicabili
536 3703 749 3790 personaliter
765 3701 968 3771 affirmarunt
984 3726 992 3766 :
1010 3697 1104 3778 Quod
1119 3719 1231 3784 quam·
1345 3743 1346 3748 κ

105 3831 204 3894 quam
226 3810 282 3878 diu
315 3817 346 3879 et
378 3811 570 3896 multociens
601 3831 699 3898 super
728 3811 888 3879 diuisione
917 3811 1060 3898 ipsorum
1090 3809 1243 3895 generali.

103 3917 182 3986 lites
199 3924 231 3986 et
262 3921 493 3988 oontenoiones
524 3919 558 3986 in
580 3925 767 3987 vatterutrum
798 3938 908 3986 eoram
939 3918 1068 3985 domino
1099 3919 1189 4001 Rege
1203 3925 1237 3986 et

104 4027 248 4096 diuersis
264 4025 437 4095 Judioibus
451 4029 560 4112 Regni
591 4027 728 4098 fuissent
758 4030 936 4113 ventilate;
959 4027 1091 4096 tandem
1122 4027 1232 4113 probis

105 4134 186 4201 siris
203 4139 236 4201 et
250 4132 377 4202 idoneis
392 4133 480 4203 inter
493 4136 583 4221 ipsos
599 4156 713 4222 paoem
729 4143 761 4204 et
777 4135 1047 4221 oomposioionem
1069 4134 1112 4200 do
1127 4135 1237 4201 voluu-

104 4249 175 4308 tate
206 4241 353 4326 pareium
385 4242 450 4309 iam
483 4241 642 4312 diotarum
671 4242 876 4327 iacientibus,
901 4241 1026 4310 soilioet
1056 4240 1143 4308 Petri
1175 4239 1235 4326 filij
1267 4315 1270 4319 ,

104 4347 440 4436 eunominianis
465 4348 577 4419 iratnis
609 4349 767 4440 eiusdem,
799 4350 928 4436 Georgij
960 4348 1017 4435 filij
1050 4347 1237 4434 Mutimerij,

100 4454 238 4525 Nioolai
268 4455 327 4540 filij
360 4457 583 4547 Deseyselow,
612 4447 753 4524 Simonis
784 4457 843 4542 filij
879 4456 1021 4543 (iynialo,
1054 4455 1148 4524 Pauli
1178 4455 1244 4542 filij'

98 4561 247 4652 Bomio,
265 4561 413 4650 Gregorii
429 4562 489 4650 fiiij
507 4563 640 4652 Zawda,
656 4563 813 4650 Stephani
828 4563 887 4650 filij
905 4563 1027 4649 iacens,
1044 4561 1248 4652 Syrgeranii
