3168 5150
664 226 825 331 ...¹2...

176 424 303 513 uenus,
327 443 386 493 seu
409 423 550 492 omnium
575 420 713 492 aliorum
744 421 897 492 indicum
923 429 956 492 et
988 413 1224 502 Vicaiudicum,
1246 433 1308 484 nec

177 555 243 602 non
259 541 292 604 ct
302 531 517 624 johagionum
533 530 718 599 Castrorum
730 539 763 600 ct
779 533 993 601 collectorum
1009 531 1165 600 noticiam
1192 526 1308 594 harum

179 641 263 711 serie
300 639 453 708 uolumus
490 637 666 724 peruenire
698 663 706 704 ε
738 638 824 724 quod
862 659 935 708 cnm
981 658 1081 708 causa
1119 633 1307 704 deuooionis

177 746 427 819 disertissemus
466 744 648 814 hicelam
687 746 780 816 Beati
818 745 952 814 llartini
991 744 1032 816 ds
1064 743 1165 813 Sacro
1199 742 1310 810 Monte

176 857 357 945 Pannonis,
387 853 526 940 preciosi
559 851 680 922 (lhristi
714 855 912 924 confessoris
945 854 1089 942 visitare,
1113 848 1309 922 venerabilis

174 967 227 1036 vir
250 963 440 1034 Bonitaeius
463 961 574 1030 Abbas
598 968 632 1031 ct
653 960 771 1030 fratres
796 961 942 1032 ciusdem
965 961 1122 1050 Ecclmie,
1145 958 1307 1030 condicio·

177 1073 289 1144 uarios
311 1072 448 1161 populos
463 1091 540 1140 suos
556 1089 614 1158 pcr
630 1069 777 1140 diuersos
801 1069 1010 1139 collectarum
1025 1073 1195 1139 exactores
1210 1071 1304 1136 mise·

175 1182 323 1251 rabiliter
354 1179 458 1249 fuisse
490 1181 702 1265 aggrauatcs,
734 1179 829 1248 nobis
860 1177 1087 1264 conquerendo
1121 1175 1306 1263 significare

177 1293 390 1378 curauerunt3
413 1292 572 1374 petentes,
594 1295 630 1354 rt
652 1293 784 1373 propter
807 1288 914 1356 anime
937 1293 1046 1356 nostre
1069 1285 1208 1354 salutem
1225 1283 1305 1370 ipsis

176 1399 309 1489 populis
339 1398 388 1468 sic
416 1395 625 1464 miscrbiliter
655 1396 846 1482 aggrauatis
868 1402 900 1464 et
930 1393 1063 1464 afflictis
1092 1391 1305 1462 releuacicnis

175 1506 353 1578 remedium
365 1524 406 1572 cx
416 1500 525 1572 dehita
540 1501 772 1572 sollicitudinis
787 1503 896 1572 officie
912 1501 1068 1574 adhibere
1084 1503 1304 1588 dignaremur,

175 1611 384 1702 priuilegium
399 1609 606 1680 sanctissimi
621 1610 720 1698 Regis
745 1609 903 1698 Stephani
934 1609 1171 1697 predecessoris
1201 1609 1303 1677 nostri

176 1719 372 1791 exhibendo.
389 1718 488 1787 (luins
504 1723 614 1788 tenore
629 1719 782 1806 perlecto,
799 1719 877 1804 quia
892 1719 1108 1804 comperimus
1126 1717 1302 1804 euidenter,

177 1828 289 1898 strido
304 1829 433 1897 oculata
449 1827 660 1915 inspeximus,
675 1829 710 1894 in
727 1824 840 1896 codem
856 1829 1010 1896 exterma
1026 1825 1143 1894 indulti
1159 1825 1303 1896 ciusdem

176 1937 375 2006 sanctissimi
398 1935 636 2023 predecessoris
659 1936 773 2024 nostri,
796 1935 902 2023 ipsum
926 1936 1157 2003 llcnasterium
1179 1941 1212 2002 et
1235 1932 1304 2000 eins

174 2047 331 2134 populum
348 2045 390 2112 ab
405 2043 495 2110 omni
510 2039 734 2128 inquictudine
748 2049 909 2110 semotum
926 2065 934 2107 ε
951 2063 1012 2112 ncs
1043 2041 1189 2112 eiusdem
1214 2061 1303 2110 sano·

173 2153 295 2222 tissimi
310 2151 411 2238 Regis
427 2149 586 2238 Stephani
601 2150 750 2220 felicibus
766 2148 912 2237 vestigiis
927 2150 1123 2234 inherentes,
1141 2152 1301 2219 concessi·

181 2281 254 2330 mus
285 2259 469 2346 abluendo,
501 2263 536 2326 ul
553 2258 825 2342 quemadmodum
842 2257 1010 2347 ajudicio,
1037 2264 1069 2326 et
1084 2262 1246 2346 potestate
1262 2276 1302 2325 ac

171 2365 712 2456 jurisdiccicueomniunrlndicum
732 2386 772 2435 ac
790 2367 1011 2436 uniuersorum
1028 2366 1186 2436 (tonitam
1203 2367 1301 2433 Parc·

174 2476 338 2565 chyalium
348 2473 678 2543 seuViceiudicumet
694 2473 871 2542 Ourialinm
890 2471 1052 2544 Comitum
1069 2473 1245 2542 eorundem
1260 2491 1302 2539 ex

174 2585 281 2655 torma
289 2581 453 2670 priuilegij
465 2581 643 2670 supradicti
654 2582 798 2669 expediti
809 2589 884 2650 sunt
893 2582 1021 2669 penitus
1037 2582 1237 2668 stenempti3
1254 2581 1301 2648 its

174 2700 206 2761 et
221 2714 243 2760 a
258 2689 489 2760 concionibus
505 2697 538 2758 ct
556 2690 807 2777 granaminibns,
818 2711 881 2776 qus
891 2711 949 2777 par
958 2689 1149 2760 collectores
1158 2696 1224 2758 tam
1234 2691 1299 2757 vic-

175 2800 320 2884 tualium,
334 2817 432 2882 quam
448 2798 666 2885 denariorum,
682 2818 740 2867 scu
749 2799 968 2884 quarumlibet
986 2799 1125 2867 aliarum
1144 2800 1300 2866 manerie-

177 2927 245 2976 rum
261 2909 397 2993 possent
410 2905 458 2974 eis
467 2905 599 2992 imponi,
613 2904 763 2975 mandari
779 2913 811 2976 et
828 2907 943 2994 iuberi,
960 2905 1103 2992 expediti
1119 2905 1301 2975 habeantur

175 3019 314 3102 penitus,
340 3033 430 3082 merc
446 3013 637 3101 populorum
658 3011 810 3082 Albensis
825 3013 984 3100 Ecclesie,
1014 3021 1048 3082 ct
1063 3014 1215 3100 exempti.
1247 3015 1299 3082 lta

173 3133 293 3210 umen,
310 3122 435 3208 quodsi
452 3141 593 3210 unquam
608 3121 643 3189 in
657 3121 770 3208 Regno
786 3130 897 3192 nostro
907 3122 1116 3213 generaliter,
1132 3123 1185 3192 vel
1195 3122 1299 3191 inali-

174 3231 290 3316 quibus
315 3229 499 3315 Prouincijs
524 3248 581 3297 scu
607 3229 833 3318 (lumitatihus,
864 3230 899 3298 in
915 3230 1032 3317 quibus
1047 3229 1168 3302 tuerint
1183 3229 1297 3318 populi

174 3338 361 3425 hlcnasterij
394 3337 583 3426 supradicti,
599 3337 786 3425 specialiter
801 3339 970 3409 collectam
985 3341 1130 3427 aliquam
1146 3340 1181 3407 in
1195 3339 1293 3408 dena·

174 3447 242 3532 rijs,
257 3447 360 3531 lignis
375 3452 434 3514 aut
447 3447 656 3534 victualibus,
682 3448 769 3516 sicut
798 3452 986 3516 consuetum
1017 3453 1077 3536 est,
1108 3447 1219 3518 lacere
1234 3469 1295 3518 nos

171 3556 355 3640 contingat,
378 3553 489 3622 Abhas
520 3554 706 3640 Monasterij
740 3554 884 3624 eiusdem
914 3556 1096 3641 quicunque
1120 3559 1219 3626 luerit
1234 3577 1296 3646 pro

172 3669 328 3750 tompore,
355 3668 411 3732 aut
441 3664 603 3750 Deoanus,
634 3663 686 3732 vel
716 3663 821 3749 aliqui
851 3665 994 3735 maiores
1026 3672 1059 3734 et
1088 3665 1236 3753 pociores
1252 3664 1293 3733 de

170 3769 336 3858 tratribus,
369 3771 438 3840 sine
454 3769 612 3840 officiales
642 3771 756 3858 ipsius,
774 3773 818 3840 ad
834 3793 893 3844 nos
907 3774 1124 3862 personaliter
1139 3772 1295 3842 accedere

168 3877 321 3964 debeant,
352 3879 523 3966 recepturi,
554 3885 588 3946 et
619 3879 772 3967 audituri,
813 3899 852 3948 ac
892 3879 1009 3950 facturi
1051 3880 1293 3950 ordinacionem

167 3992 324 4073 nostram,
356 4007 452 4073 quam
482 4007 579 4072 super
610 3987 696 4056 facto
713 3988 922 4057 collectarum
938 3989 1122 4059 huiusmodi
1138 3989 1245 4058 iacere
1262 3998 1293 4058 ct

167 4091 320 4160 ordinare
334 4093 428 4162 nobis
443 4093 608 4162 videbitur
618 4093 711 4162 iuxta
720 4094 910 4181 qualitatem
922 4097 1075 4183 temporis
1084 4117 1157 4166 cum
1168 4097 1291 4166 eisdem

166 4198 209 4268 de
223 4199 449 4270 misericordie
479 4200 628 4286 lenitate,
658 4221 700 4270 ne
715 4201 842 4290 populis
859 4203 963 4290 ipsius
979 4205 1125 4272 Ecclesia
1139 4225 1199 4291 per
1218 4227 1294 4292 gra·

166 4308 300 4376 namins
316 4307 359 4376 ad
383 4307 517 4377 nimiam
548 4315 777 4395 paupertatem
808 4318 841 4379 et
873 4310 1131 4381 exinanicicnem
1161 4315 1292 4383 uinctis

167 4419 313 4483 exheme
344 4416 506 4501 redactis,
547 4417 581 4484 in
613 4437 654 4485 sa
684 4437 744 4503 per
773 4419 1030 4490 subtraccionem
1068 4421 1293 4490 alimentorum

171 4520 290 4594 Diniae
307 4523 420 4592 laudis·
430 4543 556 4611 organa
571 4525 818 4613 suspendantur.
835 4527 878 4595 Vt
893 4527 993 4613 igitur
1003 4571 1007 4580 ·
1018 4547 1151 4615 presens
1182 4538 1294 4600 nostra
