3148 5146
673 303 710 362 lli

26 577 31 586 ,
118 503 325 588 presencium
367 518 467 583 quam
509 499 689 564 futurorum
724 495 877 561 noticiam
907 497 1019 559 tenore
1051 488 1254 576 presencium

115 613 272 678 uolumus
287 607 461 694 peruenire
478 629 485 669 :
505 604 590 688 quod
607 602 822 670 Sebastianus
838 601 953 668 Oomer
971 598 1012 665 de
1037 597 1147 662 Toros
1177 595 1253 662 fide·

119 719 164 785 lis
179 723 290 785 noster
322 715 365 782 ad
381 718 526 780 nostram
543 711 705 779 accedens
723 708 928 797 presenciam
944 704 1068 800 exibuit
1084 702 1180 771 nobis
1199 721 1256 786 pa·

120 831 229 893 tentes
245 824 375 891 litteras
391 827 521 889 nostras
538 837 635 904 super
653 819 741 886 lacto
773 815 941 886 cuiusdam
973 819 1058 880 terre
1089 811 1184 878 Nilos
1202 827 1258 876 vo·

121 940 198 998 cate
229 935 410 1012 emanatas,
442 933 557 1016 petens
575 947 596 993 a
611 927 706 994 nobis
722 946 794 993 cum
820 921 993 1006 instancia,
1009 930 1044 988 vt
1061 923 1151 1006 ipsas
1167 923 1257 985 ratas

121 1039 257 1120 habere,
273 1043 305 1103 et
320 1041 430 1102 nostro
447 1033 658 1118 dignaremur
673 1031 846 1120 priuilegio
880 1029 1081 1098 confirmare.
1112 1025 1256 1105 Quarum

122 1144 260 1228 quidem
276 1151 368 1212 tenor
382 1143 461 1212 talis
477 1149 528 1210 est
544 1169 552 1208 :

235 1253 304 1319 Nos
319 1250 499 1318 Ladidaus
515 1249 578 1317 Dei
603 1248 715 1332 gracia
730 1249 800 1314 Rex
816 1247 984 1331 Hungarie
999 1247 1061 1313 stb.
1090 1239 1259 1330 (kbvetke

124 1361 181 1426 zik
200 1360 256 1425 IV.
272 1359 390 1424 Lasntb
405 1355 586 1443 kirtlynak
602 1354 884 1442 adomanylevete,
901 1353 983 1420 mint
994 1352 1126 1419 tentebb
1143 1352 1195 1419 88.
1212 1367 1257 1415 sn.

122 1465 235 1552 alatt.)
1024 1541 1031 1554 η

235 1573 305 1640 Nos
335 1571 434 1656 igitur
464 1569 638 1638 fidelitates
652 1579 684 1638 et
700 1571 907 1638 seruioiorum
941 1568 1057 1636 merita
1078 1567 1181 1652 ipsius
1198 1562 1260 1631 Go-

125 1681 215 1747 mitis
232 1679 430 1763 Sebastiani,
446 1699 510 1764 que
526 1679 612 1746 idem
622 1681 657 1746 in
668 1675 805 1746 diuersis
822 1675 1087 1763 expedicionibus
1104 1669 1260 1762 (Regum)

127 1787 272 1872 Vngarie
303 1783 472 1854 karissimi
501 1787 606 1873 patris
623 1785 726 1853 nostri
743 1787 845 1871 Regis
861 1784 1018 1870 Stephani
1035 1784 1142 1850 felicis
1158 1801 1261 1848 reeor-

125 1893 287 1979 dacionis,
303 1901 336 1960 et
352 1893 470 1960 nostris
501 1894 715 1978 temporibus,
732 1898 765 1958 et
795 1891 981 1977 specialiter
1006 1892 1040 1958 in
1072 1897 1180 1957 castro
1196 1888 1262 1956 Κο-

117 2000 291 2088 ¹pornicba
321 2007 449 2086 vocato,
476 2001 520 2068 ad
537 2001 624 2085 quod
639 2021 661 2067 a
676 2001 763 2068 facie
779 1997 945 2068 karissimi
962 1997 1064 2085 patris
1081 1996 1183 2064 nostri
1199 2013 1260 2062 nos

122 2127 365 2194 receperamus,
383 2127 423 2174 ac
441 2110 475 2176 in
501 2110 727 2193 expugacione
743 2107 850 2175 castri
874 2105 1067 2193 Jauriensis,
1100 2103 1186 2190 quod
1201 2122 1262 2190 per

123 2212 324 2283 Tectonicos
355 2213 430 2302 capi
460 2215 661 2300 contigerat;
685 2234 744 2281 nec
760 2235 825 2281 non
841 2217 902 2280 sub
918 2219 1024 2282 castro
1041 2212 1165 2282 Detrvb
1180 2231 1261 2278 nun·

124 2329 259 2409 cupato,
275 2321 331 2389 ubi
348 2323 510 2390 exercitus
526 2323 626 2406 Regis
643 2321 834 2390 Boemorum
853 2328 967 2389 eontra
981 2341 1041 2388 nos
1063 2321 1261 2406 insurgebat,

125 2427 267 2498 fideliter
297 2429 466 2518 impendit,
498 2429 715 2498 laudabiliter
747 2435 779 2496 et
795 2429 918 2513 deuote,
939 2428 1141 2512 benignitate
1158 2427 1263 2512 Regia

126 2543 361 2618 recensentes3
382 2555 580 2621 quamquam
596 2559 653 2624 per
678 2537 739 2604 bec
755 2544 787 2604 et
817 2557 876 2623 per
906 2537 974 2604 alia
1005 2556 1067 2602 sua
1099 2533 1263 2602 meritoria

128 2641 275 2710 seruicia
316 2643 515 2711 attollendus
556 2644 732 2712 maioribus
767 2643 952 2726 haberetur,
984 2641 1122 2710 eandem
1154 2647 1262 2709 tamen

128 2757 252 2816 terram
270 2758 479 2817 memoratam
496 2750 615 2819 Comiti
630 2750 824 2818 Sebastiano
841 2759 871 2817 ot
886 2771 943 2837 per
970 2743 1043 2818 eum
1074 2751 1143 2817 suis
1174 2749 1261 2816 here·

128 2856 228 2924 dibus
260 2849 480 2943 heredumque
507 2878 638 2926 suorum
653 2859 876 2927 sucessoribus
892 2857 1051 2942 dedimus,
1069 2857 1263 2926 donauimus

131 2973 166 3029 et
182 2961 378 3031 contulimus
393 2965 463 3032 iure
481 2974 622 3052 pepetuo
653 2964 905 3050 possidendam
929 2969 962 3031 et
991 2965 1081 3050 ipsas
1113 2969 1265 3050 patentes

128 3069 262 3136 litteras
293 3078 421 3139 nostras
453 3079 542 3141 ratas
574 3074 732 3142 babentes
757 3079 790 3140 et
807 3079 969 3159 acceptas,
986 3071 1179 3142 anctoritate
1194 3091 1265 3158 pre-

130 3175 280 3244 sencium
297 3177 446 3248 duximus
465 3179 715 3249 confirmandas.
743 3181 782 3247 In
799 3183 890 3250 cuius
905 3181 952 3250 rei
967 3181 1156 3248 memoriam
1172 3177 1267 3246 firmi·

131 3291 302 3368 totamque
331 3293 523 3372 perpetuam
555 3297 723 3374 presentes
748 3287 967 3356 concessimus
984 3289 1112 3355 litteras
1128 3284 1266 3372 duplicis

130 3389 239 3474 sigilli
254 3392 356 3458 nostri
371 3395 552 3464 munimine
569 3396 750 3464 roboratas.
767 3396 887 3464 Datum
902 3415 960 3481 per
975 3413 1089 3462 manus
1115 3393 1266 3478 Magistri

35 3565 47 3578 ,
132 3497 305 3566 Benedicti
335 3500 456 3569 Sancte
487 3503 726 3591 Strigoniensis
756 3505 903 3574 Ecclesia
934 3505 1039 3573 Electi
1055 3505 1266 3590 eiusdemque

130 3603 198 3670 loci
214 3601 349 3673 Comitis
366 3610 525 3696 perpetui,
541 3611 704 3696 Prepesiti
720 3609 879 3679 Budensis
896 3617 929 3679 et
944 3611 1018 3678 aule
1044 3617 1155 3679 nostre
1187 3615 1269 3681 Viee

130 3711 335 3798 cancellarij
353 3713 465 3783 dilecti
481 3723 513 3784 et
524 3717 632 3786 fidelis
649 3719 762 3802 nostri,
783 3739 870 3787 anno
886 3718 1019 3788 Domini
1034 3717 1268 3791 M900⁰LXX⁰

131 3823 263 3904 quarto,
292 3820 363 3914 Vll.
395 3819 556 3894 kalendas
588 3821 739 3894 Octobris
771 3825 959 3894 indiccione
990 3825 1134 3894 secunda
1166 3826 1270 3910 Regni

128 3931 244 3992 autem
277 3927 381 3994 nostri
411 3949 498 3997 anno
528 3923 654 3999 torcios
670 3932 919 4001 venerabilibus
934 3932 1085 4020 patribus
1101 3933 1268 4018 Stephano

131 4029 311 4100 Colooensi
328 4043 361 4103 st
391 4037 542 4106 lobanne
574 4039 761 4124 Spalatensi
791 4039 1073 4126 Arobiepiscopis·;
1096 4041 1272 4126 Lamperto

131 4137 301 4224 Agriensi,
333 4142 460 4211 Briccio
476 4144 707 4235 Chenadiensi,
724 4147 785 4214 Job
798 4145 1154 4233 Quinqueecclesiensi,
1169 4145 1273 4214 Panlo

130 4245 373 4330 Vesprimiensi
389 4253 467 4320 aule
482 4257 594 4322 nostre
612 4253 823 4338 Oancellario,
842 4253 971 4339 Pbilipo
996 4255 1161 4322 Waeiensi
1194 4255 1270 4322 aulo
1291 4253 1296 4264 '

129 4353 269 4422 domine
299 4357 425 4442 Regina
439 4360 616 4429 karissime
632 4362 792 4430 consortis
808 4368 919 4430 nostre
934 4359 1153 4448 Ganoellario,
1169 4359 1273 4428 Ledo-

128 4461 236 4528 merio
252 4461 474 4553 waradiensi,
492 4467 639 4538 'limoteo
664 4469 889 4554 Zagrabiensi,
921 4467 1069 4536 Dionisio
1101 4468 1257 4537 lauriens
1368 4499 1373 4509 ¹

131 4579 170 4636 et
185 4573 289 4642 Petro
320 4573 543 4644 manibusue
574 4575 748 4662 ilpiseopis
779 4576 950 4645 Ecclesiae
981 4575 1044 4643 Dei
1059 4575 1203 4645 feliciter
1216 4596 1276 4662 gu·
