3148 5146
597 265 758 368 *ra-o-

112 459 290 528 Moroncha
306 459 499 527 existentem
515 460 649 528 Percino
669 460 788 526 domiti
804 461 838 526 in
854 481 911 528 sno
928 457 1100 544 priuilegio
1132 464 1241 526 contu-

111 570 216 654 lisset,
248 574 281 633 et
295 566 501 653 postmodum
532 567 710 652 Dyonisius
726 567 881 651 Magister
900 567 1167 634 Tawaruicorunr
1185 564 1240 631 do-

113 677 200 742 mine
215 673 341 757 Regina
360 673 520 741 consortis
549 680 657 742 nostre
689 674 873 760 karissime,
906 673 994 742 dioto
1026 673 1186 740 Comitatu
1204 671 1244 739 de

114 782 291 849 Moroncha
323 803 365 849 ex
396 787 508 849 nostra
528 781 710 850 collacione
725 781 768 846 ad
785 782 892 867 ipsum
908 789 1063 868 perpetuo
1079 781 1239 860 deuolute,
1266 855 1269 860 ,

117 890 258 958 eandem
278 896 395 960 terram
429 889 616 956 Glannicha
647 889 839 958 abstulisset
853 911 874 956 a
890 889 1013 957 Gemite
1043 889 1178 956 Percino
1195 910 1244 956 su·

112 997 280 1082 pradicto;
320 997 452 1066 tandem
492 997 648 1083 Magister
688 997 864 1084 Dyonisius
906 1005 1103 1066 memoratus
1134 1017 1241 1065 coram

113 1106 210 1171 nobis
226 1105 446 1192 personaliter
469 1106 663 1172 constitutus
695 1106 877 1191 predictam
910 1113 1028 1173 terram
1060 1104 1244 1172 Glannicha

116 1213 247 1295 exemit,
257 1213 384 1298 excepit
400 1218 432 1279 et
449 1212 624 1280 extraxita
640 1212 812 1298 priuilegio
832 1233 891 1280 suo
908 1233 1005 1298 super
1020 1213 1090 1297 ipso
1108 1210 1243 1276 Comita-

114 1325 148 1386 tu
166 1320 232 1388 sibi
248 1339 411 1408 concesso,
429 1328 461 1387 ct
488 1327 657 1405 exceptam
674 1327 706 1385 et
737 1326 913 1387 extractam
945 1319 1074 1402 reliquit
1089 1319 1130 1384 de
1160 1317 1245 1384 bona

114 1429 286 1494 uoluntate
316 1449 376 1495 sna
407 1428 470 1514 ipsi
502 1427 617 1494 Comiti
645 1427 782 1494 Percino
803 1430 895 1495 iuxta
911 1429 1123 1496 collacionem
1142 1427 1242 1510 patris
1335 1459 1336 1464 κ

114 1535 219 1602 nostri
234 1537 427 1622 predictam,
445 1542 477 1602 et
492 1536 551 1603 snb
568 1535 662 1602 metis
678 1538 712 1601 in
729 1536 872 1602 eiusdem
893 1535 1075 1621 priuilegijs
1108 1540 1239 1604 conten-

113 1641 246 1708 tisoum
277 1642 426 1709 omnibns
458 1643 526 1709 suis
558 1641 754 1710 utilitatibus
786 1649 817 1706 rt
844 1643 1053 1727 pertinencijs
1084 1647 1242 1728 perpetuo

113 1748 359 1833 possidendam.
385 1749 452 1816 Nos
485 1757 592 1816 autem
624 1750 818 1833 multiplices
850 1751 1073 1817 fidelitatesst
1103 1748 1244 1814 seruicia

114 1855 195 1922 dicti
228 1855 361 1923 Comitis
385 1855 523 1942 Percini,
539 1875 601 1939 que
618 1855 712 1922 nobis
728 1877 800 1922 cum
817 1875 953 1940 persone
969 1875 1028 1922 sue
1044 1854 1244 1940 captiuecio·

114 1983 156 2030 ne
172 1973 206 2030 et
221 1983 363 2050 snorum,
380 1969 412 2031 et
435 1984 544 2031 rernm
576 1983 708 2030 suarum
742 1965 940 2048 expensione
972 1983 1035 2029 non
1066 1961 1193 2029 modica
1208 1961 1244 2026 in

115 2071 257 2138 diuersis
287 2071 393 2156 Regni
425 2072 528 2140 nostri
558 2071 705 2156 negocijs
724 2069 880 2153 exhibuit,
898 2071 1116 2154 attendentes,
1134 2068 1243 2136 volen-

114 2185 228 2262 tesque
245 2179 360 2266 eidem,
378 2185 413 2246 ut
428 2179 545 2248 nostris
577 2185 722 2246 tenemur
754 2179 910 2266 fidelibus,
941 2179 1043 2263 Regio
1076 2193 1242 2246 occurrere

113 2307 187 2353 cnm
220 2285 342 2375 fanore,
375 2287 586 2354 collacionem
618 2287 703 2354 dicte
724 2294 807 2354 terre
823 2307 880 2372 per
897 2286 1034 2355 eundem
1048 2293 1171 2372 patrem
1188 2304 1244 2350 no-

112 2401 217 2461 strum
228 2394 291 2474 sibi
303 2395 420 2462 factam
436 2395 528 2460 iuxta
548 2394 782 2460 continenciam
800 2393 963 2479 priuilegij
983 2415 1083 2479 snper
1098 2392 1242 2459 eiusdem

110 2508 197 2569 terre
212 2501 394 2570 collacione
419 2501 566 2586 confecti,
583 2503 772 2568 auctoritate
783 2502 987 2584 presencium
1005 2502 1243 2584 confirmamus,

114 2617 146 2677 et
162 2609 339 2677 eximimus
370 2610 507 2676 eandem
524 2609 565 2674 ab
597 2609 683 2674 omni
717 2609 825 2674 debito
843 2616 876 2675 et
905 2608 1045 2677 seruicia
1078 2609 1183 2676 Castri
1201 2606 1242 2674 de

114 2717 314 2800 Moroucha3
338 2719 386 2783 ita
416 2737 496 2800 pure
528 2721 560 2782 et
585 2715 786 2802 simpliciter,
819 2721 853 2780 nt
876 2716 982 2783 nullus
1015 2711 1172 2783 Comitum
1206 2713 1246 2781 de

115 2825 301 2911 Moroucha,
319 2826 372 2892 uel
389 2823 575 2892 officialium
601 2822 787 2909 eorundem,
809 2823 842 2888 in
874 2824 963 2890 dicta
992 2829 1080 2890 terra
1109 2821 1242 2889 racione

115 2935 192 3003 dicti
225 2934 335 3002 Castri
367 2934 594 3020 proprietatem
626 2929 677 2998 vel
692 2930 956 3015 jurisdicoionem
975 2930 1123 3016 aliquam
1140 2931 1243 3017 possit

115 3045 164 3109 nel
180 3042 301 3110 debeat
318 3039 410 3129 (sibi)
427 3038 609 3108 uindicare.
625 3039 665 3104 ut
690 3037 904 3124 relinquimus
935 3037 1073 3104 eandam
1103 3037 1167 3123 ipsi
1185 3038 1242 3105 Go-
1297 3105 1301 3112 ,

118 3151 186 3217 miti
204 3147 354 3235 Percino,
381 3155 475 3237 prout
495 3148 594 3215 ceteri
612 3147 738 3215 nobiles
755 3147 787 3213 in
803 3147 954 3215 Partibus
973 3145 1245 3214 Transdrawanis

116 3257 280 3326 constituti
297 3263 401 3325 terras
417 3277 475 3326 seu
491 3255 715 3342 possessiones
731 3275 840 3322 eorum
858 3253 1016 3342 detinent,
1043 3254 1144 3321 libere
1175 3275 1246 3340 pos·

116 3364 307 3452 sidendam;
332 3385 404 3433 cum
437 3372 469 3433 et
485 3363 591 3450 ipsum
610 3361 766 3430 Comitem
785 3362 954 3430 Percinum
972 3361 1057 3429 inter
1072 3361 1195 3447 primos
1214 3369 1247 3430 et

116 3476 261 3558 pociores
278 3473 383 3560 Regni
400 3473 500 3541 nostri
516 3471 643 3538 nobiles
658 3477 853 3555 reputemus,
870 3489 932 3538 nec
949 3468 1081 3554 aliquod
1098 3467 1242 3540 debitum

119 3581 357 3648 nelscruicinm
391 3581 461 3666 ipse
493 3578 611 3647 eteius
641 3577 778 3646 heredes
811 3576 900 3645 dicto
933 3578 1046 3645 Castro
1073 3575 1244 3648 decadem

119 3687 559 3776 impendereteneantur.1n
578 3685 668 3754 cuius
698 3687 747 3752 rei
780 3687 967 3754 memoriam
985 3689 1016 3751 et
1032 3692 1142 3753 nostre
1173 3705 1247 3752 con·

120 3796 277 3864 cessionis
302 3797 486 3864 firmitatem
502 3802 690 3881 perpetuam
711 3800 877 3882 presentes
899 3793 1004 3860 cidem
1022 3793 1244 3861 concessimus

120 3901 244 3972 litteras
261 3904 424 3991 dupplicis
443 3905 546 3989 sigilli
572 3904 673 3971 nostri
694 3903 883 3970 munimine
913 3904 1091 3970 roboratas.
1122 3903 1244 3967 Datum

119 4031 174 4094 per
189 4033 309 4079 manus
336 4013 530 4080 venerabilis
547 4011 610 4079 viri
625 4010 775 4096 Magistri
805 4008 974 4078 Benedicti
990 4009 1108 4077 Sancte
1125 4009 1247 4091 Strigo·

116 4119 240 4187 niensis
258 4121 405 4188 Ecclesia
430 4122 547 4209 Electi,
582 4121 791 4206 eiusdemque
822 4118 884 4185 loci
915 4119 1050 4186 Comitis
1081 4116 1246 4201 Perpetui,

116 4227 277 4294 Budensis
309 4225 478 4316 Prepesiti,
510 4227 593 4296 Aule
624 4233 734 4295 nostre
765 4226 1042 4312 UiceOancellarij
1077 4223 1186 4291 dilecti
1216 4230 1247 4290 et

115 4333 219 4402 tidelis
236 4337 337 4404 nostri
358 4357 442 4403 anno
458 4337 590 4404 Domini
606 4335 726 4404 M⁰GG⁰
743 4333 984 4423 septuagesimo
1009 4334 1131 4416 quinto,
1147 4331 1248 4400 tercio

119 4441 191 4509 idus
222 4445 371 4530 Augusti,
389 4445 496 4534 Regni
514 4450 619 4514 antem
646 4444 751 4512 nostri
768 4463 853 4513 anno
870 4444 980 4512 tercio.
997 4440 1246 4508 Venerabilibus

122 4550 269 4638 patribus
285 4553 455 4642 Stephano
487 4553 655 4622 Colocensi
680 4561 712 4620 et
742 4551 891 4623 Johannc
921 4547 1108 4638 Spalatensi
1138 4545 1249 4616 Archi·
