3124 5152
563 303 722 404 Q

178 499 243 564 Nos
267 503 380 582 itaque
397 499 592 582 peticionem
609 499 717 580 ipsius
735 498 863 564 dominc
880 499 1057 584 lllysabetb
1093 496 1211 564 sororis

102 611 180 671 nostre
196 605 378 672 karissime
396 605 570 672 admittere
587 607 753 686 cupientes
779 606 881 689 Regio
915 629 987 673 cnm
1022 607 1143 688 fauore,
1178 615 1211 670 nt

101 711 235 796 debemus,
269 711 400 777 eosdem
417 709 628 778 Ohnmotenm
644 731 715 776 cum
734 709 835 779 tribus
852 710 929 798 filijs
961 713 1038 797 suis,
1069 711 1197 776 Petrum

100 837 149 883 eun
162 817 285 884 duobus
301 817 456 886 fratribus
475 817 555 906 suis,
587 821 618 882 ct
634 816 759 884 Buhtus
776 839 847 884 cnm
864 817 1017 888 fratrlbns
1035 820 1116 906 suis,
1153 815 1197 882 nd

98 924 217 992 nomicos
236 931 373 1008 nostros,
407 924 601 1010 combornis,
632 923 736 992 vineis
754 931 785 992 et
801 925 953 993 omnibns
971 927 1047 1012 alijs
1079 923 1207 991 iuribus

98 1053 181 1100 comm
196 1033 231 1100 in
248 1033 331 1100 villa
348 1031 459 1117 'Pelky
475 1030 700 1117 existentibus,
717 1033 779 1099 sub
798 1031 914 1099 eadem
931 1031 1136 1117 condicione,
1166 1032 1199 1097 in

96 1161 141 1222 qne
153 1140 244 1207 nobis
263 1147 296 1206 et
312 1139 572 1226 progenitoribus
589 1139 707 1205 nostris
722 1139 843 1207 seruire
877 1142 1079 1226 tenebantur,
1116 1139 1206 1205 dedi-

97 1268 154 1333 mus,
174 1247 370 1314 donauimus
387 1253 485 1331 utque
501 1245 692 1313 tradidimus
709 1246 817 1314 eidein
851 1248 982 1314 domine
1015 1245 1206 1333 Elysabeth,

96 1353 174 1418 sorori
189 1360 298 1421 nostre
314 1353 497 1437 karissime,
514 1359 670 1438 perpetuo
687 1355 965 1422 inreuccabiliter-
977 1353 1204 1441 possidendas.

95 1459 124 1524 n
135 1461 227 1545 igitur
244 1461 303 1528 hec
320 1468 433 1528 nostra
448 1461 588 1528 collaeio
605 1461 691 1528 dicte
707 1461 838 1529 domine
855 1463 958 1530 sorori
975 1471 1087 1531 nostre
1098 1461 1205 1529 karis-

95 1567 153 1632 sime
168 1589 225 1654 per
240 1587 300 1634 nos
317 1569 407 1635 facta
424 1569 487 1656 ipsi
504 1567 704 1636 Monosterio
720 1569 866 1654 Virginis
883 1569 1031 1637 Glorioso
1043 1576 1202 1656 perpetuo

95 1683 266 1762 perseueret,
283 1695 344 1742 nee
361 1697 419 1760 per
436 1679 622 1762 qnempiam
639 1676 742 1760 possit
771 1677 822 1743 uel
856 1679 965 1744 ualeat
995 1679 1213 1762 aliquatenus

93 1791 247 1868 retraetari,
262 1791 434 1872 presentes
452 1787 670 1852 concessimus
687 1783 812 1852 litteras
831 1781 969 1872 duplicis
986 1786 1088 1870 sigilli
1099 1789 1199 1853 nostri

95 1893 248 1961 munimine
264 1895 445 1960 roboratas.
462 1893 582 1960 Datum
599 1915 657 1979 per
673 1914 788 1960 manns
806 1891 1004 1960 venerabilis
1021 1894 1083 1961 uiri
1101 1895 1200 1978 Magi-

34 1987 35 2044 Ῑ
92 2003 132 2066 stri
150 2001 295 2086 senonis,
327 2003 402 2068 aule
434 2009 544 2070 nost-rc
571 2001 857 2088 vicecancellarij‚
890 2001 998 2069 dilecti
1031 2009 1063 2067 et
1094 2001 1199 2067 fidelis

34 2133 35 2138 ¹
92 2109 185 2192 nestri,
200 2129 284 2176 anuo
315 2109 447 2176 Domini
464 2111 495 2176 M
503 2109 582 2176 ⁰000
599 2108 831 2194 octuagesimo,
849 2108 954 2191 Regni
972 2114 1079 2175 autem
1097 2109 1196 2175 nostri

91 2225 298 2286 annooctaue.

34 2415 35 2418 ’
90 2417 210 2473 (tredetie
227 2416 412 2480 berhdrbydm
432 2417 551 2480 melyrdl
569 2433 586 2466 e
604 2416 700 2480 pecset
718 2415 850 2467 tdreddke
869 2415 1046 2481 sarge-vdrbs
1077 2417 1194 2480 selyem·

223 2507 355 2558 zsinbrcn
368 2507 455 2572 fngg;
480 2521 498 2556 e
515 2506 602 2557 budei
615 2505 667 2556 kir.
686 2507 814 2556 kamarui
839 2505 1034 2569 levelttrban.)

503 2795 752 2812 ..m-

593 3333 666 3400 241.

34 3497 36 3510 l
86 3537 103 3596 l
108 3538 136 3600 V.
149 3540 255 3605 Ldszld
279 3536 458 3624 dir-dlycelc
489 3531 610 3599 stelles
640 3479 791 3617 bclysdpet
821 3531 977 3617 tdrpyezo'
1007 3530 1190 3614 adomdnyc
1267 3621 1269 3626 Ι

239 3646 359 3711 Mittas
376 3665 484 3724 cemes,
503 3640 656 3706 Perenne
666 3637 719 3718 fia
734 3640 893 3702 emmena.
916 3636 1017 3701 1280.

172 3840 342 3907 ladizlaus
375 3835 435 3903 Dei
466 3835 578 3922 grecie
617 3833 773 3920 Ungaric‚
822 3829 999 3916 Dalmucie,
1046 3829 1188 3916 Croacie,

83 3943 177 4033 Panic,
193 3947 318 4027 Serme,
336 3943 485 4027 Gallicie,
502 3940 702 4020 Ledcmeric,
720 3937 876 4006 Ormenie
892 3937 1108 4021 Belgarieque
1119 3937 1187 4002 Rex

81 4053 206 4120 omnibns
222 4052 342 4119 Christi
359 4051 511 4117 fidelibus
527 4057 710 4135 presentem
729 4045 885 4132 paginam
898 4043 1093 4126 inspecturis
1104 4043 1187 4108 salu-

80 4160 128 4220 tem
143 4159 172 4224 in
188 4159 328 4225 omnium
347 4157 523 4222 saluatore.¹
548 4155 590 4219 Ut
607 4153 806 4219 donaciones
822 4152 947 4235 Regum
965 4151 1186 4234 perpetualis-

80 4265 171 4331 nitate
195 4265 386 4351 solidentur,
414 4265 592 4329 litterarum
626 4261 728 4326 solent
758 4257 941 4324 testimonio
974 4257 1186 4337 cummuniri;

77 4367 280 4441 inconcussum
298 4374 420 4458 qnippe
436 4374 613 4453 permanet,
645 4365 731 4449 quod
750 4365 851 4447 Regio
877 4365 972 4431 inerit
1002 4365 1185 4450 patrocinio

77 4483 295 4546 communitum.
320 4479 459 4544 Proinde
476 4476 518 4541 ad
534 4477 759 4542 uniuersorum
787 4471 940 4538 noticiam
971 4477 1084 4538 tenere
1114 4463 1185 4556 pre·

76 4587 201 4653 sentium
218 4588 366 4654 volumus
384 4585 572 4672 peruenire:
591 4580 675 4666 qued
693 4579 982 4645 commendabilem
995 4578 1183 4644 fidelitatem

1016 4684 1077 4754 19*
