<?xml version="1.0" encoding="UTF-8"?>
<!DOCTYPE html PUBLIC "-//W3C//DTD XHTML 1.0 Transitional//EN"
    "http://www.w3.org/TR/xhtml1/DTD/xhtml1-transitional.dtd">
<html xmlns="http://www.w3.org/1999/xhtml" xml:lang="en" lang="en">
 <head>
  <title>
</title>
<meta http-equiv="Content-Type" content="text/html;charset=utf-8" />
  <meta name='ocr-system' content='tesseract 3.04.00' />
  <meta name='ocr-capabilities' content='ocr_page ocr_carea ocr_par ocr_line ocrx_word'/>
</head>
<body>
  <div class='ocr_page' id='page_1' title='image "./codexdiplomatic06wenzgoog_0407.png"; bbox 0 0 3068 5150; ppageno 0'>
   <div class='ocr_carea' id='block_1_1' title="bbox 808 365 969 465">
    <p class='ocr_par' dir='ltr' id='par_1_1' title="bbox 808 365 969 465">
     <span class='ocr_line' id='line_1_1' title="bbox 808 365 969 465; baseline 0 -34"><span class='ocrx_word' id='word_1_1' title='bbox 808 365 969 465; x_wconf 48' lang='lat' dir='ltr'>joo—</span> 
     </span>
    </p>
   </div>
   <div class='ocr_carea' id='block_1_2' title="bbox 326 549 1449 1838">
    <p class='ocr_par' dir='ltr' id='par_1_2' title="bbox 326 549 1449 1838">
     <span class='ocr_line' id='line_1_2' title="bbox 326 549 1445 646; baseline -0.015 -16"><span class='ocrx_word' id='word_1_2' title='bbox 326 569 471 646; x_wconf 89' lang='lat' dir='ltr'>tempore</span> <span class='ocrx_word' id='word_1_3' title='bbox 488 560 697 630; x_wconf 81' lang='lat' dir='ltr'>constitutum</span> <span class='ocrx_word' id='word_1_4' title='bbox 713 563 747 628; x_wconf 91' lang='lat' dir='ltr'>iu</span> <span class='ocrx_word' id='word_1_5' title='bbox 763 561 853 628; x_wconf 90' lang='lat' dir='ltr'>nniio</span> <span class='ocrx_word' id='word_1_6' title='bbox 872 559 1031 645; x_wconf 88' lang='lat' dir='ltr'>pertinere</span> <span class='ocrx_word' id='word_1_7' title='bbox 1048 553 1239 634; x_wconf 82' lang='lat' dir='ltr'>dinoscitur,</span> <span class='ocrx_word' id='word_1_8' title='bbox 1265 552 1357 619; x_wconf 91' lang='lat' dir='ltr'>ouius</span> <span class='ocrx_word' id='word_1_9' title='bbox 1381 549 1445 632; x_wconf 89' lang='lat' dir='ltr'>qui-</span> 
     </span>
     <span class='ocr_line' id='line_1_3' title="bbox 327 657 1445 755; baseline -0.01 -22"><span class='ocrx_word' id='word_1_10' title='bbox 327 669 399 734; x_wconf 92' lang='lat' dir='ltr'>dem</span> <span class='ocrx_word' id='word_1_11' title='bbox 421 667 533 735; x_wconf 85' lang='lat' dir='ltr'>tributi</span> <span class='ocrx_word' id='word_1_12' title='bbox 550 688 627 755; x_wconf 81' lang='lat' dir='ltr'>pars</span> <span class='ocrx_word' id='word_1_13' title='bbox 643 669 748 736; x_wconf 83' lang='lat' dir='ltr'>altera</span> <span class='ocrx_word' id='word_1_14' title='bbox 774 666 950 736; x_wconf 83' lang='lat' dir='ltr'>Albensem</span> <span class='ocrx_word' id='word_1_15' title='bbox 967 663 1107 751; x_wconf 82' lang='lat' dir='ltr'>pertinet</span> <span class='ocrx_word' id='word_1_16' title='bbox 1137 659 1331 746; x_wconf 78' lang='lat' dir='ltr'><strong>Capitulum,</strong></span> <span class='ocrx_word' id='word_1_17' title='bbox 1363 657 1445 724; x_wconf 92' lang='lat' dir='ltr'>dedi·</span> 
     </span>
     <span class='ocr_line' id='line_1_4' title="bbox 326 761 1446 859; baseline -0.01 -18"><span class='ocrx_word' id='word_1_18' title='bbox 326 795 409 859; x_wconf 89' lang='lat' dir='ltr'>mus,</span> <span class='ocrx_word' id='word_1_19' title='bbox 427 773 620 842; x_wconf 84' lang='lat' dir='ltr'>donauimus</span> <span class='ocrx_word' id='word_1_20' title='bbox 638 782 669 842; x_wconf 86' lang='lat' dir='ltr'>et</span> <span class='ocrx_word' id='word_1_21' title='bbox 686 775 879 844; x_wconf 84' lang='lat' dir='ltr'>contulimus</span> <span class='ocrx_word' id='word_1_22' title='bbox 895 772 1000 842; x_wconf 89' lang='lat' dir='ltr'>eidem</span> <span class='ocrx_word' id='word_1_23' title='bbox 1015 770 1172 856; x_wconf 79' lang='lat' dir='ltr'>Magistro</span> <span class='ocrx_word' id='word_1_24' title='bbox 1198 765 1367 850; x_wconf 82' lang='lat' dir='ltr'>Corraldo,</span> <span class='ocrx_word' id='word_1_25' title='bbox 1392 761 1446 852; x_wconf 89' lang='lat' dir='ltr'>(et)</span> 
     </span>
     <span class='ocr_line' id='line_1_5' title="bbox 327 873 1447 968; baseline -0.011 -17"><span class='ocrx_word' id='word_1_26' title='bbox 327 901 473 967; x_wconf 90' lang='lat' dir='ltr'>pereum</span> <span class='ocrx_word' id='word_1_27' title='bbox 500 885 569 952; x_wconf 91' lang='lat' dir='ltr'>suis</span> <span class='ocrx_word' id='word_1_28' title='bbox 595 884 768 952; x_wconf 78' lang='lat' dir='ltr'>heredibus</span> <span class='ocrx_word' id='word_1_29' title='bbox 800 882 1018 968; x_wconf 87' lang='lat' dir='ltr'>heredumque</span> <span class='ocrx_word' id='word_1_30' title='bbox 1050 897 1181 948; x_wconf 91' lang='lat' dir='ltr'>suorum</span> <span class='ocrx_word' id='word_1_31' title='bbox 1213 873 1447 944; x_wconf 76' lang='lat' dir='ltr'>suecessoribus</span> 
     </span>
     <span class='ocr_line' id='line_1_6' title="bbox 327 980 1447 1079; baseline -0.012 -22"><span class='ocrx_word' id='word_1_32' title='bbox 327 997 482 1076; x_wconf 90' lang='lat' dir='ltr'>perpetuo</span> <span class='ocrx_word' id='word_1_33' title='bbox 499 997 531 1060; x_wconf 85' lang='lat' dir='ltr'>et</span> <span class='ocrx_word' id='word_1_34' title='bbox 556 991 816 1060; x_wconf 84' lang='lat' dir='ltr'>inreuooabiliter</span> <span class='ocrx_word' id='word_1_35' title='bbox 847 989 1023 1079; x_wconf 91' lang='lat' dir='ltr'>possidere.</span> <span class='ocrx_word' id='word_1_36' title='bbox 1062 989 1107 1056; x_wconf 92' lang='lat' dir='ltr'>Ut</span> <span class='ocrx_word' id='word_1_37' title='bbox 1137 985 1236 1070; x_wconf 88' lang='lat' dir='ltr'>igitur</span> <span class='ocrx_word' id='word_1_38' title='bbox 1267 980 1447 1050; x_wconf 87' lang='lat' dir='ltr'>huiusmodi</span> 
     </span>
     <span class='ocr_line' id='line_1_7' title="bbox 327 1089 1449 1180; baseline -0.009 -16"><span class='ocrx_word' id='word_1_39' title='bbox 327 1097 463 1168; x_wconf 77' lang='lat' dir='ltr'><strong>donacio</strong></span> <span class='ocrx_word' id='word_1_40' title='bbox 480 1119 537 1166; x_wconf 82' lang='lat' dir='ltr'>eru</span> <span class='ocrx_word' id='word_1_41' title='bbox 552 1101 690 1168; x_wconf 83' lang='lat' dir='ltr'>statuoio</span> <span class='ocrx_word' id='word_1_42' title='bbox 707 1099 817 1168; x_wconf 88' lang='lat' dir='ltr'>tributi</span> <span class='ocrx_word' id='word_1_43' title='bbox 833 1101 904 1168; x_wconf 91' lang='lat' dir='ltr'>siue</span> <span class='ocrx_word' id='word_1_44' title='bbox 921 1095 1084 1166; x_wconf 89' lang='lat' dir='ltr'>oonoessio</span> <span class='ocrx_word' id='word_1_45' title='bbox 1101 1113 1160 1180; x_wconf 91' lang='lat' dir='ltr'>per</span> <span class='ocrx_word' id='word_1_46' title='bbox 1175 1113 1235 1160; x_wconf 92' lang='lat' dir='ltr'>nos</span> <span class='ocrx_word' id='word_1_47' title='bbox 1263 1089 1354 1158; x_wconf 81' lang='lat' dir='ltr'>iaetu</span> <span class='ocrx_word' id='word_1_48' title='bbox 1383 1109 1449 1176; x_wconf 91' lang='lat' dir='ltr'>per-</span> 
     </span>
     <span class='ocr_line' id='line_1_8' title="bbox 327 1200 1448 1296; baseline -0.01 -22"><span class='ocrx_word' id='word_1_49' title='bbox 327 1213 425 1294; x_wconf 89' lang='lat' dir='ltr'>petuo</span> <span class='ocrx_word' id='word_1_50' title='bbox 441 1215 473 1276; x_wconf 89' lang='lat' dir='ltr'>et</span> <span class='ocrx_word' id='word_1_51' title='bbox 488 1208 752 1278; x_wconf 83' lang='lat' dir='ltr'>inreuosahiliter</span> <span class='ocrx_word' id='word_1_52' title='bbox 767 1212 964 1296; x_wconf 86' lang='lat' dir='ltr'>perseueret,</span> <span class='ocrx_word' id='word_1_53' title='bbox 986 1211 1154 1294; x_wconf 79' lang='lat' dir='ltr'>presentes</span> <span class='ocrx_word' id='word_1_54' title='bbox 1169 1200 1319 1272; x_wconf 86' lang='lat' dir='ltr'>dedimus</span> <span class='ocrx_word' id='word_1_55' title='bbox 1334 1205 1367 1265; x_wconf 89' lang='lat' dir='ltr'>et</span> <span class='ocrx_word' id='word_1_56' title='bbox 1382 1219 1448 1266; x_wconf 88' lang='lat' dir='ltr'>oon·</span> 
     </span>
     <span class='ocr_line' id='line_1_9' title="bbox 329 1308 1447 1404; baseline -0.012 -22"><span class='ocrx_word' id='word_1_57' title='bbox 329 1318 487 1385; x_wconf 89' lang='lat' dir='ltr'>oessimus</span> <span class='ocrx_word' id='word_1_58' title='bbox 503 1317 630 1386; x_wconf 79' lang='lat' dir='ltr'>litteras</span> <span class='ocrx_word' id='word_1_59' title='bbox 646 1317 807 1404; x_wconf 89' lang='lat' dir='ltr'>duppliois</span> <span class='ocrx_word' id='word_1_60' title='bbox 822 1317 924 1402; x_wconf 91' lang='lat' dir='ltr'>sigilli</span> <span class='ocrx_word' id='word_1_61' title='bbox 940 1315 1042 1382; x_wconf 89' lang='lat' dir='ltr'>nostri</span> <span class='ocrx_word' id='word_1_62' title='bbox 1068 1311 1245 1380; x_wconf 86' lang='lat' dir='ltr'>munimine</span> <span class='ocrx_word' id='word_1_63' title='bbox 1275 1308 1447 1376; x_wconf 77' lang='lat' dir='ltr'>roboratas.</span> 
     </span>
     <span class='ocr_line' id='line_1_10' title="bbox 328 1417 1449 1510; baseline -0.007 -22"><span class='ocrx_word' id='word_1_64' title='bbox 328 1423 447 1492; x_wconf 82' lang='lat' dir='ltr'>Datum</span> <span class='ocrx_word' id='word_1_65' title='bbox 463 1445 521 1510; x_wconf 88' lang='lat' dir='ltr'>per</span> <span class='ocrx_word' id='word_1_66' title='bbox 537 1447 652 1494; x_wconf 85' lang='lat' dir='ltr'>manus</span> <span class='ocrx_word' id='word_1_67' title='bbox 678 1424 826 1510; x_wconf 80' lang='lat' dir='ltr'>Magistri</span> <span class='ocrx_word' id='word_1_68' title='bbox 857 1422 1075 1491; x_wconf 86' lang='lat' dir='ltr'>Bartholomei</span> <span class='ocrx_word' id='word_1_69' title='bbox 1108 1420 1240 1491; x_wconf 88' lang='lat' dir='ltr'>disereti</span> <span class='ocrx_word' id='word_1_70' title='bbox 1270 1417 1341 1505; x_wconf 84' lang='lat' dir='ltr'>riri,</span> <span class='ocrx_word' id='word_1_71' title='bbox 1371 1417 1449 1482; x_wconf 85' lang='lat' dir='ltr'>Aule</span> 
     </span>
     <span class='ocr_line' id='line_1_11' title="bbox 329 1523 1449 1619; baseline -0.011 -20"><span class='ocrx_word' id='word_1_72' title='bbox 329 1539 437 1601; x_wconf 88' lang='lat' dir='ltr'>nostre</span> <span class='ocrx_word' id='word_1_73' title='bbox 452 1533 726 1619; x_wconf 80' lang='lat' dir='ltr'>Vionunoeliarij</span> <span class='ocrx_word' id='word_1_74' title='bbox 746 1533 859 1600; x_wconf 88' lang='lat' dir='ltr'>dileoti</span> <span class='ocrx_word' id='word_1_75' title='bbox 875 1541 907 1600; x_wconf 89' lang='lat' dir='ltr'>et</span> <span class='ocrx_word' id='word_1_76' title='bbox 937 1530 1043 1600; x_wconf 83' lang='lat' dir='ltr'>tidelis</span> <span class='ocrx_word' id='word_1_77' title='bbox 1075 1529 1176 1598; x_wconf 84' lang='lat' dir='ltr'>nostri</span> <span class='ocrx_word' id='word_1_78' title='bbox 1207 1547 1293 1595; x_wconf 79' lang='lat' dir='ltr'>enno</span> <span class='ocrx_word' id='word_1_79' title='bbox 1323 1523 1449 1592; x_wconf 91' lang='lat' dir='ltr'>Domini</span> 
     </span>
     <span class='ocr_line' id='line_1_12' title="bbox 328 1637 1448 1726; baseline -0.007 -20"><span class='ocrx_word' id='word_1_80' title='bbox 328 1639 500 1710; x_wconf 89' lang='lat' dir='ltr'>millesimo</span> <span class='ocrx_word' id='word_1_81' title='bbox 518 1641 736 1712; x_wconf 84' lang='lat' dir='ltr'>‹lucentesimo</span> <span class='ocrx_word' id='word_1_82' title='bbox 768 1640 992 1726; x_wconf 85' lang='lat' dir='ltr'>ootnagnsimo</span> <span class='ocrx_word' id='word_1_83' title='bbox 1022 1637 1184 1725; x_wconf 77' lang='lat' dir='ltr'>seeund05</span> <span class='ocrx_word' id='word_1_84' title='bbox 1208 1637 1316 1724; x_wconf 82' lang='lat' dir='ltr'>Regni</span> <span class='ocrx_word' id='word_1_85' title='bbox 1346 1643 1448 1702; x_wconf 78' lang='lat' dir='ltr'>autem</span> 
     </span>
     <span class='ocr_line' id='line_1_13' title="bbox 329 1745 917 1838; baseline -0.002 -23"><span class='ocrx_word' id='word_1_86' title='bbox 329 1746 431 1816; x_wconf 90' lang='lat' dir='ltr'>nostri</span> <span class='ocrx_word' id='word_1_87' title='bbox 446 1768 532 1818; x_wconf 76' lang='lat' dir='ltr'>anuo</span> <span class='ocrx_word' id='word_1_88' title='bbox 547 1749 674 1819; x_wconf 91' lang='lat' dir='ltr'>deeimo</span> <span class='ocrx_word' id='word_1_89' title='bbox 693 1749 798 1834; x_wconf 94' lang='lat' dir='ltr'>primo</span> <span class='ocrx_word' id='word_1_90' title='bbox 818 1745 917 1838; x_wconf 86' lang='lat' dir='ltr'>(igy).</span> 
     </span>
    </p>
   </div>
   <div class='ocr_carea' id='block_1_3' title="bbox 331 1945 1451 2108">
    <p class='ocr_par' dir='ltr' id='par_1_3' title="bbox 331 1945 1451 2108">
     <span class='ocr_line' id='line_1_14' title="bbox 331 1945 1451 2014; baseline -0.006 -12"><span class='ocrx_word' id='word_1_91' title='bbox 331 1949 469 2009; x_wconf 80' lang='lat' dir='ltr'>(Eredetie</span> <span class='ocrx_word' id='word_1_92' title='bbox 499 1949 694 2014; x_wconf 73' lang='lat' dir='ltr'>bdrhirtydn‚</span> <span class='ocrx_word' id='word_1_93' title='bbox 734 1949 855 2014; x_wconf 85' lang='lat' dir='ltr'>melyrdl</span> <span class='ocrx_word' id='word_1_94' title='bbox 885 1963 903 1998; x_wconf 83' lang='lat' dir='ltr'><strong>a</strong></span> <span class='ocrx_word' id='word_1_95' title='bbox 934 1945 1085 2012; x_wconf 77' lang='lat' dir='ltr'>pensetnelr</span> <span class='ocrx_word' id='word_1_96' title='bbox 1116 1945 1249 1998; x_wconf 76' lang='lat' dir='ltr'>torsdeks</span> <span class='ocrx_word' id='word_1_97' title='bbox 1280 1945 1451 2012; x_wconf 64' lang='lat' dir='ltr'>sergo-udros</span> 
     </span>
     <span class='ocr_line' id='line_1_15' title="bbox 380 2035 1399 2108; baseline -0.005 -16"><span class='ocrx_word' id='word_1_98' title='bbox 380 2041 618 2108; x_wconf 72' lang='lat' dir='ltr'>selyemzsindrou</span> <span class='ocrx_word' id='word_1_99' title='bbox 637 2041 724 2106; x_wconf 85' lang='lat' dir='ltr'>fiigg;</span> <span class='ocrx_word' id='word_1_100' title='bbox 743 2041 849 2092; x_wconf 63' lang='lat' dir='ltr'>emeli„</span> <span class='ocrx_word' id='word_1_101' title='bbox 868 2038 937 2090; x_wconf 77' lang='lat' dir='ltr'>bero</span> <span class='ocrx_word' id='word_1_102' title='bbox 956 2038 1053 2105; x_wconf 76' lang='lat' dir='ltr'>Revay</span> <span class='ocrx_word' id='word_1_103' title='bbox 1071 2037 1166 2090; x_wconf 73' lang='lat' dir='ltr'>osulid</span> <span class='ocrx_word' id='word_1_104' title='bbox 1184 2035 1399 2100; x_wconf 75' lang='lat' dir='ltr'>levtltdrrtbun.)</span> 
     </span>
    </p>
   </div>
   <div class='ocr_carea' id='block_1_4' title="bbox 851 2869 927 2938">
    <p class='ocr_par' dir='ltr' id='par_1_4' title="bbox 851 2869 927 2938">
     <span class='ocr_line' id='line_1_16' title="bbox 851 2869 927 2938; baseline -0.053 1"><span class='ocrx_word' id='word_1_105' title='bbox 851 2869 927 2938; x_wconf 74' lang='lat'>298.</span> 
     </span>
    </p>
   </div>
   <div class='ocr_carea' id='block_1_5' title="bbox 336 3067 1456 3265">
    <p class='ocr_par' dir='ltr' id='par_1_5' title="bbox 336 3067 1456 3265">
     <span class='ocr_line' id='line_1_17' title="bbox 336 3067 1456 3160; baseline 0 -24"><span class='ocrx_word' id='word_1_106' title='bbox 336 3070 399 3137; x_wconf 90' lang='lat' dir='ltr'>IV.</span> <span class='ocrx_word' id='word_1_107' title='bbox 416 3071 532 3138; x_wconf 60' lang='lat' dir='ltr'>Laterio</span> <span class='ocrx_word' id='word_1_108' title='bbox 547 3072 660 3156; x_wconf 82' lang='lat' dir='ltr'>hirdiy</span> <span class='ocrx_word' id='word_1_109' title='bbox 675 3069 864 3154; x_wconf 74' lang='lat' dir='ltr'>oisszuadjo</span> <span class='ocrx_word' id='word_1_110' title='bbox 880 3067 980 3132; x_wconf 80' lang='lat' dir='ltr'>Ztark</span> <span class='ocrx_word' id='word_1_111' title='bbox 1000 3068 1138 3152; x_wconf 80' lang='lat' dir='ltr'>fiaiouir</span> <span class='ocrx_word' id='word_1_112' title='bbox 1173 3068 1305 3136; x_wconf 75' lang='lat' dir='ltr'>Cheimo</span> <span class='ocrx_word' id='word_1_113' title='bbox 1337 3071 1456 3160; x_wconf 71' lang='lat' dir='ltr'>helystp</span> 
     </span>
     <span class='ocr_line' id='line_1_18' title="bbox 474 3177 1328 3265; baseline -0.005 -19"><span class='ocrx_word' id='word_1_114' title='bbox 474 3181 626 3262; x_wconf 81' lang='lat' dir='ltr'>birtokdt,</span> <span class='ocrx_word' id='word_1_115' title='bbox 640 3179 722 3265; x_wconf 77' lang='lat' dir='ltr'>moly</span> <span class='ocrx_word' id='word_1_116' title='bbox 738 3177 828 3244; x_wconf 76' lang='lat' dir='ltr'>rotet</span> <span class='ocrx_word' id='word_1_117' title='bbox 835 3177 1029 3264; x_wconf 77' lang='lat' dir='ltr'>jopialartrtl</span> <span class='ocrx_word' id='word_1_118' title='bbox 1046 3178 1205 3246; x_wconf 72' lang='lat' dir='ltr'>eluetetett.</span> <span class='ocrx_word' id='word_1_119' title='bbox 1228 3179 1328 3246; x_wconf 82' lang='lat'><em>1282.</em></span> 
     </span>
    </p>
   </div>
   <div class='ocr_carea' id='block_1_6' title="bbox 336 3369 1530 4754">
    <p class='ocr_par' dir='ltr' id='par_1_6' title="bbox 336 3369 1530 4754">
     <span class='ocr_line' id='line_1_19' title="bbox 443 3369 1456 3463; baseline -0.001 -20"><span class='ocrx_word' id='word_1_120' title='bbox 443 3373 619 3443; x_wconf 84' lang='lat' dir='ltr'>Ledizlsus</span> <span class='ocrx_word' id='word_1_121' title='bbox 653 3374 715 3443; x_wconf 90' lang='lat' dir='ltr'>Dei</span> <span class='ocrx_word' id='word_1_122' title='bbox 748 3372 860 3459; x_wconf 82' lang='lat' dir='ltr'>gruoie</span> <span class='ocrx_word' id='word_1_123' title='bbox 892 3369 1068 3461; x_wconf 84' lang='lat' dir='ltr'>Hungurie,</span> <span class='ocrx_word' id='word_1_124' title='bbox 1101 3372 1281 3463; x_wconf 82' lang='lat' dir='ltr'>Deimeoie,</span> <span class='ocrx_word' id='word_1_125' title='bbox 1314 3375 1456 3461; x_wconf 80' lang='lat' dir='ltr'>Orosoie,</span> 
     </span>
     <span class='ocr_line' id='line_1_20' title="bbox 336 3482 1530 3574; baseline 0.002 -26"><span class='ocrx_word' id='word_1_126' title='bbox 336 3483 449 3568; x_wconf 83' lang='lat' dir='ltr'>Reme,</span> <span class='ocrx_word' id='word_1_127' title='bbox 466 3484 590 3569; x_wconf 86' lang='lat' dir='ltr'>Seruie,</span> <span class='ocrx_word' id='word_1_128' title='bbox 607 3482 757 3568; x_wconf 72' lang='lat' dir='ltr'>(tellicio,</span> <span class='ocrx_word' id='word_1_129' title='bbox 766 3482 969 3571; x_wconf 89' lang='lat' dir='ltr'>Lodomerie,</span> <span class='ocrx_word' id='word_1_130' title='bbox 981 3482 1146 3572; x_wconf 79' lang='lat' dir='ltr'>(inmanie,</span> <span class='ocrx_word' id='word_1_131' title='bbox 1161 3483 1384 3569; x_wconf 85' lang='lat' dir='ltr'>Bulgarieque</span> <span class='ocrx_word' id='word_1_132' title='bbox 1393 3487 1458 3552; x_wconf 82' lang='lat' dir='ltr'>Res</span> <span class='ocrx_word' id='word_1_133' title='bbox 1529 3569 1530 3574; x_wconf 6' lang='grc' dir='ltr'><strong>Ἰ</strong></span> 
     </span>
     <span class='ocr_line' id='line_1_21' title="bbox 338 3589 1530 3680; baseline 0 -22"><span class='ocrx_word' id='word_1_134' title='bbox 338 3590 487 3659; x_wconf 91' lang='lat' dir='ltr'>omnibus</span> <span class='ocrx_word' id='word_1_135' title='bbox 527 3589 647 3658; x_wconf 80' lang='lat' dir='ltr'>Christi</span> <span class='ocrx_word' id='word_1_136' title='bbox 685 3589 834 3658; x_wconf 88' lang='lat' dir='ltr'>fidelibus</span> <span class='ocrx_word' id='word_1_137' title='bbox 864 3597 1046 3676; x_wconf 89' lang='lat' dir='ltr'>presentem</span> <span class='ocrx_word' id='word_1_138' title='bbox 1081 3591 1238 3680; x_wconf 81' lang='lat' dir='ltr'>paginam</span> <span class='ocrx_word' id='word_1_139' title='bbox 1269 3591 1459 3679; x_wconf 77' lang='lat' dir='ltr'>inspecturis</span> <span class='ocrx_word' id='word_1_140' title='bbox 1529 3611 1530 3635; x_wconf 51' lang='lat' dir='ltr'>r</span> 
     </span>
     <span class='ocr_line' id='line_1_22' title="bbox 337 3698 1459 3794; baseline -0.002 -27"><span class='ocrx_word' id='word_1_141' title='bbox 337 3699 474 3767; x_wconf 82' lang='lat' dir='ltr'>salntem</span> <span class='ocrx_word' id='word_1_142' title='bbox 489 3698 523 3764; x_wconf 93' lang='lat' dir='ltr'>in</span> <span class='ocrx_word' id='word_1_143' title='bbox 539 3698 681 3766; x_wconf 89' lang='lat' dir='ltr'>omnium</span> <span class='ocrx_word' id='word_1_144' title='bbox 697 3699 872 3766; x_wconf 78' lang='lat' dir='ltr'>saluatore.</span> <span class='ocrx_word' id='word_1_145' title='bbox 887 3698 940 3766; x_wconf 85' lang='lat' dir='ltr'>Ad</span> <span class='ocrx_word' id='word_1_146' title='bbox 950 3699 1174 3794; x_wconf 80' lang='lat' dir='ltr'>rniuereornm</span> <span class='ocrx_word' id='word_1_147' title='bbox 1184 3699 1338 3767; x_wconf 77' lang='lat' dir='ltr'>noticiam</span> <span class='ocrx_word' id='word_1_148' title='bbox 1348 3700 1459 3768; x_wconf 79' lang='lat' dir='ltr'>harum</span> 
     </span>
     <span class='ocr_line' id='line_1_23' title="bbox 337 3805 1529 3896; baseline 0 -24"><span class='ocrx_word' id='word_1_149' title='bbox 337 3805 422 3874; x_wconf 88' lang='lat' dir='ltr'>serio</span> <span class='ocrx_word' id='word_1_150' title='bbox 438 3808 585 3875; x_wconf 92' lang='lat' dir='ltr'>uolumus</span> <span class='ocrx_word' id='word_1_151' title='bbox 611 3807 791 3893; x_wconf 88' lang='lat' dir='ltr'>peruenire,</span> <span class='ocrx_word' id='word_1_152' title='bbox 822 3806 909 3892; x_wconf 86' lang='lat' dir='ltr'>quod</span> <span class='ocrx_word' id='word_1_153' title='bbox 925 3806 1026 3896; x_wconf 75' lang='lat' dir='ltr'>Senis,</span> <span class='ocrx_word' id='word_1_154' title='bbox 1041 3807 1208 3895; x_wconf 77' lang='lat' dir='ltr'>Nyeolsus</span> <span class='ocrx_word' id='word_1_155' title='bbox 1224 3813 1256 3876; x_wconf 87' lang='lat' dir='ltr'>et</span> <span class='ocrx_word' id='word_1_156' title='bbox 1271 3807 1389 3876; x_wconf 89' lang='lat' dir='ltr'>Petrus</span> <span class='ocrx_word' id='word_1_157' title='bbox 1403 3807 1458 3891; x_wconf 87' lang='lat' dir='ltr'>filij</span> <span class='ocrx_word' id='word_1_158' title='bbox 1528 3853 1529 3866; x_wconf 44' lang='lat' dir='ltr'>r</span> 
     </span>
     <span class='ocr_line' id='line_1_24' title="bbox 338 3914 1460 4001; baseline 0.001 -20"><span class='ocrx_word' id='word_1_159' title='bbox 338 3914 440 3982; x_wconf 83' lang='lat' dir='ltr'>Ztarh</span> <span class='ocrx_word' id='word_1_160' title='bbox 465 3914 508 3980; x_wconf 85' lang='lat' dir='ltr'>ud</span> <span class='ocrx_word' id='word_1_161' title='bbox 538 3921 682 3984; x_wconf 85' lang='lat' dir='ltr'>nostram</span> <span class='ocrx_word' id='word_1_162' title='bbox 713 3914 903 3984; x_wconf 76' lang='lat' dir='ltr'>secedentes</span> <span class='ocrx_word' id='word_1_163' title='bbox 928 3915 1132 4001; x_wconf 75' lang='lat' dir='ltr'>presenciam</span> <span class='ocrx_word' id='word_1_164' title='bbox 1168 3914 1260 3983; x_wconf 90' lang='lat' dir='ltr'>nohis</span> <span class='ocrx_word' id='word_1_165' title='bbox 1299 3915 1460 3983; x_wconf 89' lang='lat' dir='ltr'>humiliter</span> 
     </span>
     <span class='ocr_line' id='line_1_25' title="bbox 337 4021 1460 4110; baseline 0.001 -21"><span class='ocrx_word' id='word_1_166' title='bbox 337 4021 531 4108; x_wconf 82' lang='lat' dir='ltr'>supliesndo</span> <span class='ocrx_word' id='word_1_167' title='bbox 564 4023 754 4110; x_wconf 82' lang='lat' dir='ltr'>postularet,</span> <span class='ocrx_word' id='word_1_168' title='bbox 786 4029 821 4090; x_wconf 91' lang='lat' dir='ltr'>nt</span> <span class='ocrx_word' id='word_1_169' title='bbox 851 4023 1016 4107; x_wconf 81' lang='lat' dir='ltr'>quondam</span> <span class='ocrx_word' id='word_1_170' title='bbox 1031 4031 1150 4090; x_wconf 88' lang='lat' dir='ltr'>terram</span> <span class='ocrx_word' id='word_1_171' title='bbox 1165 4021 1311 4108; x_wconf 89' lang='lat' dir='ltr'>ipsorum</span> <span class='ocrx_word' id='word_1_172' title='bbox 1327 4023 1460 4091; x_wconf 80' lang='lat' dir='ltr'>Ohshsn</span> 
     </span>
     <span class='ocr_line' id='line_1_26' title="bbox 338 4129 1462 4217; baseline 0 -19"><span class='ocrx_word' id='word_1_173' title='bbox 338 4137 489 4198; x_wconf 78' lang='lat' dir='ltr'>nouatum</span> <span class='ocrx_word' id='word_1_174' title='bbox 506 4129 598 4197; x_wconf 82' lang='lat' dir='ltr'>iuxta</span> <span class='ocrx_word' id='word_1_175' title='bbox 614 4129 738 4198; x_wconf 81' lang='lat' dir='ltr'>Gumur</span> <span class='ocrx_word' id='word_1_176' title='bbox 755 4129 955 4216; x_wconf 87' lang='lat' dir='ltr'>existentem,</span> <span class='ocrx_word' id='word_1_177' title='bbox 986 4153 1083 4217; x_wconf 79' lang='lat' dir='ltr'>quam</span> <span class='ocrx_word' id='word_1_178' title='bbox 1109 4129 1257 4200; x_wconf 87' lang='lat' dir='ltr'>dominus</span> <span class='ocrx_word' id='word_1_179' title='bbox 1282 4131 1366 4200; x_wconf 79' lang='lat' dir='ltr'>Belo</span> <span class='ocrx_word' id='word_1_180' title='bbox 1396 4135 1462 4201; x_wconf 83' lang='lat' dir='ltr'>Ber</span> 
     </span>
     <span class='ocr_line' id='line_1_27' title="bbox 338 4235 1527 4340; baseline 0.005 -40"><span class='ocrx_word' id='word_1_181' title='bbox 338 4235 483 4322; x_wconf 83' lang='lat' dir='ltr'>Vngsrie</span> <span class='ocrx_word' id='word_1_182' title='bbox 514 4256 596 4305; x_wconf 85' lang='lat' dir='ltr'>uuus</span> <span class='ocrx_word' id='word_1_183' title='bbox 627 4245 736 4305; x_wconf 88' lang='lat' dir='ltr'>noster</span> <span class='ocrx_word' id='word_1_184' title='bbox 768 4237 963 4308; x_wconf 80' lang='lat' dir='ltr'>karissimus</span> <span class='ocrx_word' id='word_1_185' title='bbox 993 4238 1099 4308; x_wconf 84' lang='lat' dir='ltr'>ieliois</span> <span class='ocrx_word' id='word_1_186' title='bbox 1129 4239 1371 4310; x_wconf 79' lang='lat' dir='ltr'>reeordaoionis</span> <span class='ocrx_word' id='word_1_187' title='bbox 1403 4240 1461 4312; x_wconf 82' lang='lat' dir='ltr'>Job</span> <span class='ocrx_word' id='word_1_188' title='bbox 1526 4315 1527 4340; x_wconf 14' lang='grc' dir='ltr'>χ</span> 
     </span>
     <span class='ocr_line' id='line_1_28' title="bbox 339 4342 1527 4451; baseline 0.003 -37"><span class='ocrx_word' id='word_1_189' title='bbox 339 4344 501 4430; x_wconf 81' lang='lat' dir='ltr'>quondam</span> <span class='ocrx_word' id='word_1_190' title='bbox 517 4345 678 4432; x_wconf 80' lang='lat' dir='ltr'>Episcopo</span> <span class='ocrx_word' id='word_1_191' title='bbox 694 4342 1036 4432; x_wconf 81' lang='lat' dir='ltr'>Quinqueeoeiesiensi</span> <span class='ocrx_word' id='word_1_192' title='bbox 1051 4347 1244 4434; x_wconf 80' lang='lat' dir='ltr'>contulerat,</span> <span class='ocrx_word' id='word_1_193' title='bbox 1273 4349 1396 4416; x_wconf 88' lang='lat' dir='ltr'>eisdem</span> <span class='ocrx_word' id='word_1_194' title='bbox 1422 4350 1461 4416; x_wconf 92' lang='lat' dir='ltr'>de</span> <span class='ocrx_word' id='word_1_195' title='bbox 1526 4357 1527 4451; x_wconf 63' lang='lat' dir='ltr'>i</span> 
     </span>
     <span class='ocr_line' id='line_1_29' title="bbox 338 4451 1526 4541; baseline 0.004 -20"><span class='ocrx_word' id='word_1_196' title='bbox 338 4451 542 4536; x_wconf 81' lang='lat' dir='ltr'>benignitate</span> <span class='ocrx_word' id='word_1_197' title='bbox 558 4453 663 4538; x_wconf 85' lang='lat' dir='ltr'>Regia</span> <span class='ocrx_word' id='word_1_198' title='bbox 690 4452 828 4522; x_wconf 90' lang='lat' dir='ltr'>reddere</span> <span class='ocrx_word' id='word_1_199' title='bbox 844 4462 877 4522; x_wconf 88' lang='lat' dir='ltr'>et</span> <span class='ocrx_word' id='word_1_200' title='bbox 905 4455 1075 4522; x_wconf 90' lang='lat' dir='ltr'>restituere</span> <span class='ocrx_word' id='word_1_201' title='bbox 1106 4455 1324 4541; x_wconf 78' lang='lat' dir='ltr'>dignaremur.</span> <span class='ocrx_word' id='word_1_202' title='bbox 1347 4459 1461 4527; x_wconf 86' lang='lat' dir='ltr'>Verum</span> <span class='ocrx_word' id='word_1_203' title='bbox 1525 4525 1526 4540; x_wconf 17' lang='lat' dir='ltr'><strong>ff</strong></span> 
     </span>
     <span class='ocr_line' id='line_1_30' title="bbox 340 4558 1460 4652; baseline 0.003 -25"><span class='ocrx_word' id='word_1_204' title='bbox 340 4561 417 4644; x_wconf 83' lang='lat' dir='ltr'>quia</span> <span class='ocrx_word' id='word_1_205' title='bbox 433 4558 577 4626; x_wconf 77' lang='lat' dir='ltr'>desueto</span> <span class='ocrx_word' id='word_1_206' title='bbox 593 4561 678 4629; x_wconf 90' lang='lat' dir='ltr'>diote</span> <span class='ocrx_word' id='word_1_207' title='bbox 693 4567 777 4629; x_wconf 90' lang='lat' dir='ltr'>terre</span> <span class='ocrx_word' id='word_1_208' title='bbox 794 4562 888 4631; x_wconf 91' lang='lat' dir='ltr'>nobis</span> <span class='ocrx_word' id='word_1_209' title='bbox 905 4563 1027 4632; x_wconf 89' lang='lat' dir='ltr'>ueteris</span> <span class='ocrx_word' id='word_1_210' title='bbox 1043 4585 1107 4632; x_wconf 91' lang='lat' dir='ltr'>non</span> <span class='ocrx_word' id='word_1_211' title='bbox 1118 4565 1299 4652; x_wconf 78' lang='lat' dir='ltr'>sonsnbot,</span> <span class='ocrx_word' id='word_1_212' title='bbox 1316 4565 1460 4634; x_wconf 86' lang='lat' dir='ltr'>fidelibus</span> 
     </span>
     <span class='ocr_line' id='line_1_31' title="bbox 343 4665 1460 4754; baseline 0.006 -18"><span class='ocrx_word' id='word_1_213' title='bbox 343 4665 464 4736; x_wconf 87' lang='lat' dir='ltr'>uostris</span> <span class='ocrx_word' id='word_1_214' title='bbox 478 4667 629 4754; x_wconf 76' lang='lat' dir='ltr'>capitulo</span> <span class='ocrx_word' id='word_1_215' title='bbox 644 4669 801 4754; x_wconf 84' lang='lat' dir='ltr'>Agriensi</span> <span class='ocrx_word' id='word_1_216' title='bbox 816 4671 936 4740; x_wconf 91' lang='lat' dir='ltr'>nostris</span> <span class='ocrx_word' id='word_1_217' title='bbox 952 4671 1069 4740; x_wconf 85' lang='lat' dir='ltr'>litteris</span> <span class='ocrx_word' id='word_1_218' title='bbox 1084 4671 1278 4741; x_wconf 83' lang='lat' dir='ltr'>dederemus</span> <span class='ocrx_word' id='word_1_219' title='bbox 1309 4673 1344 4741; x_wconf 90' lang='lat' dir='ltr'>in</span> <span class='ocrx_word' id='word_1_220' title='bbox 1375 4695 1460 4742; x_wconf 86' lang='lat' dir='ltr'>men-</span> 
     </span>
    </p>
   </div>
   <div class='ocr_carea' id='block_1_7' title="bbox 0 0 1555 5150">
    <p class='ocr_par' dir='ltr' id='par_1_7' title="bbox 0 0 1555 5150">
     <span class='ocr_line' id='line_1_32' title="bbox 0 0 1555 5150; baseline 0 0"><span class='ocrx_word' id='word_1_221' title='bbox 0 0 1555 5150; x_wconf 95' lang='lat' dir='ltr'> </span> 
     </span>
    </p>
   </div>
  </div>
 </body>
</html>
