3112 5154
821 291 982 395 ...upu-

339 491 514 560 comitante
533 489 642 574 gratia
657 507 716 576 per
730 509 824 559 snam
842 489 1036 559 industriam
1052 495 1085 558 et
1100 491 1321 578 perspicacem
1342 487 1446 578 pruden

342 601 422 667 tiam
437 605 531 684 grata
547 599 581 664 in
596 595 741 681 utrisque
756 596 925 665 felicitatis
957 597 1116 683 suscipiat
1147 599 1361 669 incrementa
1389 597 1446 678 Quo

341 709 429 777 circa
459 705 658 776 universitati
692 711 799 774 vestre
814 725 873 791 per
889 707 1079 793 ripostolica
1093 707 1213 795 scripta
1229 707 1380 777 districte
1392 727 1447 795 pre·

339 816 489 902 cipiendo
504 813 707 902 mandamus,
723 821 883 901 quatenus
903 813 1040 884 eundem
1071 815 1230 885 Johauem
1255 815 1446 884 illectnmtd

338 925 541 993 commissam
572 924 636 990 sibi
667 923 846 990 Ecclesiam
878 942 950 990 cum
968 923 1201 992 benedictionis
1226 931 1337 994 nostre
1353 923 1447 1010 graba

339 1035 519 1104 venientem
536 1030 698 1118 condigno
713 1029 927 1118 suscipientes
943 1029 1074 1118 honore,
1092 1037 1125 1098 et
1141 1037 1298 1116 unquam
1331 1033 1411 1119 patui
1423 1037 1447 1098 et

339 1139 461 1228 pastori
494 1141 673 1208 animarum
704 1146 882 1208 vestrarum
925 1139 1090 1206 humiliter
1130 1137 1318 1224 intendatis,
1348 1157 1388 1204 ac
1411 1137 1449 1205 illi

341 1249 528 1318 exhibentes
543 1245 762 1316 obedientiam
780 1251 812 1314 et
828 1247 1042 1314 reverentiam
1074 1243 1217 1314 debitam
1239 1250 1271 1314 et
1302 1245 1448 1332 deuotam,

340 1355 485 1424 salubria
516 1355 585 1422 eins
617 1354 742 1423 monita
756 1359 790 1420 et
806 1353 963 1420 mandata
994 1352 1153 1422 studeatis
1169 1352 1286 1422 denote
1301 1353 1450 1440 suscipere

340 1485 379 1532 ac
410 1463 582 1534 efficaciter
611 1460 801 1547 adimplere.
833 1460 987 1546 Alioquin
1021 1461 1226 1546 senteutiam,
1263 1482 1363 1547 quam
1392 1462 1449 1547 ipse

252 1639 255 1644 .
340 1579 471 1660 propter
486 1571 548 1638 hoc
565 1571 626 1638 rite
642 1571 748 1637 tulerit
763 1569 797 1636 in
813 1569 960 1656 rebelles,
978 1575 1081 1637 ratam
1096 1569 1299 1658 babebimus,
1318 1579 1352 1638 et
1367 1570 1450 1639 facie·

341 1699 411 1748 mus
442 1685 576 1749 auctore
606 1677 745 1746 Domino
775 1696 878 1760 usque
911 1679 954 1745 ad
986 1677 1239 1746 satisfactionem
1271 1679 1449 1762 condignam

340 1787 562 1875 appellatione
593 1793 716 1854 remota
730 1786 962 1854 inuiolabiliter
978 1785 1153 1856 obseruari.
1174 1787 1294 1856 Datum
1311 1785 1449 1855 Laterani

341 1897 396 1962 IV.
413 1915 515 1964 nonas
532 1895 609 1980 Maij
627 1894 838 1962 Pontificatns
854 1893 956 1962 nostri
973 1913 1058 1960 auno
1073 1894 1186 1980 primo.

574 2093 692 2154 (Farlati
711 2093 857 2157 Illyricum
881 2091 997 2146 Sacrum
1010 2091 1058 2144 1v.
1072 2093 1131 2146 ket.
1145 2096 1205 2142 357.
1218 2093 1250 2156 l.)

768 2379 1032 2390 ———-—--·--

866 2915 940 2982 llo.

337 3120 424 3184 XXI.
440 3119 541 3185 Jdcoa
552 3118 643 3200 papa
658 3138 681 3180 a
703 3117 802 3180 mani
828 3113 1070 3180 dootoltoarendc'
1100 3115 1321 3180 moaoatorbaa
1344 3113 1453 3178 elicitae·

496 3231 550 3289 tett
566 3221 871 3289 bataimaaftoddaolc
886 3224 981 3287 fedat
997 3221 1188 3288 fotdaltedik.
1207 3221 1300 3290 1276.

443 3419 608 3488 iohannes
637 3417 818 3506 Episcopus
848 3438 961 3486 scmus
992 3436 1160 3486 seruorum
1191 3416 1253 3484 Dei
1280 3411 1451 3484 venerabili

334 3528 504 3595 fratri...
528 3527 783 3614 Archicpiscopo
815 3525 967 3594 Jadrensi
1008 3529 1147 3594 salutem
1177 3531 1210 3591 et
1240 3523 1451 3610 Apostolicam

334 3633 602 3704 benedictionem.
634 3635 702 3703 Sua
733 3637 825 3702 uobis
857 3634 966 3702 dilecti
997 3633 1053 3721 filij
1087 3634 1180 3701 Prior
1210 3638 1243 3700 et
1274 3629 1451 3700 Oouueutns

335 3741 469 3810 Ordinis
494 3743 739 3810 Prodicatorum
770 3742 940 3811 Jadrensis
971 3742 1202 3825 conquestione
1232 3740 1454 3818 monstrarunt,

333 3851 421 3934 quod
452 3850 527 3918 licet
557 3871 616 3939 per
646 3853 771 3921 litteras
803 3851 898 3920 Sedis
929 3847 1119 3938 Apostolice
1150 3839 1192 3916 sit
1224 3845 1400 3930 inhibitum,
1418 3853 1454 3908 ut

333 3957 442 4026 nullus
457 3957 623 4027 Ecclesias
638 3965 695 4026 aut
711 3959 784 4026 loca
800 3959 937 4027 fratrum
953 3957 1089 4044 predicti
1105 3953 1238 4024 Ordinis
1252 3973 1335 4021 ausu
1361 3960 1454 4019 terne·

334 4069 421 4136 racio
437 4074 602 4152 presumat
616 4063 801 4156 infringere,
829 4075 885 4135 aut
900 4069 936 4134 in
951 4066 1015 4134 illis
1032 4064 1220 4134 violentiam
1240 4060 1452 4129 damnabilem

334 4193 505 4259 exercere,
528 4193 568 4241 ae
584 4181 750 4263 statutum,
767 4182 802 4242 ut
817 4174 875 4258 illi,
902 4175 957 4258 qni
989 4171 1169 4259 postposito
1202 4170 1317 4237 timore
1347 4163 1453 4234 Diuiui

333 4280 485 4349 Numinis
516 4300 609 4350 secus
639 4280 747 4350 facere
762 4280 1025 4369 presumpserint,
1060 4279 1131 4364 ipso
1149 4277 1236 4345 facto
1262 4271 1453 4344 sententiam

335 4388 678 4457 excommunicationis
696 4391 906 4475 incursante
922 4407 987 4473 qua
1002 4407 1066 4456 non
1082 4384 1210 4471 possint
1240 4383 1378 4466 absolui,
1392 4377 1454 4444 uisi

334 4514 392 4579 per
423 4496 563 4564 eandam
596 4498 724 4587 Sedent,
740 4499 792 4567 uel
809 4497 1078 4566 conseruatorem
1095 4493 1228 4578 abipsa
1243 4490 1338 4558 dictis
1354 4485 1452 4556 fratri-

335 4602 395 4668 bus
411 4611 469 4670 aut
484 4603 590 4670 eidem
605 4605 719 4674 Ordini
736 4607 923 4694 deputatum
940 4631 948 4693 ;
966 4607 1094 4672 Marcus
1118 4608 1227 4669 tamen
1243 4606 1275 4667 et
1307 4591 1451 4666 Michael-
