<?xml version="1.0" encoding="UTF-8"?>
<!DOCTYPE html PUBLIC "-//W3C//DTD XHTML 1.0 Transitional//EN"
    "http://www.w3.org/TR/xhtml1/DTD/xhtml1-transitional.dtd">
<html xmlns="http://www.w3.org/1999/xhtml" xml:lang="en" lang="en">
 <head>
  <title>
</title>
<meta http-equiv="Content-Type" content="text/html;charset=utf-8" />
  <meta name='ocr-system' content='tesseract 3.04.00' />
  <meta name='ocr-capabilities' content='ocr_page ocr_carea ocr_par ocr_line ocrx_word'/>
</head>
<body>
  <div class='ocr_page' id='page_1' title='image "./codexdiplomatic06wenzgoog_0354.png"; bbox 0 0 3124 5152; ppageno 0'>
   <div class='ocr_carea' id='block_1_1' title="bbox 560 327 720 430">
    <p class='ocr_par' dir='ltr' id='par_1_1' title="bbox 560 327 720 430">
     <span class='ocr_line' id='line_1_1' title="bbox 560 327 720 430; baseline 0 -34"><span class='ocrx_word' id='word_1_1' title='bbox 560 327 720 430; x_wconf 49' lang='lat' dir='ltr'>Q</span> 
     </span>
    </p>
   </div>
   <div class='ocr_carea' id='block_1_2' title="bbox 102 524 1203 1366">
    <p class='ocr_par' dir='ltr' id='par_1_2' title="bbox 102 524 1203 1366">
     <span class='ocr_line' id='line_1_2' title="bbox 109 524 1202 611; baseline 0.004 -21"><span class='ocrx_word' id='word_1_2' title='bbox 109 525 134 591; x_wconf 92' lang='lat' dir='ltr'>in</span> <span class='ocrx_word' id='word_1_3' title='bbox 146 526 273 596; x_wconf 69' lang='lat' dir='ltr'>monins</span> <span class='ocrx_word' id='word_1_4' title='bbox 289 526 413 593; x_wconf 88' lang='lat' dir='ltr'>domini</span> <span class='ocrx_word' id='word_1_5' title='bbox 429 524 529 594; x_wconf 85' lang='lat' dir='ltr'>Ducis</span> <span class='ocrx_word' id='word_1_6' title='bbox 548 526 590 593; x_wconf 89' lang='lat' dir='ltr'>dc</span> <span class='ocrx_word' id='word_1_7' title='bbox 606 525 702 595; x_wconf 87' lang='lat' dir='ltr'>dictis</span> <span class='ocrx_word' id='word_1_8' title='bbox 722 525 852 593; x_wconf 88' lang='lat' dir='ltr'>salariis</span> <span class='ocrx_word' id='word_1_9' title='bbox 863 527 1004 594; x_wconf 88' lang='lat' dir='ltr'>indicum</span> <span class='ocrx_word' id='word_1_10' title='bbox 1016 528 1202 611; x_wconf 81' lang='lat' dir='ltr'>solvendir;</span> 
     </span>
     <span class='ocr_line' id='line_1_3' title="bbox 108 633 1201 720; baseline -0.001 -20"><span class='ocrx_word' id='word_1_11' title='bbox 108 642 216 717; x_wconf 75' lang='lat' dir='ltr'>possunt</span> <span class='ocrx_word' id='word_1_12' title='bbox 229 635 330 702; x_wconf 87' lang='lat' dir='ltr'>eciam</span> <span class='ocrx_word' id='word_1_13' title='bbox 348 634 429 702; x_wconf 89' lang='lat' dir='ltr'>dicti</span> <span class='ocrx_word' id='word_1_14' title='bbox 446 634 571 702; x_wconf 85' lang='lat' dir='ltr'>iudices</span> <span class='ocrx_word' id='word_1_15' title='bbox 587 653 708 719; x_wconf 87' lang='lat' dir='ltr'>ponere</span> <span class='ocrx_word' id='word_1_16' title='bbox 724 653 897 720; x_wconf 86' lang='lat' dir='ltr'>personam</span> <span class='ocrx_word' id='word_1_17' title='bbox 915 642 947 703; x_wconf 92' lang='lat' dir='ltr'>ct</span> <span class='ocrx_word' id='word_1_18' title='bbox 972 655 1128 720; x_wconf 82' lang='lat' dir='ltr'>personas</span> <span class='ocrx_word' id='word_1_19' title='bbox 1158 633 1201 702; x_wconf 87' lang='lat' dir='ltr'>ad</span> 
     </span>
     <span class='ocr_line' id='line_1_4' title="bbox 108 741 1203 829; baseline 0.001 -22"><span class='ocrx_word' id='word_1_20' title='bbox 108 751 313 810; x_wconf 87' lang='lat' dir='ltr'>sacramentnm</span> <span class='ocrx_word' id='word_1_21' title='bbox 331 750 363 809; x_wconf 89' lang='lat' dir='ltr'>ct</span> <span class='ocrx_word' id='word_1_22' title='bbox 375 746 590 826; x_wconf 86' lang='lat' dir='ltr'>sacramenta,</span> <span class='ocrx_word' id='word_1_23' title='bbox 608 741 944 827; x_wconf 85' lang='lat' dir='ltr'>ctimpcnercpcnam</span> <span class='ocrx_word' id='word_1_24' title='bbox 956 747 1108 829; x_wconf 84' lang='lat' dir='ltr'>etpcnas,</span> <span class='ocrx_word' id='word_1_25' title='bbox 1119 742 1203 808; x_wconf 82' lang='lat' dir='ltr'>sioni</span> 
     </span>
     <span class='ocr_line' id='line_1_5' title="bbox 107 849 1202 936; baseline 0 -23"><span class='ocrx_word' id='word_1_26' title='bbox 107 849 143 914; x_wconf 88' lang='lat' dir='ltr'>cis</span> <span class='ocrx_word' id='word_1_27' title='bbox 155 849 199 916; x_wconf 83' lang='lat' dir='ltr'>vel</span> <span class='ocrx_word' id='word_1_28' title='bbox 212 851 323 917; x_wconf 87' lang='lat' dir='ltr'>maiori</span> <span class='ocrx_word' id='word_1_29' title='bbox 339 850 426 936; x_wconf 86' lang='lat' dir='ltr'>parti</span> <span class='ocrx_word' id='word_1_30' title='bbox 443 869 554 917; x_wconf 87' lang='lat' dir='ltr'>corum</span> <span class='ocrx_word' id='word_1_31' title='bbox 570 849 752 933; x_wconf 85' lang='lat' dir='ltr'>videbitnr;</span> <span class='ocrx_word' id='word_1_32' title='bbox 777 869 858 934; x_wconf 82' lang='lat' dir='ltr'>qnos</span> <span class='ocrx_word' id='word_1_33' title='bbox 875 869 976 935; x_wconf 83' lang='lat' dir='ltr'>penas</span> <span class='ocrx_word' id='word_1_34' title='bbox 992 849 1097 917; x_wconf 87' lang='lat' dir='ltr'>dictus</span> <span class='ocrx_word' id='word_1_35' title='bbox 1127 851 1202 916; x_wconf 81' lang='lat' dir='ltr'>Dux</span> 
     </span>
     <span class='ocr_line' id='line_1_6' title="bbox 105 955 1199 1044; baseline 0 -22"><span class='ocrx_word' id='word_1_36' title='bbox 105 977 159 1022; x_wconf 86' lang='lat' dir='ltr'>cunr</span> <span class='ocrx_word' id='word_1_37' title='bbox 172 977 224 1024; x_wconf 88' lang='lat' dir='ltr'>sno</span> <span class='ocrx_word' id='word_1_38' title='bbox 239 957 386 1025; x_wconf 81' lang='lat' dir='ltr'>Consilio</span> <span class='ocrx_word' id='word_1_39' title='bbox 403 956 534 1024; x_wconf 83' lang='lat' dir='ltr'>aufferri</span> <span class='ocrx_word' id='word_1_40' title='bbox 551 956 657 1024; x_wconf 86' lang='lat' dir='ltr'>iacere</span> <span class='ocrx_word' id='word_1_41' title='bbox 672 961 822 1024; x_wconf 83' lang='lat' dir='ltr'>tencatur</span> <span class='ocrx_word' id='word_1_42' title='bbox 838 959 880 1026; x_wconf 90' lang='lat' dir='ltr'>ab</span> <span class='ocrx_word' id='word_1_43' title='bbox 898 955 975 1044; x_wconf 87' lang='lat' dir='ltr'>illis,</span> <span class='ocrx_word' id='word_1_44' title='bbox 1006 957 1062 1042; x_wconf 83' lang='lat' dir='ltr'>qui</span> <span class='ocrx_word' id='word_1_45' title='bbox 1079 955 1199 1024; x_wconf 87' lang='lat' dir='ltr'>incide-</span> 
     </span>
     <span class='ocr_line' id='line_1_7' title="bbox 105 1063 1202 1152; baseline -0.003 -22"><span class='ocrx_word' id='word_1_46' title='bbox 105 1063 156 1130; x_wconf 87' lang='lat' dir='ltr'>rint</span> <span class='ocrx_word' id='word_1_47' title='bbox 168 1064 195 1130; x_wconf 92' lang='lat' dir='ltr'>in</span> <span class='ocrx_word' id='word_1_48' title='bbox 211 1084 277 1152; x_wconf 88' lang='lat' dir='ltr'>cas,</span> <span class='ocrx_word' id='word_1_49' title='bbox 296 1075 328 1131; x_wconf 84' lang='lat' dir='ltr'>et</span> <span class='ocrx_word' id='word_1_50' title='bbox 344 1065 490 1149; x_wconf 81' lang='lat' dir='ltr'>quelibet</span> <span class='ocrx_word' id='word_1_51' title='bbox 505 1066 652 1150; x_wconf 87' lang='lat' dir='ltr'>ipsarum</span> <span class='ocrx_word' id='word_1_52' title='bbox 678 1063 823 1149; x_wconf 86' lang='lat' dir='ltr'>parcium</span> <span class='ocrx_word' id='word_1_53' title='bbox 847 1070 994 1132; x_wconf 83' lang='lat' dir='ltr'>tcncator</span> <span class='ocrx_word' id='word_1_54' title='bbox 1019 1069 1052 1130; x_wconf 89' lang='lat' dir='ltr'>et</span> <span class='ocrx_word' id='word_1_55' title='bbox 1084 1063 1202 1132; x_wconf 86' lang='lat' dir='ltr'>debeat</span> 
     </span>
     <span class='ocr_line' id='line_1_8' title="bbox 104 1159 1201 1240; baseline -0.001 -3"><span class='ocrx_word' id='word_1_56' title='bbox 104 1173 167 1238; x_wconf 85' lang='lat' dir='ltr'>darc</span> <span class='ocrx_word' id='word_1_57' title='bbox 180 1171 381 1239; x_wconf 83' lang='lat' dir='ltr'>securitatem</span> <span class='ocrx_word' id='word_1_58' title='bbox 398 1171 438 1238; x_wconf 88' lang='lat' dir='ltr'>dc</span> <span class='ocrx_word' id='word_1_59' title='bbox 453 1172 520 1238; x_wconf 76' lang='lat' dir='ltr'>Min</span> <span class='ocrx_word' id='word_1_60' title='bbox 535 1159 691 1239; x_wconf 81' lang='lat' dir='ltr'>librarum</span> <span class='ocrx_word' id='word_1_61' title='bbox 708 1179 738 1240; x_wconf 90' lang='lat' dir='ltr'>et</span> <span class='ocrx_word' id='word_1_62' title='bbox 754 1171 953 1240; x_wconf 81' lang='lat' dir='ltr'>voluntatem</span> <span class='ocrx_word' id='word_1_63' title='bbox 969 1170 1091 1238; x_wconf 89' lang='lat' dir='ltr'>domini</span> <span class='ocrx_word' id='word_1_64' title='bbox 1102 1169 1201 1238; x_wconf 85' lang='lat' dir='ltr'>Ducis</span> 
     </span>
     <span class='ocr_line' id='line_1_9' title="bbox 102 1277 1203 1366; baseline -0.004 -21"><span class='ocrx_word' id='word_1_65' title='bbox 102 1285 125 1345; x_wconf 87' lang='lat' dir='ltr'>ct</span> <span class='ocrx_word' id='word_1_66' title='bbox 137 1277 261 1346; x_wconf 74' lang='lat' dir='ltr'>Consilii</span> <span class='ocrx_word' id='word_1_67' title='bbox 276 1281 317 1346; x_wconf 92' lang='lat' dir='ltr'>de</span> <span class='ocrx_word' id='word_1_68' title='bbox 334 1279 542 1348; x_wconf 78' lang='lat' dir='ltr'>attendendis</span> <span class='ocrx_word' id='word_1_69' title='bbox 558 1287 591 1347; x_wconf 92' lang='lat' dir='ltr'>et</span> <span class='ocrx_word' id='word_1_70' title='bbox 605 1279 818 1348; x_wconf 84' lang='lat' dir='ltr'>observandis</span> <span class='ocrx_word' id='word_1_71' title='bbox 844 1278 1014 1366; x_wconf 80' lang='lat' dir='ltr'>sententia,</span> <span class='ocrx_word' id='word_1_72' title='bbox 1046 1277 1144 1344; x_wconf 84' lang='lat' dir='ltr'>laudo</span> <span class='ocrx_word' id='word_1_73' title='bbox 1170 1285 1203 1344; x_wconf 88' lang='lat' dir='ltr'>ct</span> 
     </span>
    </p>
   </div>
   <div class='ocr_carea' id='block_1_3' title="bbox 100 1385 1333 1488">
    <p class='ocr_par' dir='ltr' id='par_1_3' title="bbox 100 1385 1333 1488">
     <span class='ocr_line' id='line_1_10' title="bbox 100 1385 1333 1488; baseline 0 -36"><span class='ocrx_word' id='word_1_74' title='bbox 100 1387 220 1474; x_wconf 85' lang='lat' dir='ltr'>arbitrio,</span> <span class='ocrx_word' id='word_1_75' title='bbox 238 1406 335 1470; x_wconf 83' lang='lat' dir='ltr'>quam</span> <span class='ocrx_word' id='word_1_76' title='bbox 351 1387 485 1472; x_wconf 83' lang='lat' dir='ltr'>eoquod</span> <span class='ocrx_word' id='word_1_77' title='bbox 502 1389 580 1456; x_wconf 88' lang='lat' dir='ltr'>dicti</span> <span class='ocrx_word' id='word_1_78' title='bbox 596 1387 719 1456; x_wconf 88' lang='lat' dir='ltr'>indices</span> <span class='ocrx_word' id='word_1_79' title='bbox 735 1389 787 1456; x_wconf 80' lang='lat' dir='ltr'>vel</span> <span class='ocrx_word' id='word_1_80' title='bbox 803 1390 908 1457; x_wconf 85' lang='lat' dir='ltr'>maior·</span> <span class='ocrx_word' id='word_1_81' title='bbox 924 1407 999 1474; x_wconf 83' lang='lat' dir='ltr'>pars</span> <span class='ocrx_word' id='word_1_82' title='bbox 1017 1405 1126 1455; x_wconf 89' lang='lat' dir='ltr'>corum</span> <span class='ocrx_word' id='word_1_83' title='bbox 1142 1385 1201 1453; x_wconf 88' lang='lat' dir='ltr'>tul·</span> <span class='ocrx_word' id='word_1_84' title='bbox 1329 1481 1333 1488; x_wconf 19' lang='grc' dir='ltr'><strong><em>ι</em></strong></span> 
     </span>
    </p>
   </div>
   <div class='ocr_carea' id='block_1_4' title="bbox 20 1493 1202 2230">
    <p class='ocr_par' dir='ltr' id='par_1_4' title="bbox 99 1493 718 1583">
     <span class='ocr_line' id='line_1_11' title="bbox 99 1493 718 1583; baseline 0.006 -23"><span class='ocrx_word' id='word_1_85' title='bbox 99 1494 177 1562; x_wconf 86' lang='lat' dir='ltr'>lerint</span> <span class='ocrx_word' id='word_1_86' title='bbox 190 1503 222 1562; x_wconf 83' lang='lat' dir='ltr'>et</span> <span class='ocrx_word' id='word_1_87' title='bbox 236 1494 376 1562; x_wconf 80' lang='lat' dir='ltr'>iecerint</span> <span class='ocrx_word' id='word_1_88' title='bbox 392 1493 477 1562; x_wconf 88' lang='lat' dir='ltr'>inter</span> <span class='ocrx_word' id='word_1_89' title='bbox 491 1495 582 1583; x_wconf 86' lang='lat' dir='ltr'>ipsas</span> <span class='ocrx_word' id='word_1_90' title='bbox 597 1501 718 1582; x_wconf 87' lang='lat' dir='ltr'>partes.</span> 
     </span>
    </p>

    <p class='ocr_par' dir='ltr' id='par_1_5' title="bbox 20 1602 1202 2230">
     <span class='ocr_line' id='line_1_12' title="bbox 185 1602 1199 1690; baseline 0 -20"><span class='ocrx_word' id='word_1_91' title='bbox 185 1604 278 1690; x_wconf 85' lang='lat' dir='ltr'>Nota,</span> <span class='ocrx_word' id='word_1_92' title='bbox 295 1602 382 1688; x_wconf 89' lang='lat' dir='ltr'>qnod</span> <span class='ocrx_word' id='word_1_93' title='bbox 399 1603 453 1670; x_wconf 86' lang='lat' dir='ltr'>die</span> <span class='ocrx_word' id='word_1_94' title='bbox 468 1611 584 1688; x_wconf 85' lang='lat' dir='ltr'>quarto</span> <span class='ocrx_word' id='word_1_95' title='bbox 601 1612 738 1673; x_wconf 83' lang='lat' dir='ltr'>exeunte</span> <span class='ocrx_word' id='word_1_96' title='bbox 754 1603 854 1686; x_wconf 77' lang='lat' dir='ltr'>iulio,</span> <span class='ocrx_word' id='word_1_97' title='bbox 870 1609 984 1672; x_wconf 85' lang='lat' dir='ltr'>octove</span> <span class='ocrx_word' id='word_1_98' title='bbox 995 1602 1199 1686; x_wconf 87' lang='lat' dir='ltr'>indiccionis,</span> 
     </span>
     <span class='ocr_line' id='line_1_13' title="bbox 97 1710 1200 1798; baseline 0.003 -24"><span class='ocrx_word' id='word_1_99' title='bbox 97 1711 163 1776; x_wconf 84' lang='lat' dir='ltr'>iccio</span> <span class='ocrx_word' id='word_1_100' title='bbox 177 1711 363 1798; x_wconf 82' lang='lat' dir='ltr'>supradicto</span> <span class='ocrx_word' id='word_1_101' title='bbox 379 1711 511 1780; x_wconf 82' lang='lat' dir='ltr'>consitio</span> <span class='ocrx_word' id='word_1_102' title='bbox 527 1717 595 1779; x_wconf 86' lang='lat' dir='ltr'>toto</span> <span class='ocrx_word' id='word_1_103' title='bbox 611 1731 668 1797; x_wconf 86' lang='lat' dir='ltr'>per</span> <span class='ocrx_word' id='word_1_104' title='bbox 685 1712 833 1780; x_wconf 85' lang='lat' dir='ltr'>ordinem</span> <span class='ocrx_word' id='word_1_105' title='bbox 850 1710 952 1780; x_wconf 86' lang='lat' dir='ltr'>nobili</span> <span class='ocrx_word' id='word_1_106' title='bbox 978 1711 1040 1778; x_wconf 83' lang='lat' dir='ltr'>viri</span> <span class='ocrx_word' id='word_1_107' title='bbox 1059 1710 1200 1777; x_wconf 86' lang='lat' dir='ltr'>¹dominc</span> 
     </span>
     <span class='ocr_line' id='line_1_14' title="bbox 96 1817 1202 1905; baseline 0.001 -22"><span class='ocrx_word' id='word_1_108' title='bbox 96 1817 212 1884; x_wconf 84' lang='lat' dir='ltr'>Nicolao</span> <span class='ocrx_word' id='word_1_109' title='bbox 228 1819 377 1886; x_wconf 82' lang='lat' dir='ltr'>Michaeli</span> <span class='ocrx_word' id='word_1_110' title='bbox 395 1818 507 1886; x_wconf 82' lang='lat' dir='ltr'>Sancti</span> <span class='ocrx_word' id='word_1_111' title='bbox 524 1817 686 1905; x_wconf 81' lang='lat' dir='ltr'>Cassiani,</span> <span class='ocrx_word' id='word_1_112' title='bbox 710 1819 795 1888; x_wconf 87' lang='lat' dir='ltr'>idern</span> <span class='ocrx_word' id='word_1_113' title='bbox 811 1817 960 1886; x_wconf 86' lang='lat' dir='ltr'>dominus</span> <span class='ocrx_word' id='word_1_114' title='bbox 976 1818 1130 1887; x_wconf 81' lang='lat' dir='ltr'>Nicotaus</span> <span class='ocrx_word' id='word_1_115' title='bbox 1147 1838 1202 1884; x_wconf 83' lang='lat' dir='ltr'>ex-</span> 
     </span>
     <span class='ocr_line' id='line_1_15' title="bbox 20 1925 1200 2014; baseline 0.003 -26"><span class='ocrx_word' id='word_1_116' title='bbox 20 1963 21 2011; x_wconf 74' lang='lat' dir='ltr'>t</span> <span class='ocrx_word' id='word_1_117' title='bbox 96 1925 149 1992; x_wconf 87' lang='lat' dir='ltr'>titit</span> <span class='ocrx_word' id='word_1_118' title='bbox 163 1927 279 2014; x_wconf 81' lang='lat' dir='ltr'>plenius</span> <span class='ocrx_word' id='word_1_119' title='bbox 296 1937 330 1996; x_wconf 87' lang='lat' dir='ltr'>ct</span> <span class='ocrx_word' id='word_1_120' title='bbox 343 1929 495 2014; x_wconf 86' lang='lat' dir='ltr'>proprius</span> <span class='ocrx_word' id='word_1_121' title='bbox 512 1935 647 2014; x_wconf 86' lang='lat' dir='ltr'>pacator</span> <span class='ocrx_word' id='word_1_122' title='bbox 665 1929 706 1996; x_wconf 90' lang='lat' dir='ltr'>de</span> <span class='ocrx_word' id='word_1_123' title='bbox 722 1927 848 1996; x_wconf 84' lang='lat' dir='ltr'>duobos</span> <span class='ocrx_word' id='word_1_124' title='bbox 875 1928 1022 1996; x_wconf 83' lang='lat' dir='ltr'>millibus</span> <span class='ocrx_word' id='word_1_125' title='bbox 1048 1928 1140 1994; x_wconf 87' lang='lat' dir='ltr'>libris</span> <span class='ocrx_word' id='word_1_126' title='bbox 1157 1927 1200 1994; x_wconf 87' lang='lat' dir='ltr'>ad</span> 
     </span>
     <span class='ocr_line' id='line_1_16' title="bbox 20 2018 1201 2122; baseline 0.004 -25"><span class='ocrx_word' id='word_1_127' title='bbox 20 2018 22 2033; x_wconf 9' lang='grc' dir='ltr'>’ἵ</span> <span class='ocrx_word' id='word_1_128' title='bbox 98 2034 271 2104; x_wconf 70' lang='lat' dir='ltr'>voluntatem</span> <span class='ocrx_word' id='word_1_129' title='bbox 288 2035 411 2102; x_wconf 88' lang='lat' dir='ltr'>domini</span> <span class='ocrx_word' id='word_1_130' title='bbox 426 2035 526 2104; x_wconf 88' lang='lat' dir='ltr'>Ducis</span> <span class='ocrx_word' id='word_1_131' title='bbox 543 2043 575 2103; x_wconf 88' lang='lat' dir='ltr'>ct</span> <span class='ocrx_word' id='word_1_132' title='bbox 589 2037 638 2103; x_wconf 89' lang='lat' dir='ltr'>sni</span> <span class='ocrx_word' id='word_1_133' title='bbox 655 2035 790 2103; x_wconf 75' lang='lat' dir='ltr'>Consilii</span> <span class='ocrx_word' id='word_1_134' title='bbox 823 2057 882 2122; x_wconf 87' lang='lat' dir='ltr'>pro</span> <span class='ocrx_word' id='word_1_135' title='bbox 912 2036 1044 2103; x_wconf 89' lang='lat' dir='ltr'>domino</span> <span class='ocrx_word' id='word_1_136' title='bbox 1076 2035 1201 2102; x_wconf 72' lang='lat' dir='ltr'>comite</span> 
     </span>
     <span class='ocr_line' id='line_1_17' title="bbox 96 2140 1049 2230; baseline 0.006 -26"><span class='ocrx_word' id='word_1_137' title='bbox 96 2140 248 2210; x_wconf 79' lang='lat' dir='ltr'>Proderico</span> <span class='ocrx_word' id='word_1_138' title='bbox 264 2143 451 2230; x_wconf 87' lang='lat' dir='ltr'>supradicto</span> <span class='ocrx_word' id='word_1_139' title='bbox 467 2143 643 2211; x_wconf 81' lang='lat' dir='ltr'>secundum</span> <span class='ocrx_word' id='word_1_140' title='bbox 661 2143 797 2211; x_wconf 86' lang='lat' dir='ltr'>formam</span> <span class='ocrx_word' id='word_1_141' title='bbox 816 2144 895 2210; x_wconf 89' lang='lat' dir='ltr'>dicti</span> <span class='ocrx_word' id='word_1_142' title='bbox 912 2142 1049 2212; x_wconf 83' lang='lat' dir='ltr'>consilii.</span> 
     </span>
    </p>
   </div>
   <div class='ocr_carea' id='block_1_5' title="bbox 94 2337 1201 2406">
    <p class='ocr_par' dir='ltr' id='par_1_6' title="bbox 94 2337 1201 2406">
     <span class='ocr_line' id='line_1_18' title="bbox 94 2337 1201 2406; baseline -0.005 -9"><span class='ocrx_word' id='word_1_143' title='bbox 94 2337 123 2396; x_wconf 78' lang='lat' dir='ltr'>(A</span> <span class='ocrx_word' id='word_1_144' title='bbox 139 2341 231 2392; x_wconf 77' lang='lat' dir='ltr'>»Liber</span> <span class='ocrx_word' id='word_1_145' title='bbox 249 2341 427 2394; x_wconf 76' lang='lat' dir='ltr'>communis«</span> <span class='ocrx_word' id='word_1_146' title='bbox 448 2339 538 2394; x_wconf 80' lang='lat' dir='ltr'>caimd</span> <span class='ocrx_word' id='word_1_147' title='bbox 558 2341 699 2394; x_wconf 74' lang='lat' dir='ltr'>velcnczei</span> <span class='ocrx_word' id='word_1_148' title='bbox 720 2341 951 2406; x_wconf 72' lang='lat' dir='ltr'>illamkiinyvbdl</span> <span class='ocrx_word' id='word_1_149' title='bbox 969 2340 992 2392; x_wconf 90' lang='lat'>1.</span> <span class='ocrx_word' id='word_1_150' title='bbox 1011 2341 1070 2391; x_wconf 79' lang='lat' dir='ltr'>knt.</span> <span class='ocrx_word' id='word_1_151' title='bbox 1093 2345 1152 2392; x_wconf 83' lang='lat'>120.</span> <span class='ocrx_word' id='word_1_152' title='bbox 1170 2343 1201 2404; x_wconf 90' lang='lat' dir='ltr'>l.)</span> 
     </span>
    </p>
   </div>
   <div class='ocr_carea' id='block_1_6' title="bbox 507 2625 769 2640">
    <p class='ocr_par' dir='ltr' id='par_1_7' title="bbox 507 2625 769 2640">
     <span class='ocr_line' id='line_1_19' title="bbox 507 2625 769 2640; baseline 0.008 -2"><span class='ocrx_word' id='word_1_153' title='bbox 507 2625 769 2640; x_wconf 56' lang='grc' dir='ltr'><em>Ἣ</em></span> 
     </span>
    </p>
   </div>
   <div class='ocr_carea' id='block_1_7' title="bbox 603 3165 680 3236">
    <p class='ocr_par' dir='ltr' id='par_1_8' title="bbox 603 3165 680 3236">
     <span class='ocr_line' id='line_1_20' title="bbox 603 3165 680 3236; baseline 0.052 -4"><span class='ocrx_word' id='word_1_154' title='bbox 603 3165 680 3236; x_wconf 72' lang='grc' dir='ltr'>252.Ι</span> 
     </span>
    </p>
   </div>
   <div class='ocr_carea' id='block_1_8' title="bbox 93 3358 1199 3543">
    <p class='ocr_par' dir='ltr' id='par_1_9' title="bbox 93 3358 1199 3543">
     <span class='ocr_line' id='line_1_21' title="bbox 93 3358 1199 3454; baseline 0.01 -30"><span class='ocrx_word' id='word_1_155' title='bbox 93 3358 267 3432; x_wconf 75' lang='lat' dir='ltr'>Aoelmczco&#39;</span> <span class='ocrx_word' id='word_1_156' title='bbox 281 3367 498 3450; x_wconf 71' lang='lat' dir='ltr'>ktiztctroaodq</span> <span class='ocrx_word' id='word_1_157' title='bbox 515 3367 546 3430; x_wconf 72' lang='lat' dir='ltr'>ds</span> <span class='ocrx_word' id='word_1_158' title='bbox 562 3387 584 3429; x_wconf 89' lang='lat' dir='ltr'>a</span> <span class='ocrx_word' id='word_1_159' title='bbox 609 3365 727 3430; x_wconf 75' lang='lat' dir='ltr'>brodio-i</span> <span class='ocrx_word' id='word_1_160' title='bbox 751 3364 869 3452; x_wconf 73' lang='lat' dir='ltr'>qodfok</span> <span class='ocrx_word' id='word_1_161' title='bbox 896 3367 982 3430; x_wconf 73' lang='lat' dir='ltr'>deitati</span> <span class='ocrx_word' id='word_1_162' title='bbox 1009 3368 1199 3454; x_wconf 71' lang='lat' dir='ltr'>cqyezlrcdc&#39;s.</span> 
     </span>
     <span class='ocr_line' id='line_1_22' title="bbox 590 3473 689 3543; baseline 0.061 -7"><span class='ocrx_word' id='word_1_163' title='bbox 590 3473 689 3543; x_wconf 81' lang='lat'><strong><em>1280.</em></strong></span> 
     </span>
    </p>
   </div>
   <div class='ocr_carea' id='block_1_9' title="bbox 87 3668 1203 4732">
    <p class='ocr_par' dir='ltr' id='par_1_10' title="bbox 87 3668 1203 4732">
     <span class='ocr_line' id='line_1_23' title="bbox 185 3668 1201 3762; baseline 0.004 -26"><span class='ocrx_word' id='word_1_164' title='bbox 185 3671 311 3754; x_wconf 83' lang='lat' dir='ltr'>Trcgua</span> <span class='ocrx_word' id='word_1_165' title='bbox 328 3668 410 3762; x_wconf 79' lang='lat' dir='ltr'>Boni</span> <span class='ocrx_word' id='word_1_166' title='bbox 429 3670 522 3736; x_wconf 86' lang='lat' dir='ltr'>Pauli</span> <span class='ocrx_word' id='word_1_167' title='bbox 538 3677 570 3738; x_wconf 89' lang='lat' dir='ltr'>ct</span> <span class='ocrx_word' id='word_1_168' title='bbox 586 3669 732 3737; x_wconf 79' lang='lat' dir='ltr'>fratrum.</span> <span class='ocrx_word' id='word_1_169' title='bbox 768 3671 805 3736; x_wconf 91' lang='lat' dir='ltr'>ln</span> <span class='ocrx_word' id='word_1_170' title='bbox 837 3670 956 3739; x_wconf 77' lang='lat' dir='ltr'>Christi</span> <span class='ocrx_word' id='word_1_171' title='bbox 988 3675 1118 3741; x_wconf 87' lang='lat' dir='ltr'>nominc</span> <span class='ocrx_word' id='word_1_172' title='bbox 1150 3674 1201 3740; x_wconf 85' lang='lat' dir='ltr'>dic</span> 
     </span>
     <span class='ocr_line' id='line_1_24' title="bbox 92 3773 1199 3864; baseline 0.005 -26"><span class='ocrx_word' id='word_1_173' title='bbox 92 3773 238 3844; x_wconf 85' lang='lat' dir='ltr'>dominico</span> <span class='ocrx_word' id='word_1_174' title='bbox 254 3777 344 3842; x_wconf 87' lang='lat' dir='ltr'>XIV.</span> <span class='ocrx_word' id='word_1_175' title='bbox 361 3778 481 3844; x_wconf 79' lang='lat' dir='ltr'>rncnais</span> <span class='ocrx_word' id='word_1_176' title='bbox 497 3777 824 3864; x_wconf 64' lang='lat' dir='ltr'>meritonensibus</span> <span class='ocrx_word' id='word_1_177' title='bbox 841 3779 980 3846; x_wconf 85' lang='lat' dir='ltr'>dominis</span> <span class='ocrx_word' id='word_1_178' title='bbox 998 3781 1120 3848; x_wconf 83' lang='lat' dir='ltr'>Jacobo</span> <span class='ocrx_word' id='word_1_179' title='bbox 1137 3783 1199 3848; x_wconf 88' lang='lat' dir='ltr'>Do-</span> 
     </span>
     <span class='ocr_line' id='line_1_25' title="bbox 89 3885 1202 3972; baseline 0.012 -27"><span class='ocrx_word' id='word_1_180' title='bbox 89 3892 167 3968; x_wconf 86' lang='lat' dir='ltr'>nato,</span> <span class='ocrx_word' id='word_1_181' title='bbox 182 3886 349 3954; x_wconf 84' lang='lat' dir='ltr'>Leonardo</span> <span class='ocrx_word' id='word_1_182' title='bbox 367 3885 437 3954; x_wconf 79' lang='lat' dir='ltr'>Siai</span> <span class='ocrx_word' id='word_1_183' title='bbox 454 3885 565 3953; x_wconf 84' lang='lat' dir='ltr'>Sancti</span> <span class='ocrx_word' id='word_1_184' title='bbox 581 3885 741 3972; x_wconf 80' lang='lat' dir='ltr'>Eustadii,</span> <span class='ocrx_word' id='word_1_185' title='bbox 757 3889 932 3956; x_wconf 83' lang='lat' dir='ltr'>Pancratio</span> <span class='ocrx_word' id='word_1_186' title='bbox 942 3890 1080 3960; x_wconf 88' lang='lat' dir='ltr'>Venerio</span> <span class='ocrx_word' id='word_1_187' title='bbox 1090 3892 1202 3960; x_wconf 78' lang='lat' dir='ltr'>Sancti</span> 
     </span>
     <span class='ocr_line' id='line_1_26' title="bbox 88 3991 1202 4084; baseline 0.009 -28"><span class='ocrx_word' id='word_1_188' title='bbox 88 3991 232 4064; x_wconf 88' lang='lat' dir='ltr'>Johannis</span> <span class='ocrx_word' id='word_1_189' title='bbox 248 3995 413 4082; x_wconf 84' lang='lat' dir='ltr'>decollati,</span> <span class='ocrx_word' id='word_1_190' title='bbox 431 4005 462 4062; x_wconf 89' lang='lat' dir='ltr'>ct</span> <span class='ocrx_word' id='word_1_191' title='bbox 479 3995 589 4061; x_wconf 84' lang='lat' dir='ltr'>Marco</span> <span class='ocrx_word' id='word_1_192' title='bbox 607 3997 780 4082; x_wconf 74' lang='lat' dir='ltr'>dloripctrc</span> <span class='ocrx_word' id='word_1_193' title='bbox 803 3997 914 4064; x_wconf 85' lang='lat' dir='ltr'>Sancti</span> <span class='ocrx_word' id='word_1_194' title='bbox 944 3999 1064 4084; x_wconf 77' lang='lat' dir='ltr'>Severi,</span> <span class='ocrx_word' id='word_1_195' title='bbox 1094 4002 1202 4068; x_wconf 80' lang='lat' dir='ltr'>Tanto</span> 
     </span>
     <span class='ocr_line' id='line_1_27' title="bbox 89 4099 1203 4175; baseline 0.008 -11"><span class='ocrx_word' id='word_1_196' title='bbox 89 4099 280 4170; x_wconf 74' lang='lat' dir='ltr'>Canceltario</span> <span class='ocrx_word' id='word_1_197' title='bbox 296 4111 328 4169; x_wconf 88' lang='lat' dir='ltr'>ct</span> <span class='ocrx_word' id='word_1_198' title='bbox 342 4102 532 4170; x_wconf 88' lang='lat' dir='ltr'>Rustichino</span> <span class='ocrx_word' id='word_1_199' title='bbox 551 4103 744 4170; x_wconf 87' lang='lat' dir='ltr'>Benintcndi</span> <span class='ocrx_word' id='word_1_200' title='bbox 763 4105 897 4174; x_wconf 88' lang='lat' dir='ltr'>Notario</span> <span class='ocrx_word' id='word_1_201' title='bbox 915 4114 946 4173; x_wconf 90' lang='lat' dir='ltr'>ct</span> <span class='ocrx_word' id='word_1_202' title='bbox 962 4108 1068 4174; x_wconf 82' lang='lat' dir='ltr'>scriba</span> <span class='ocrx_word' id='word_1_203' title='bbox 1099 4109 1203 4175; x_wconf 85' lang='lat' dir='ltr'>Duca-</span> 
     </span>
     <span class='ocr_line' id='line_1_28' title="bbox 87 4210 1200 4302; baseline 0.01 -31"><span class='ocrx_word' id='word_1_204' title='bbox 87 4210 350 4279; x_wconf 83' lang='lat' dir='ltr'>tnchnctiarurn</span> <span class='ocrx_word' id='word_1_205' title='bbox 367 4210 506 4278; x_wconf 87' lang='lat' dir='ltr'>testibus</span> <span class='ocrx_word' id='word_1_206' title='bbox 538 4211 660 4276; x_wconf 86' lang='lat' dir='ltr'>vocatis</span> <span class='ocrx_word' id='word_1_207' title='bbox 693 4220 726 4276; x_wconf 88' lang='lat' dir='ltr'>ct</span> <span class='ocrx_word' id='word_1_208' title='bbox 759 4213 880 4297; x_wconf 81' lang='lat' dir='ltr'>rogatis</span> <span class='ocrx_word' id='word_1_209' title='bbox 914 4223 944 4280; x_wconf 89' lang='lat' dir='ltr'>ct</span> <span class='ocrx_word' id='word_1_210' title='bbox 975 4215 1050 4280; x_wconf 83' lang='lat' dir='ltr'>aliis</span> <span class='ocrx_word' id='word_1_211' title='bbox 1082 4217 1200 4302; x_wconf 87' lang='lat' dir='ltr'>multis,</span> 
     </span>
     <span class='ocr_line' id='line_1_29' title="bbox 88 4315 1201 4410; baseline 0.009 -32"><span class='ocrx_word' id='word_1_212' title='bbox 88 4333 189 4384; x_wconf 84' lang='lat' dir='ltr'>coram</span> <span class='ocrx_word' id='word_1_213' title='bbox 203 4319 320 4386; x_wconf 86' lang='lat' dir='ltr'>illustri</span> <span class='ocrx_word' id='word_1_214' title='bbox 338 4318 466 4386; x_wconf 90' lang='lat' dir='ltr'>domino</span> <span class='ocrx_word' id='word_1_215' title='bbox 482 4317 578 4385; x_wconf 89' lang='lat' dir='ltr'>Petro</span> <span class='ocrx_word' id='word_1_216' title='bbox 595 4315 780 4410; x_wconf 78' lang='lat' dir='ltr'>Gradonico</span> <span class='ocrx_word' id='word_1_217' title='bbox 813 4321 875 4388; x_wconf 87' lang='lat' dir='ltr'>Dei</span> <span class='ocrx_word' id='word_1_218' title='bbox 909 4325 1013 4404; x_wconf 85' lang='lat' dir='ltr'>gratio</span> <span class='ocrx_word' id='word_1_219' title='bbox 1047 4323 1201 4389; x_wconf 86' lang='lat' dir='ltr'>Vcnccia-</span> 
     </span>
     <span class='ocr_line' id='line_1_30' title="bbox 87 4425 1202 4510; baseline 0.011 -24"><span class='ocrx_word' id='word_1_220' title='bbox 87 4439 162 4509; x_wconf 86' lang='lat' dir='ltr'>rnrn,</span> <span class='ocrx_word' id='word_1_221' title='bbox 179 4428 344 4496; x_wconf 85' lang='lat' dir='ltr'>Daimncic</span> <span class='ocrx_word' id='word_1_222' title='bbox 360 4433 459 4510; x_wconf 86' lang='lat' dir='ltr'>atquc</span> <span class='ocrx_word' id='word_1_223' title='bbox 476 4425 632 4492; x_wconf 81' lang='lat' dir='ltr'>Ohroacie</span> <span class='ocrx_word' id='word_1_224' title='bbox 649 4427 740 4492; x_wconf 88' lang='lat' dir='ltr'>Duce</span> <span class='ocrx_word' id='word_1_225' title='bbox 758 4433 790 4494; x_wconf 87' lang='lat' dir='ltr'>ct</span> <span class='ocrx_word' id='word_1_226' title='bbox 805 4429 945 4496; x_wconf 87' lang='lat' dir='ltr'>Domino</span> <span class='ocrx_word' id='word_1_227' title='bbox 957 4431 1079 4507; x_wconf 81' lang='lat' dir='ltr'>Quartc</span> <span class='ocrx_word' id='word_1_228' title='bbox 1096 4431 1202 4498; x_wconf 87' lang='lat' dir='ltr'>Partis</span> 
     </span>
     <span class='ocr_line' id='line_1_31' title="bbox 88 4532 1202 4620; baseline 0.007 -24"><span class='ocrx_word' id='word_1_229' title='bbox 88 4535 116 4592; x_wconf 84' lang='lat' dir='ltr'>et</span> <span class='ocrx_word' id='word_1_230' title='bbox 132 4533 267 4601; x_wconf 82' lang='lat' dir='ltr'>Dimidio</span> <span class='ocrx_word' id='word_1_231' title='bbox 282 4535 385 4602; x_wconf 83' lang='lat' dir='ltr'>tocius</span> <span class='ocrx_word' id='word_1_232' title='bbox 402 4533 534 4620; x_wconf 87' lang='lat' dir='ltr'>Imperii</span> <span class='ocrx_word' id='word_1_233' title='bbox 550 4532 716 4619; x_wconf 79' lang='lat' dir='ltr'>Romania,</span> <span class='ocrx_word' id='word_1_234' title='bbox 750 4535 934 4603; x_wconf 85' lang='lat' dir='ltr'>astantibus</span> <span class='ocrx_word' id='word_1_235' title='bbox 952 4539 1013 4604; x_wconf 86' lang='lat' dir='ltr'>sibi</span> <span class='ocrx_word' id='word_1_236' title='bbox 1039 4538 1202 4604; x_wconf 62' lang='lat' dir='ltr'>noctitibus</span> 
     </span>
     <span class='ocr_line' id='line_1_32' title="bbox 88 4637 1200 4732; baseline 0.009 -30"><span class='ocrx_word' id='word_1_237' title='bbox 88 4637 304 4710; x_wconf 78' lang='lat' dir='ltr'>virisAndrea</span> <span class='ocrx_word' id='word_1_238' title='bbox 320 4641 361 4707; x_wconf 91' lang='lat' dir='ltr'>dc</span> <span class='ocrx_word' id='word_1_239' title='bbox 376 4641 506 4725; x_wconf 88' lang='lat' dir='ltr'>Molinc,</span> <span class='ocrx_word' id='word_1_240' title='bbox 540 4637 708 4708; x_wconf 86' lang='lat' dir='ltr'>Lcorrardo</span> <span class='ocrx_word' id='word_1_241' title='bbox 737 4642 885 4731; x_wconf 84' lang='lat' dir='ltr'>Venerio,</span> <span class='ocrx_word' id='word_1_242' title='bbox 919 4645 1043 4712; x_wconf 85' lang='lat' dir='ltr'>Marino</span> <span class='ocrx_word' id='word_1_243' title='bbox 1068 4645 1200 4732; x_wconf 85' lang='lat' dir='ltr'>Runino,</span> 
     </span>
    </p>
   </div>
   <div class='ocr_carea' id='block_1_10' title="bbox 67 4757 1096 4820">
    <p class='ocr_par' dir='ltr' id='par_1_11' title="bbox 67 4757 1096 4820">
     <span class='ocr_line' id='line_1_33' title="bbox 67 4757 1096 4820; baseline 0.002 -9"><span class='ocrx_word' id='word_1_244' title='bbox 67 4779 75 4798; x_wconf 89' lang='lat'><strong>·</strong></span> <span class='ocrx_word' id='word_1_245' title='bbox 185 4778 285 4814; x_wconf 67' lang='lat' dir='ltr'>uonna.</span> <span class='ocrx_word' id='word_1_246' title='bbox 304 4771 387 4814; x_wconf 73' lang='lat' dir='ltr'>nnnc.</span> <span class='ocrx_word' id='word_1_247' title='bbox 405 4779 476 4813; x_wconf 68' lang='lat' dir='ltr'>uren,</span> <span class='ocrx_word' id='word_1_248' title='bbox 498 4787 534 4796; x_wconf 93' lang='lat'>—</span> <span class='ocrx_word' id='word_1_249' title='bbox 554 4777 626 4812; x_wconf 74' lang='lat' dir='ltr'>nnnc.</span> <span class='ocrx_word' id='word_1_250' title='bbox 644 4775 711 4811; x_wconf 81' lang='lat' dir='ltr'>xxrn.</span> <span class='ocrx_word' id='word_1_251' title='bbox 1052 4757 1096 4820; x_wconf 75' lang='lat'>‘20</span> 
     </span>
    </p>
   </div>
   <div class='ocr_carea' id='block_1_11' title="bbox 0 0 1566 5152">
    <p class='ocr_par' dir='ltr' id='par_1_12' title="bbox 0 0 1566 5152">
     <span class='ocr_line' id='line_1_34' title="bbox 0 0 1566 5152; baseline 0 6"><span class='ocrx_word' id='word_1_252' title='bbox 0 0 1566 5152; x_wconf 95' lang='lat' dir='ltr'> </span> 
     </span>
    </p>
   </div>
  </div>
 </body>
</html>
