3124 5152
552 324 712 424 m-

88 519 290 587 Reromnibus
300 519 423 588 curisti
434 519 588 587 fidelibus
597 539 733 605 preseu
745 519 899 608 scriptum
910 520 1198 609 inspecturissaln-

89 637 141 696 tem
161 627 191 693 in
206 628 272 694 tilio
288 627 439 712 Uirginis
455 625 613 694 Gloriose.
646 629 696 694 Nc
713 648 753 694 ca
769 647 831 712 quc
846 636 989 712 aguntur
1005 630 1039 696 in
1055 635 1198 716 tempore

88 735 168 802 sinnl
182 754 251 802 cum
265 733 425 822 temporis
434 733 597 802 labilitate
606 733 790 821 elabantur,
802 735 981 804 litterarum
991 735 1100 806 solent
1109 733 1197 804 testi·

89 843 177 910 nonio
191 841 347 910 roborari.
386 840 525 909 Proinde
555 838 598 909 ad
628 841 852 910 uniuersorum
885 849 953 911 tam
985 844 1193 933 presencium

87 971 167 1034 quarn
181 956 382 1036 posterorum
397 948 552 1018 noticiam
567 947 681 1016 harum
712 949 798 1018 eoric
828 951 980 1020 nolumus
1011 950 1194 1037 peruenire,

86 1055 156 1144 qnod
168 1078 224 1127 nos
238 1055 455 1126 consideratis
472 1055 633 1124 continuis
649 1055 859 1126 fidelitatibus
877 1064 910 1126 et
925 1057 1066 1127 assiduis
1092 1059 1194 1126 serui·

23 1189 24 1198 *
87 1169 135 1256 cijs
147 1167 316 1254 meritoriis
333 1165 492 1252 Stephani
508 1165 644 1234 Comitia
659 1165 701 1232 dc
717 1163 842 1254 Bokon,
860 1171 892 1234 ct
907 1167 995 1235 Petri
1010 1165 1121 1240 fratris
1131 1165 1194 1253 uni,

86 1277 200 1343 tiliorum
215 1275 371 1347 uidelicet
386 1273 521 1342 Comitis
551 1274 663 1359 Marcy
693 1273 735 1340 dc
765 1293 884 1360 genere
915 1273 1018 1362 enak,
1048 1273 1193 1342 fidelium

86 1389 251 1470 rosunum,
280 1403 343 1470 quc
357 1383 456 1468 ijdem
472 1382 565 1450 nobis
584 1381 618 1448 in
634 1380 774 1450 diuersis
789 1381 895 1467 Regni
911 1381 1013 1449 nostri
1044 1383 1192 1469 negocijs

85 1491 161 1559 uobis
174 1492 280 1560 adhuc
294 1491 329 1558 iu
346 1497 433 1559 etate
447 1497 560 1558 tcncra
585 1489 771 1558 constitutis
797 1489 1009 1558 laudabiliter
1038 1488 1193 1577 inpende-

85 1603 152 1682 runt,
175 1619 209 1668 uc
223 1607 256 1666 et
272 1619 333 1666 sua
348 1597 488 1666 diuersis
504 1598 633 1664 fortune
648 1597 779 1666 casibus
809 1617 871 1685 pro
901 1598 986 1666 bono
1017 1603 1128 1666 nostro
1158 1602 1192 1665 ct

84 1709 168 1792 Regni
183 1707 283 1775 nostri
299 1703 465 1774 commodo
481 1705 669 1784 submittere
684 1707 873 1774 nullatenus
888 1704 1114 1774 formidando:
1130 1725 1190 1774 nos

22 1857 24 1874 ι
83 1813 384 1900 ipsorumcernicijs,
415 1814 443 1880 si
460 1813 574 1880 nonin
591 1817 670 1895 toto,
703 1812 761 1880 sed
788 1814 897 1880 saltim
929 1814 963 1880 in
996 1815 1108 1898 aliqua
1140 1815 1189 1882 sui

84 1929 166 2009 parte,
198 1922 394 2010 respondere
410 1921 577 2006 cupientes
593 1921 695 2004 Regio
712 1940 786 1988 cum
801 1921 925 2008 fauore,
957 1927 993 1987 ut
1008 1921 1066 2004 alij
1085 1939 1123 1987 co
1141 1922 1188 1987 in-

82 2037 173 2112 specto
188 2029 359 2098 ardencius
375 2028 418 2095 ad
449 2027 617 2096 fidelitatis
648 2046 748 2114 opera
780 2026 964 2096 exercenda
994 2027 1187 2112 incitentur;

82 2138 221 2221 quoddam
248 2139 398 2205 Castrum
428 2143 573 2204 nostrum
604 2133 735 2203 Kabold
765 2141 926 2220 uocatam,
957 2136 992 2200 in
1024 2133 1188 2202 comitatu

22 2235 24 2248 ’
81 2245 271 2328 Suprunicnsi
286 2247 385 2312 sitnm
402 2251 434 2310 ct
450 2243 493 2310 ad
508 2243 646 2312 eundem
663 2243 859 2310 Comitatum
874 2249 1036 2328 spcctans,
1068 2261 1109 2309 ac
1139 2241 1186 2310 in-

79 2352 199 2419 nediatc
214 2351 256 2420 ad
271 2353 407 2437 Regiam
425 2351 590 2436 pertinens
607 2351 831 2436 collacionem,
863 2370 935 2417 cnm
952 2349 1100 2417 omnihus
1116 2349 1184 2417 suis

80 2459 255 2527 utilitatibus
271 2467 304 2525 ct
321 2457 532 2544 pertinenciis
547 2455 719 2544 uniuersis,
748 2457 864 2542 quibus
891 2464 1024 2524 cotenus
1042 2455 1185 2524 Comites

21 2533 23 2674 i
78 2565 295 2652 Suprunienses
310 2587 369 2652 pro
395 2572 541 2654 tempore
572 2564 740 2634 constituti
771 2571 953 2650 tonuerunt,
983 2563 1188 2651 contulimus,

21 2679 22 2754 i
77 2676 204 2744 dedimus
219 2683 251 2745 et
268 2676 458 2746 donauimus
474 2675 556 2760 ipsis
572 2671 688 2740 Comiti
703 2673 870 2759 Stephano
887 2680 920 2742 et
949 2670 1046 2740 Pctro
1080 2672 1182 2740 tideli-

77 2783 126 2851 bus
139 2789 253 2856 nostris
268 2792 426 2873 perpetuo
442 2790 475 2852 ct
488 2781 748 2851 irrcnocabilitcr
765 2781 1006 2868 possidendam.
1030 2781 1069 2848 In
1085 2782 1177 2848 cuins

76 2893 112 2957 roi
126 2896 304 2964 memorium
322 2900 576 2979 perpetuamque
603 2889 788 2958 firmitatem
820 2895 989 2974 presentes
1020 2889 1183 2956 concessi·

21 3069 22 3072 ,
75 3020 133 3066 nus
160 3004 282 3070 litteras
312 3000 413 3086 sigilii
445 2999 545 3066 nostri
577 2997 741 3083 dupplicis
781 2997 959 3064 munimine
1000 2996 1179 3063 roboratas.

21 3125 23 3174 t
76 3107 175 3175 Datum
190 3130 248 3196 per
277 3127 395 3176 manus
419 3107 553 3174 discreti
583 3103 645 3171 viri
676 3104 826 3189 Magistri
857 3102 1072 3171 Bartholomei
1103 3103 1180 3169 aule

21 3179 23 3216 ³
74 3224 164 3284 nostre
177 3215 453 3299 vicecancellarij
471 3211 582 3280 dilecti
599 3218 631 3279 ct
661 3211 767 3280 fidelis
797 3212 897 3280 nostri
930 3231 1016 3278 anno
1046 3211 1177 3278 Domini

74 3319 411 3408 uoceoctuagesimo,
428 3321 669 3405 quartodecimo
680 3319 842 3388 kalendas
851 3318 1061 3408 Septembris,
1077 3318 1177 3386 indic·

73 3431 152 3498 cionc
165 3439 287 3516 octana,
302 3431 407 3514 Regni
424 3435 532 3496 antem
548 3427 650 3495 nostri
666 3448 754 3496 anno
770 3433 897 3496 octauo.

21 3691 22 3704 χ
73 3629 393 3695 prostrastratum,
422 3629 542 3694 merynn
562 3644 579 3680 a
598 3628 692 3694 urrary
720 3623 895 3692 peacajcnen
926 3623 1059 3674 turencio
1083 3593 1178 3673 veres-

21 3719 22 3778 }
122 3722 194 3787 rtrga
209 3721 448 3796 selyemaaindron
468 3721 546 3784 sugg,
565 3734 583 3769 a
600 3717 685 3768 budai
705 3717 758 3768 kir.
778 3715 906 3766 kamarai
925 3711 1122 3776 levelttrban.)

479 4037 743 4060 ψ

160 4743 256 4789 torum.
271 4751 353 4788 murac.
368 4751 438 4786 urar.
461 4756 496 4766 -
520 4745 591 4784 nuru.
606 4741 676 4784 arn.
