<?xml version="1.0" encoding="UTF-8"?>
<!DOCTYPE html PUBLIC "-//W3C//DTD XHTML 1.0 Transitional//EN"
    "http://www.w3.org/TR/xhtml1/DTD/xhtml1-transitional.dtd">
<html xmlns="http://www.w3.org/1999/xhtml" xml:lang="en" lang="en">
 <head>
  <title>
</title>
<meta http-equiv="Content-Type" content="text/html;charset=utf-8" />
  <meta name='ocr-system' content='tesseract 3.04.00' />
  <meta name='ocr-capabilities' content='ocr_page ocr_carea ocr_par ocr_line ocrx_word'/>
</head>
<body>
  <div class='ocr_page' id='page_1' title='image "./codexdiplomatic06wenzgoog_0555.png"; bbox 0 0 3096 5160; ppageno 0'>
   <div class='ocr_carea' id='block_1_1' title="bbox 766 285 925 388">
    <p class='ocr_par' dir='ltr' id='par_1_1' title="bbox 766 285 925 388">
     <span class='ocr_line' id='line_1_1' title="bbox 766 285 925 388; baseline 0 -36"><span class='ocrx_word' id='word_1_1' title='bbox 766 285 925 388; x_wconf 50' lang='lat' dir='ltr'><em>Q</em></span> 
     </span>
    </p>
   </div>
   <div class='ocr_carea' id='block_1_2' title="bbox 281 481 1414 786">
    <p class='ocr_par' dir='ltr' id='par_1_2' title="bbox 281 481 1414 786">
     <span class='ocr_line' id='line_1_2' title="bbox 281 481 1412 572; baseline 0.004 -24"><span class='ocrx_word' id='word_1_2' title='bbox 281 482 451 550; x_wconf 81' lang='lat' dir='ltr'><strong>Albertnm</strong></span> <span class='ocrx_word' id='word_1_3' title='bbox 467 483 589 550; x_wconf 89' lang='lat' dir='ltr'><strong>Dueem</strong></span> <span class='ocrx_word' id='word_1_4' title='bbox 609 483 738 551; x_wconf 76' lang='lat' dir='ltr'><strong>dustria</strong></span> <span class='ocrx_word' id='word_1_5' title='bbox 754 487 786 548; x_wconf 89' lang='lat' dir='ltr'><strong>et</strong></span> <span class='ocrx_word' id='word_1_6' title='bbox 802 482 909 568; x_wconf 78' lang='lat' dir='ltr'><strong>styria</strong></span> <span class='ocrx_word' id='word_1_7' title='bbox 927 481 1138 572; x_wconf 79' lang='lat' dir='ltr'><strong>habebamus,</strong></span> <span class='ocrx_word' id='word_1_8' title='bbox 1155 483 1305 570; x_wconf 88' lang='lat' dir='ltr'><strong>impensa</strong></span> <span class='ocrx_word' id='word_1_9' title='bbox 1321 485 1412 552; x_wconf 89' lang='lat' dir='ltr'><strong>omni</strong></span> 
     </span>
     <span class='ocr_line' id='line_1_3' title="bbox 283 589 1412 676; baseline 0.004 -19"><span class='ocrx_word' id='word_1_10' title='bbox 283 589 452 658; x_wconf 84' lang='lat' dir='ltr'><strong>fidelitatis</strong></span> <span class='ocrx_word' id='word_1_11' title='bbox 467 609 540 658; x_wconf 85' lang='lat' dir='ltr'><strong>eum</strong></span> <span class='ocrx_word' id='word_1_12' title='bbox 556 589 693 676; x_wconf 85' lang='lat' dir='ltr'><strong>feruore,</strong></span> <span class='ocrx_word' id='word_1_13' title='bbox 721 591 754 656; x_wconf 94' lang='lat' dir='ltr'><strong>in</strong></span> <span class='ocrx_word' id='word_1_14' title='bbox 771 611 834 676; x_wconf 89' lang='lat' dir='ltr'><strong>que</strong></span> <span class='ocrx_word' id='word_1_15' title='bbox 851 589 954 657; x_wconf 85' lang='lat' dir='ltr'><strong>eciam</strong></span> <span class='ocrx_word' id='word_1_16' title='bbox 971 591 1114 658; x_wconf 84' lang='lat' dir='ltr'><strong>exercitu</strong></span> <span class='ocrx_word' id='word_1_17' title='bbox 1131 592 1296 662; x_wconf 86' lang='lat' dir='ltr'><strong>Johannes</strong></span> <span class='ocrx_word' id='word_1_18' title='bbox 1329 594 1412 662; x_wconf 79' lang='lat' dir='ltr'><strong>reo-</strong></span> 
     </span>
     <span class='ocr_line' id='line_1_4' title="bbox 282 699 1414 786; baseline 0.004 -21"><span class='ocrx_word' id='word_1_19' title='bbox 282 700 429 769; x_wconf 88' lang='lat' dir='ltr'><strong>tbenieus</strong></span> <span class='ocrx_word' id='word_1_20' title='bbox 445 707 602 786; x_wconf 77' lang='lat' dir='ltr'><strong>cognatus</strong></span> <span class='ocrx_word' id='word_1_21' title='bbox 619 719 730 767; x_wconf 87' lang='lat' dir='ltr'><strong>eorum</strong></span> <span class='ocrx_word' id='word_1_22' title='bbox 746 701 780 766; x_wconf 94' lang='lat' dir='ltr'><strong>in</strong></span> <span class='ocrx_word' id='word_1_23' title='bbox 807 699 1052 786; x_wconf 81' lang='lat' dir='ltr'><strong>expuguaeinne</strong></span> <span class='ocrx_word' id='word_1_24' title='bbox 1084 702 1185 770; x_wconf 79' lang='lat' dir='ltr'><strong>castri</strong></span> <span class='ocrx_word' id='word_1_25' title='bbox 1216 702 1319 771; x_wconf 88' lang='lat' dir='ltr'><strong>Baros</strong></span> <span class='ocrx_word' id='word_1_26' title='bbox 1351 702 1414 770; x_wconf 84' lang='lat' dir='ltr'><strong>fait</strong></span> 
     </span>
    </p>
   </div>
   <div class='ocr_carea' id='block_1_3' title="bbox 282 809 1545 898">
    <p class='ocr_par' dir='ltr' id='par_1_3' title="bbox 282 809 1545 898">
     <span class='ocr_line' id='line_1_5' title="bbox 282 809 1545 898; baseline 0.002 -23"><span class='ocrx_word' id='word_1_27' title='bbox 282 809 483 897; x_wconf 79' lang='lat' dir='ltr'><strong>interieetns3</strong></span> <span class='ocrx_word' id='word_1_28' title='bbox 511 815 544 878; x_wconf 89' lang='lat' dir='ltr'><strong>et</strong></span> <span class='ocrx_word' id='word_1_29' title='bbox 559 810 629 878; x_wconf 88' lang='lat' dir='ltr'><strong>alia</strong></span> <span class='ocrx_word' id='word_1_30' title='bbox 644 809 786 878; x_wconf 87' lang='lat' dir='ltr'><strong>seruieia</strong></span> <span class='ocrx_word' id='word_1_31' title='bbox 803 829 912 877; x_wconf 88' lang='lat' dir='ltr'><strong>eorum</strong></span> <span class='ocrx_word' id='word_1_32' title='bbox 930 809 1082 896; x_wconf 86' lang='lat' dir='ltr'><strong>plurima,</strong></span> <span class='ocrx_word' id='word_1_33' title='bbox 1115 831 1176 897; x_wconf 92' lang='lat' dir='ltr'><strong>que</strong></span> <span class='ocrx_word' id='word_1_34' title='bbox 1201 819 1334 898; x_wconf 87' lang='lat' dir='ltr'><strong>propter</strong></span> <span class='ocrx_word' id='word_1_35' title='bbox 1358 813 1412 879; x_wconf 88' lang='lat' dir='ltr'><strong>sni</strong></span> <span class='ocrx_word' id='word_1_36' title='bbox 1544 811 1545 820; x_wconf 76' lang='grc'>’</span> 
     </span>
    </p>
   </div>
   <div class='ocr_carea' id='block_1_4' title="bbox 236 917 1416 1762">
    <p class='ocr_par' dir='ltr' id='par_1_4' title="bbox 236 917 1416 1762">
     <span class='ocr_line' id='line_1_6' title="bbox 236 917 1412 1006; baseline 0.001 -22"><span class='ocrx_word' id='word_1_37' title='bbox 236 978 246 991; x_wconf 83' lang='grc'><em>,</em></span> <span class='ocrx_word' id='word_1_38' title='bbox 283 917 520 986; x_wconf 77' lang='lat' dir='ltr'><strong>multitudinem</strong></span> <span class='ocrx_word' id='word_1_39' title='bbox 536 917 668 1002; x_wconf 83' lang='lat' dir='ltr'><strong>longum</strong></span> <span class='ocrx_word' id='word_1_40' title='bbox 685 937 744 985; x_wconf 87' lang='lat' dir='ltr'><strong>auo</strong></span> <span class='ocrx_word' id='word_1_41' title='bbox 760 917 856 985; x_wconf 84' lang='lat' dir='ltr'><strong>mode</strong></span> <span class='ocrx_word' id='word_1_42' title='bbox 873 925 959 986; x_wconf 88' lang='lat' dir='ltr'><strong>esset</strong></span> <span class='ocrx_word' id='word_1_43' title='bbox 975 937 1139 1006; x_wconf 87' lang='lat' dir='ltr'><strong>enarrare,</strong></span> <span class='ocrx_word' id='word_1_44' title='bbox 1154 927 1359 990; x_wconf 85' lang='lat' dir='ltr'><strong>recensentes</strong></span> <span class='ocrx_word' id='word_1_45' title='bbox 1375 919 1412 986; x_wconf 91' lang='lat' dir='ltr'><strong>in</strong></span> 
     </span>
     <span class='ocr_line' id='line_1_7' title="bbox 236 1025 1412 1114; baseline 0 -20"><span class='ocrx_word' id='word_1_46' title='bbox 236 1059 240 1069; x_wconf 86' lang='lat'><strong>·</strong></span> <span class='ocrx_word' id='word_1_47' title='bbox 282 1025 450 1094; x_wconf 90' lang='lat' dir='ltr'><strong>animum:</strong></span> <span class='ocrx_word' id='word_1_48' title='bbox 477 1026 656 1112; x_wconf 81' lang='lat' dir='ltr'><strong>predictam</strong></span> <span class='ocrx_word' id='word_1_49' title='bbox 688 1033 806 1092; x_wconf 85' lang='lat' dir='ltr'><strong>terram</strong></span> <span class='ocrx_word' id='word_1_50' title='bbox 838 1026 946 1114; x_wconf 75' lang='lat' dir='ltr'><strong>Athen,</strong></span> <span class='ocrx_word' id='word_1_51' title='bbox 978 1045 1036 1111; x_wconf 89' lang='lat' dir='ltr'><strong>per</strong></span> <span class='ocrx_word' id='word_1_52' title='bbox 1067 1027 1188 1094; x_wconf 90' lang='lat' dir='ltr'><strong>dietum</strong></span> <span class='ocrx_word' id='word_1_53' title='bbox 1218 1027 1412 1095; x_wconf 82' lang='lat' dir='ltr'><strong>Ladialaum</strong></span> 
     </span>
     <span class='ocr_line' id='line_1_8' title="bbox 283 1131 1413 1224; baseline 0.002 -26"><span class='ocrx_word' id='word_1_54' title='bbox 283 1135 405 1219; x_wconf 81' lang='lat' dir='ltr'><strong>Regem</strong></span> <span class='ocrx_word' id='word_1_55' title='bbox 421 1131 642 1202; x_wconf 81' lang='lat' dir='ltr'><strong>mediantibus</strong></span> <span class='ocrx_word' id='word_1_56' title='bbox 657 1131 846 1218; x_wconf 88' lang='lat' dir='ltr'><strong>patentibus</strong></span> <span class='ocrx_word' id='word_1_57' title='bbox 863 1133 981 1201; x_wconf 86' lang='lat' dir='ltr'><strong>litteris</strong></span> <span class='ocrx_word' id='word_1_58' title='bbox 997 1133 1065 1202; x_wconf 83' lang='lat' dir='ltr'><strong>auis</strong></span> <span class='ocrx_word' id='word_1_59' title='bbox 1082 1133 1192 1202; x_wconf 86' lang='lat' dir='ltr'><strong>datam</strong></span> <span class='ocrx_word' id='word_1_60' title='bbox 1210 1135 1413 1224; x_wconf 86' lang='lat' dir='ltr'><strong>eteellatam,</strong></span> 
     </span>
     <span class='ocr_line' id='line_1_9' title="bbox 284 1239 1413 1331; baseline 0.001 -23"><span class='ocrx_word' id='word_1_61' title='bbox 284 1241 407 1310; x_wconf 88' lang='lat' dir='ltr'><strong>eisdem</strong></span> <span class='ocrx_word' id='word_1_62' title='bbox 424 1241 540 1310; x_wconf 83' lang='lat' dir='ltr'><strong>Comiti</strong></span> <span class='ocrx_word' id='word_1_63' title='bbox 556 1241 704 1325; x_wconf 81' lang='lat' dir='ltr'><strong>Niceten,</strong></span> <span class='ocrx_word' id='word_1_64' title='bbox 736 1239 906 1328; x_wconf 85' lang='lat' dir='ltr'><strong>Werbaeb,</strong></span> <span class='ocrx_word' id='word_1_65' title='bbox 941 1240 1102 1310; x_wconf 81' lang='lat' dir='ltr'><strong>Corrardo</strong></span> <span class='ocrx_word' id='word_1_66' title='bbox 1118 1251 1151 1308; x_wconf 91' lang='lat' dir='ltr'><strong>et</strong></span> <span class='ocrx_word' id='word_1_67' title='bbox 1182 1241 1344 1331; x_wconf 84' lang='lat' dir='ltr'><strong>Seyirido,</strong></span> <span class='ocrx_word' id='word_1_68' title='bbox 1377 1251 1413 1311; x_wconf 88' lang='lat' dir='ltr'><strong>et</strong></span> 
     </span>
     <span class='ocr_line' id='line_1_10' title="bbox 284 1348 1414 1435; baseline 0.002 -19"><span class='ocrx_word' id='word_1_69' title='bbox 284 1367 394 1416; x_wconf 87' lang='lat' dir='ltr'><strong>eorum</strong></span> <span class='ocrx_word' id='word_1_70' title='bbox 412 1348 585 1418; x_wconf 77' lang='lat' dir='ltr'><strong>heredibus</strong></span> <span class='ocrx_word' id='word_1_71' title='bbox 603 1349 821 1432; x_wconf 85' lang='lat' dir='ltr'><strong>heredumque</strong></span> <span class='ocrx_word' id='word_1_72' title='bbox 836 1370 969 1416; x_wconf 89' lang='lat' dir='ltr'><strong>suorum</strong></span> <span class='ocrx_word' id='word_1_73' title='bbox 994 1351 1233 1420; x_wconf 77' lang='lat' dir='ltr'><strong>suecessoribus</strong></span> <span class='ocrx_word' id='word_1_74' title='bbox 1258 1351 1414 1435; x_wconf 88' lang='lat' dir='ltr'><strong>relinqui·</strong></span> 
     </span>
     <span class='ocr_line' id='line_1_11' title="bbox 283 1455 1412 1546; baseline 0 -22"><span class='ocrx_word' id='word_1_75' title='bbox 283 1476 364 1537; x_wconf 85' lang='lat' dir='ltr'><strong>mus,</strong></span> <span class='ocrx_word' id='word_1_76' title='bbox 379 1463 412 1524; x_wconf 90' lang='lat' dir='ltr'><strong>et</strong></span> <span class='ocrx_word' id='word_1_77' title='bbox 427 1457 529 1530; x_wconf 86' lang='lat' dir='ltr'><strong>eeiam</strong></span> <span class='ocrx_word' id='word_1_78' title='bbox 545 1455 587 1524; x_wconf 92' lang='lat' dir='ltr'><strong>de</strong></span> <span class='ocrx_word' id='word_1_79' title='bbox 602 1477 685 1524; x_wconf 88' lang='lat' dir='ltr'><strong>nouo</strong></span> <span class='ocrx_word' id='word_1_80' title='bbox 701 1456 893 1524; x_wconf 85' lang='lat' dir='ltr'><strong>conserimus</strong></span> <span class='ocrx_word' id='word_1_81' title='bbox 911 1457 980 1525; x_wconf 90' lang='lat' dir='ltr'><strong>iure</strong></span> <span class='ocrx_word' id='word_1_82' title='bbox 995 1464 1150 1544; x_wconf 84' lang='lat' dir='ltr'><strong>perpetuo</strong></span> <span class='ocrx_word' id='word_1_83' title='bbox 1165 1457 1412 1546; x_wconf 84' lang='lat' dir='ltr'><strong>possidendam,</strong></span> 
     </span>
     <span class='ocr_line' id='line_1_12' title="bbox 285 1563 1414 1654; baseline 0.001 -21"><span class='ocrx_word' id='word_1_84' title='bbox 285 1586 356 1633; x_wconf 88' lang='lat' dir='ltr'><strong>eum</strong></span> <span class='ocrx_word' id='word_1_85' title='bbox 373 1565 521 1634; x_wconf 88' lang='lat' dir='ltr'><strong>erunibus</strong></span> <span class='ocrx_word' id='word_1_86' title='bbox 537 1563 732 1633; x_wconf 73' lang='lat' dir='ltr'><strong>utilitatibus</strong></span> <span class='ocrx_word' id='word_1_87' title='bbox 748 1571 780 1632; x_wconf 90' lang='lat' dir='ltr'><strong>et</strong></span> <span class='ocrx_word' id='word_1_88' title='bbox 805 1563 1014 1650; x_wconf 84' lang='lat' dir='ltr'><strong>pertineneijs</strong></span> <span class='ocrx_word' id='word_1_89' title='bbox 1045 1567 1115 1634; x_wconf 89' lang='lat' dir='ltr'><strong>suis</strong></span> <span class='ocrx_word' id='word_1_90' title='bbox 1146 1565 1317 1654; x_wconf 83' lang='lat' dir='ltr'><strong>uniuersis,</strong></span> <span class='ocrx_word' id='word_1_91' title='bbox 1349 1567 1414 1635; x_wconf 89' lang='lat' dir='ltr'><strong>sub</strong></span> 
     </span>
     <span class='ocr_line' id='line_1_13' title="bbox 284 1672 1416 1762; baseline 0.001 -21"><span class='ocrx_word' id='word_1_92' title='bbox 284 1673 405 1742; x_wconf 86' lang='lat' dir='ltr'><strong>eisdem</strong></span> <span class='ocrx_word' id='word_1_93' title='bbox 423 1674 517 1742; x_wconf 90' lang='lat' dir='ltr'><strong>metis</strong></span> <span class='ocrx_word' id='word_1_94' title='bbox 534 1680 567 1741; x_wconf 87' lang='lat' dir='ltr'><strong>et</strong></span> <span class='ocrx_word' id='word_1_95' title='bbox 581 1673 729 1740; x_wconf 89' lang='lat' dir='ltr'><strong>terminis</strong></span> <span class='ocrx_word' id='word_1_96' title='bbox 744 1672 897 1760; x_wconf 86' lang='lat' dir='ltr'><strong>antiquis,</strong></span> <span class='ocrx_word' id='word_1_97' title='bbox 929 1674 1046 1758; x_wconf 87' lang='lat' dir='ltr'><strong>quibus</strong></span> <span class='ocrx_word' id='word_1_98' title='bbox 1070 1675 1144 1762; x_wconf 87' lang='lat' dir='ltr'><strong>ipsa</strong></span> <span class='ocrx_word' id='word_1_99' title='bbox 1170 1676 1317 1760; x_wconf 86' lang='lat' dir='ltr'><strong>primitus</strong></span> <span class='ocrx_word' id='word_1_100' title='bbox 1350 1694 1416 1761; x_wconf 86' lang='lat' dir='ltr'><strong>per</strong></span> 
     </span>
    </p>
   </div>
   <div class='ocr_carea' id='block_1_5' title="bbox 284 1780 1545 1870">
    <p class='ocr_par' dir='ltr' id='par_1_5' title="bbox 284 1780 1545 1870">
     <span class='ocr_line' id='line_1_14' title="bbox 284 1780 1545 1870; baseline 0.003 -22"><span class='ocrx_word' id='word_1_101' title='bbox 284 1782 388 1850; x_wconf 86' lang='lat' dir='ltr'><strong>dietus</strong></span> <span class='ocrx_word' id='word_1_102' title='bbox 403 1780 548 1869; x_wconf 87' lang='lat' dir='ltr'><strong>hospites</strong></span> <span class='ocrx_word' id='word_1_103' title='bbox 564 1780 671 1849; x_wconf 76' lang='lat' dir='ltr'><strong>(taetri</strong></span> <span class='ocrx_word' id='word_1_104' title='bbox 686 1781 789 1850; x_wconf 85' lang='lat' dir='ltr'><strong>nestri</strong></span> <span class='ocrx_word' id='word_1_105' title='bbox 805 1781 953 1850; x_wconf 89' lang='lat' dir='ltr'><strong>habitata</strong></span> <span class='ocrx_word' id='word_1_106' title='bbox 969 1782 1146 1852; x_wconf 77' lang='lat' dir='ltr'><strong>dinoscitur</strong></span> <span class='ocrx_word' id='word_1_107' title='bbox 1162 1792 1196 1850; x_wconf 89' lang='lat' dir='ltr'><strong>et</strong></span> <span class='ocrx_word' id='word_1_108' title='bbox 1209 1803 1375 1870; x_wconf 84' lang='lat' dir='ltr'><strong>possessa,</strong></span> <span class='ocrx_word' id='word_1_109' title='bbox 1392 1805 1415 1851; x_wconf 88' lang='lat' dir='ltr'><strong>a</strong></span> <span class='ocrx_word' id='word_1_110' title='bbox 1544 1795 1545 1800; x_wconf 77' lang='grc'>’</span> 
     </span>
    </p>
   </div>
   <div class='ocr_carea' id='block_1_6' title="bbox 284 1886 1416 2712">
    <p class='ocr_par' dir='ltr' id='par_1_6' title="bbox 284 1886 1416 2712">
     <span class='ocr_line' id='line_1_15' title="bbox 284 1886 1415 1977; baseline -0.001 -18"><span class='ocrx_word' id='word_1_111' title='bbox 284 1889 511 1959; x_wconf 87' lang='lat' dir='ltr'><strong>iurisdieeiune</strong></span> <span class='ocrx_word' id='word_1_112' title='bbox 528 1889 607 1955; x_wconf 87' lang='lat' dir='ltr'><strong>dieti</strong></span> <span class='ocrx_word' id='word_1_113' title='bbox 624 1886 729 1955; x_wconf 80' lang='lat' dir='ltr'><strong>Oashr‘</strong></span> <span class='ocrx_word' id='word_1_114' title='bbox 745 1897 913 1977; x_wconf 78' lang='lat' dir='ltr'><strong>exceptam</strong></span> <span class='ocrx_word' id='word_1_115' title='bbox 930 1892 1061 1976; x_wconf 90' lang='lat' dir='ltr'><strong>penitus</strong></span> <span class='ocrx_word' id='word_1_116' title='bbox 1078 1897 1111 1957; x_wconf 88' lang='lat' dir='ltr'><strong>et</strong></span> <span class='ocrx_word' id='word_1_117' title='bbox 1140 1897 1332 1977; x_wconf 85' lang='lat' dir='ltr'><strong>exemptam.</strong></span> <span class='ocrx_word' id='word_1_118' title='bbox 1372 1893 1415 1958; x_wconf 89' lang='lat' dir='ltr'><strong>In</strong></span> 
     </span>
     <span class='ocr_line' id='line_1_16' title="bbox 285 1995 1416 2084; baseline 0.002 -20"><span class='ocrx_word' id='word_1_119' title='bbox 285 1997 377 2065; x_wconf 87' lang='lat' dir='ltr'><strong>euius</strong></span> <span class='ocrx_word' id='word_1_120' title='bbox 392 2015 450 2082; x_wconf 88' lang='lat' dir='ltr'><strong>rey</strong></span> <span class='ocrx_word' id='word_1_121' title='bbox 466 1997 652 2062; x_wconf 85' lang='lat' dir='ltr'><strong>memoriam</strong></span> <span class='ocrx_word' id='word_1_122' title='bbox 670 2001 925 2081; x_wconf 87' lang='lat' dir='ltr'><strong>perpetuamque</strong></span> <span class='ocrx_word' id='word_1_123' title='bbox 941 1995 1124 2066; x_wconf 84' lang='lat' dir='ltr'><strong>firmitatem</strong></span> <span class='ocrx_word' id='word_1_124' title='bbox 1141 2006 1308 2084; x_wconf 88' lang='lat' dir='ltr'><strong>presentes</strong></span> <span class='ocrx_word' id='word_1_125' title='bbox 1339 2017 1416 2068; x_wconf 81' lang='lat' dir='ltr'><strong>eurr-</strong></span> 
     </span>
     <span class='ocr_line' id='line_1_17' title="bbox 285 2103 1416 2190; baseline 0.004 -18"><span class='ocrx_word' id='word_1_126' title='bbox 285 2105 438 2172; x_wconf 84' lang='lat' dir='ltr'><strong>uessimus</strong></span> <span class='ocrx_word' id='word_1_127' title='bbox 455 2103 579 2170; x_wconf 87' lang='lat' dir='ltr'><strong>litteras</strong></span> <span class='ocrx_word' id='word_1_128' title='bbox 595 2103 758 2190; x_wconf 85' lang='lat' dir='ltr'><strong>dupplieis</strong></span> <span class='ocrx_word' id='word_1_129' title='bbox 773 2103 872 2190; x_wconf 86' lang='lat' dir='ltr'><strong>sigilli</strong></span> <span class='ocrx_word' id='word_1_130' title='bbox 898 2105 1000 2172; x_wconf 88' lang='lat' dir='ltr'><strong>nestri</strong></span> <span class='ocrx_word' id='word_1_131' title='bbox 1026 2105 1202 2174; x_wconf 88' lang='lat' dir='ltr'><strong>munimine</strong></span> <span class='ocrx_word' id='word_1_132' title='bbox 1233 2108 1416 2176; x_wconf 77' lang='lat' dir='ltr'><strong>roboratae.</strong></span> 
     </span>
     <span class='ocr_line' id='line_1_18' title="bbox 285 2211 1415 2299; baseline 0.004 -21"><span class='ocrx_word' id='word_1_133' title='bbox 285 2213 404 2280; x_wconf 91' lang='lat' dir='ltr'><strong>Datum</strong></span> <span class='ocrx_word' id='word_1_134' title='bbox 420 2232 479 2298; x_wconf 84' lang='lat' dir='ltr'><strong>per</strong></span> <span class='ocrx_word' id='word_1_135' title='bbox 494 2231 609 2278; x_wconf 89' lang='lat' dir='ltr'><strong>manus</strong></span> <span class='ocrx_word' id='word_1_136' title='bbox 626 2211 758 2279; x_wconf 86' lang='lat' dir='ltr'><strong>disereti</strong></span> <span class='ocrx_word' id='word_1_137' title='bbox 790 2211 852 2278; x_wconf 90' lang='lat' dir='ltr'><strong>viri</strong></span> <span class='ocrx_word' id='word_1_138' title='bbox 883 2213 1033 2299; x_wconf 82' lang='lat' dir='ltr'><strong>Magistri</strong></span> <span class='ocrx_word' id='word_1_139' title='bbox 1064 2214 1230 2283; x_wconf 77' lang='lat' dir='ltr'><strong>Theodori</strong></span> <span class='ocrx_word' id='word_1_140' title='bbox 1259 2214 1415 2284; x_wconf 84' lang='lat' dir='ltr'><strong>Albensis</strong></span> 
     </span>
     <span class='ocr_line' id='line_1_19' title="bbox 285 2318 1416 2410; baseline 0.002 -24"><span class='ocrx_word' id='word_1_141' title='bbox 285 2319 431 2387; x_wconf 83' lang='lat' dir='ltr'><strong>Eaelesie</strong></span> <span class='ocrx_word' id='word_1_142' title='bbox 448 2318 617 2407; x_wconf 86' lang='lat' dir='ltr'><strong>Prepesiti,</strong></span> <span class='ocrx_word' id='word_1_143' title='bbox 633 2319 717 2388; x_wconf 84' lang='lat' dir='ltr'><strong>Aule</strong></span> <span class='ocrx_word' id='word_1_144' title='bbox 732 2325 841 2388; x_wconf 85' lang='lat' dir='ltr'><strong>nostre</strong></span> <span class='ocrx_word' id='word_1_145' title='bbox 858 2319 1141 2410; x_wconf 85' lang='lat' dir='ltr'><strong>VieeOanuellarij,</strong></span> <span class='ocrx_word' id='word_1_146' title='bbox 1157 2321 1268 2391; x_wconf 79' lang='lat' dir='ltr'><strong>dilecti</strong></span> <span class='ocrx_word' id='word_1_147' title='bbox 1287 2329 1318 2390; x_wconf 91' lang='lat' dir='ltr'><strong>et</strong></span> <span class='ocrx_word' id='word_1_148' title='bbox 1332 2322 1416 2389; x_wconf 85' lang='lat' dir='ltr'><strong>fide-</strong></span> 
     </span>
     <span class='ocr_line' id='line_1_20' title="bbox 285 2425 1415 2517; baseline 0.009 -23"><span class='ocrx_word' id='word_1_149' title='bbox 285 2428 327 2494; x_wconf 91' lang='lat' dir='ltr'><strong>lis</strong></span> <span class='ocrx_word' id='word_1_150' title='bbox 344 2425 458 2511; x_wconf 90' lang='lat' dir='ltr'><strong>nestri,</strong></span> <span class='ocrx_word' id='word_1_151' title='bbox 473 2446 559 2494; x_wconf 88' lang='lat' dir='ltr'><strong>anno</strong></span> <span class='ocrx_word' id='word_1_152' title='bbox 574 2426 705 2494; x_wconf 87' lang='lat' dir='ltr'><strong>Domini</strong></span> <span class='ocrx_word' id='word_1_153' title='bbox 732 2429 782 2494; x_wconf 74' lang='grc' dir='ltr'><strong>Μο</strong></span> <span class='ocrx_word' id='word_1_154' title='bbox 806 2428 1025 2498; x_wconf 85' lang='lat' dir='ltr'><strong>dueentesime</strong></span> <span class='ocrx_word' id='word_1_155' title='bbox 1055 2431 1266 2516; x_wconf 86' lang='lat' dir='ltr'><strong>nonagesima</strong></span> <span class='ocrx_word' id='word_1_156' title='bbox 1299 2431 1415 2517; x_wconf 86' lang='lat' dir='ltr'><strong>primo,</strong></span> 
     </span>
     <span class='ocr_line' id='line_1_21' title="bbox 284 2533 1414 2625; baseline 0.002 -21"><span class='ocrx_word' id='word_1_157' title='bbox 284 2533 474 2604; x_wconf 77' lang='lat' dir='ltr'><strong>duodecime</strong></span> <span class='ocrx_word' id='word_1_158' title='bbox 512 2535 673 2604; x_wconf 84' lang='lat' dir='ltr'><strong>kalendas</strong></span> <span class='ocrx_word' id='word_1_159' title='bbox 711 2538 863 2625; x_wconf 80' lang='lat' dir='ltr'><strong>Augusti,</strong></span> <span class='ocrx_word' id='word_1_160' title='bbox 903 2538 1009 2622; x_wconf 85' lang='lat' dir='ltr'><strong>Regni</strong></span> <span class='ocrx_word' id='word_1_161' title='bbox 1051 2543 1158 2606; x_wconf 86' lang='lat' dir='ltr'><strong>autern</strong></span> <span class='ocrx_word' id='word_1_162' title='bbox 1189 2537 1293 2606; x_wconf 89' lang='lat' dir='ltr'><strong>nestri</strong></span> <span class='ocrx_word' id='word_1_163' title='bbox 1325 2557 1414 2606; x_wconf 88' lang='lat' dir='ltr'><strong>anne</strong></span> 
     </span>
     <span class='ocr_line' id='line_1_22' title="bbox 284 2641 433 2712; baseline -0.007 0"><span class='ocrx_word' id='word_1_164' title='bbox 284 2641 433 2712; x_wconf 83' lang='lat' dir='ltr'><strong>secunde.</strong></span> 
     </span>
    </p>
   </div>
   <div class='ocr_carea' id='block_1_7' title="bbox 284 2844 1398 3002">
    <p class='ocr_par' dir='ltr' id='par_1_7' title="bbox 284 2844 1398 3002">
     <span class='ocr_line' id='line_1_23' title="bbox 284 2844 1398 2914; baseline 0.004 -17"><span class='ocrx_word' id='word_1_165' title='bbox 284 2845 424 2906; x_wconf 82' lang='lat' dir='ltr'><strong>(Eradetia</strong></span> <span class='ocrx_word' id='word_1_166' title='bbox 443 2845 626 2910; x_wconf 75' lang='lat' dir='ltr'><strong>bttrha&#39;artytn,</strong></span> <span class='ocrx_word' id='word_1_167' title='bbox 655 2844 812 2896; x_wconf 75' lang='lat' dir='ltr'><strong>seber-zdid</strong></span> <span class='ocrx_word' id='word_1_168' title='bbox 831 2845 1068 2910; x_wconf 81' lang='lat' dir='ltr'><strong>selyemasindron</strong></span> <span class='ocrx_word' id='word_1_169' title='bbox 1087 2846 1175 2914; x_wconf 80' lang='lat' dir='ltr'><strong>suiggtt</strong></span> <span class='ocrx_word' id='word_1_170' title='bbox 1194 2847 1290 2911; x_wconf 73' lang='lat' dir='ltr'><strong>penset</strong></span> <span class='ocrx_word' id='word_1_171' title='bbox 1322 2848 1398 2902; x_wconf 85' lang='lat' dir='ltr'><strong>alatt</strong></span> 
     </span>
     <span class='ocr_line' id='line_1_24' title="bbox 444 2933 1250 3002; baseline 0.002 -16"><span class='ocrx_word' id='word_1_172' title='bbox 444 2933 586 2986; x_wconf 70' lang='lat' dir='ltr'><strong>atemere</strong></span> <span class='ocrx_word' id='word_1_173' title='bbox 607 2936 725 3002; x_wconf 86' lang='lat' dir='ltr'><strong>herezeg</strong></span> <span class='ocrx_word' id='word_1_174' title='bbox 748 2935 902 3002; x_wconf 75' lang='lat' dir='ltr'><strong>Battbydni</strong></span> <span class='ocrx_word' id='word_1_175' title='bbox 922 2935 1016 2987; x_wconf 73' lang='lat' dir='ltr'><strong>esaitd</strong></span> <span class='ocrx_word' id='word_1_176' title='bbox 1035 2935 1250 3002; x_wconf 74' lang='lat' dir='ltr'><strong>lereltardban.)</strong></span> 
     </span>
    </p>
   </div>
   <div class='ocr_carea' id='block_1_8' title="bbox 0 0 1556 5160">
    <p class='ocr_par' dir='ltr' id='par_1_8' title="bbox 0 0 1556 5160">
     <span class='ocr_line' id='line_1_25' title="bbox 0 0 1556 5160; baseline 0 0"><span class='ocrx_word' id='word_1_177' title='bbox 0 0 1556 5160; x_wconf 95' lang='lat' dir='ltr'><strong> </strong></span> 
     </span>
    </p>
   </div>
  </div>
 </body>
</html>
