3170 5166
874 316 1035 416 joa-

368 503 547 586 'riargitcra
579 502 664 582 Quia
705 506 860 594 temporis
889 509 1056 578 lubricitas
1087 507 1326 578 tbeusararinm
1356 514 1482 581 memorie

383 615 515 696 propter
545 609 786 680 indiuiduorum
818 620 1066 702 eorrupcionem
1097 636 1163 684 non
1180 619 1306 703 patitur
1323 619 1356 686 in
1371 619 1484 689 hunam

361 751 363 756 ·
380 737 518 804 corpore
534 721 740 806 perempnari
756 746 764 788 :
782 719 903 792 idcireo
920 725 1062 811 pmdens
1078 725 1256 810 antiquitas
1282 745 1387 794 rernm
1401 739 1483 813 gesta·

381 845 453 892 rum
469 845 595 914 seryem
627 825 807 895 litterarum
833 831 1004 900 tenacitati
1021 831 1190 900 consueuit
1214 833 1437 922 commendare,
1456 854 1486 901 ne

378 932 421 1000 de
438 931 603 1020 preteritis
620 935 747 1004 actibus
762 935 880 1022 ignara
895 941 1073 1024 posteritas
1089 937 1208 1007 titubet
1224 945 1282 1006 ant
1297 941 1426 1009 occillet
1449 941 1485 1006 Ad

379 1039 603 1108 uniuersorum
642 1041 741 1126 igitur
780 1045 933 1113 noticiam
977 1053 1090 1116 tenore
1131 1048 1335 1134 presencium
1366 1049 1486 1116 uolones

380 1148 550 1234 peruenire
567 1175 574 1216 :
591 1149 678 1232 quod
693 1151 819 1218 Gemite
834 1153 992 1238 Gregorio
1009 1153 1079 1222 filio
1094 1153 1211 1222 lbsrus
1241 1154 1284 1222 ab
1315 1174 1379 1221 nna
1406 1165 1486 1242 parte,

375 1254 463 1322 tuan
479 1261 513 1322 et
526 1256 610 1323 Joob
642 1258 719 1344 liiijs
733 1258 839 1326 Booth
854 1259 897 1328 de
913 1261 998 1328 Inlre
1026 1279 1068 1328 cx
1084 1261 1193 1329 altera
1209 1260 1388 1329 constitutis
1400 1283 1487 1329 coran

377 1362 481 1448 nobie,
497 1363 582 1432 idom
600 1365 714 1436 (lomes
732 1367 908 1454 Gregorius
930 1369 1082 1436 exhibuit
1099 1370 1194 1437 nobis
1209 1375 1357 1456 patentes
1384 1369 1487 1438 litteras

377 1470 500 1540 domini
532 1473 680 1542 Ladialai
711 1473 814 1542 incliti
844 1475 945 1564 Regis
974 1475 1119 1564 Vngarie
1150 1475 1235 1544 bane
1258 1476 1390 1544 termam
1405 1479 1485 1546 conti·

374 1587 517 1650 nentes:

484 1687 553 1755 Nos
571 1687 744 1759 Ladinlaus
760 1689 822 1759 Dei
838 1691 950 1776 gracia
965 1694 1033 1759 Rex
1053 1693 1195 1780 Vngarie
1211 1695 1272 1760 stb.
1291 1689 1483 1782 (kbvetlrezilr

364 1795 433 1862 '1v.
452 1795 572 1864 Ltsslt
591 1795 769 1884 kirtlynak
804 1800 940 1870 lats-ki
971 1799 1140 1888 okmanya
1171 1801 1253 1869 mint
1283 1801 1486 1868 fentebbbb3.

376 1906 468 1971 salam
487 1899 594 1990 alatt.)
1274 1927 1282 1936 ·

484 2011 656 2078 Presertim
687 2009 748 2077 bec
772 2011 887 2080 eadem
905 2014 1108 2100 plenitudine
1125 2017 1235 2084 littere
1251 2021 1398 2102 patentes
1414 2011 1485 2080 Petri

360 2126 453 2188 'tunc
467 2118 619 2206 Palatini,
651 2118 802 2204 Magistri
833 2121 929 2206 Moys
959 2127 1036 2190 tunc
1067 2121 1205 2208 ludieys
1236 2123 1332 2191 Gnrie
1361 2121 1486 2190 eiusdem

363 2227 475 2311 'Regis
507 2227 620 2295 eodem
650 2225 745 2294 modo
778 2229 874 2296 nobis
916 2236 1102 2314 presentato
1133 2231 1351 2298 continebant
1381 2227 1487 2306 Quibus

370 2333 525 2420 perlectis
542 2341 574 2402 et
589 2333 721 2421 auditis,
738 2355 811 2402 cnm
828 2335 911 2403 Iuan
930 2343 962 2404 et
992 2337 1077 2405 Joob
1108 2337 1248 2424 predicti
1278 2337 1410 2405 inissent
1438 2355 1486 2418 per

372 2462 431 2509 uos
449 2442 606 2526 requisiti,
623 2461 690 2510 nen
707 2443 976 2529 contradicentes,
994 2445 1052 2512 sed
1062 2467 1097 2513 se
1106 2447 1265 2514 uoluntati
1277 2445 1404 2512 Comitis
1414 2444 1481 2510 Gre-

369 2549 454 2636 gorij
472 2549 718 2637 committentes,
736 2549 915 2620 humillime
937 2552 1042 2621 cidein
1059 2554 1276 2640 supplicando
1291 2551 1486 2639 postularunt,

371 2664 408 2724 ut
424 2654 555 2726 eosdem
587 2658 621 2726 in
638 2657 766 2742 prelata
791 2665 879 2726 terra
895 2680 965 2748 aua,
982 2680 1045 2744 que
1061 2661 1170 2728 taliter
1185 2662 1228 2727 ab
1245 2659 1376 2746 eysdem
1392 2655 1485 2722 extitit

352 2765 531 2846 -alienata,
548 2765 581 2832 in
597 2764 710 2848 aliqua
741 2765 907 2851 particula
939 2766 1191 2835 misericorditer
1224 2767 1435 2854 participaret,
1451 2781 1485 2827 ne

371 2875 501 2960 penitus
530 2871 652 2957 priuati
684 2875 802 2958 uagari
833 2894 892 2959 per
923 2874 1036 2942 aliena
1067 2880 1272 2942 conarentur.
1292 2873 1355 2952 Qui
1372 2871 1485 2956 quidem
1561 2915 1562 2918 ,

371 2983 486 3051 Gcmcs
504 2979 680 3065 Gregorius
697 3001 737 3046 cx
753 2983 868 3048 innata
884 3002 942 3049 sue
958 2982 1139 3050 nobilitatis
1155 2983 1378 3050 misericordia
1404 2975 1485 3045 indu·
1561 2989 1562 3000 ¹

369 3097 441 3158 ctus
458 3090 499 3156 de
514 3089 579 3156 iam
611 3087 698 3154 dieta
714 3097 808 3172 terra,
825 3109 887 3170 quc
907 3089 1012 3157 eidem
1031 3089 1116 3157 iusto
1133 3090 1390 3174 eomparooionis
1405 3083 1483 3152 titulo

370 3207 420 3266 est
450 3197 615 3283 deuolute,
646 3218 743 3264 unam
774 3196 970 3282 particulam
1004 3198 1176 3266 concessit.
1208 3199 1307 3265 Cuius
1340 3191 1485 3282 particule

367 3314 454 3375 terre
485 3305 654 3372 distinccio
684 3305 734 3372 eie
750 3303 898 3371 orditur:
916 3325 991 3371 narn
1023 3307 1129 3391 prima
1159 3315 1246 3372 meta
1270 3306 1384 3390 incipit
1401 3305 1485 3368 iuxta

365 3433 487 3498 aquam
504 3412 586 3481 Inke
602 3415 644 3479 ab
674 3411 842 3497 aquillone
872 3431 974 3497 prope
1005 3411 1101 3496 viam,
1134 3433 1197 3498 que
1228 3413 1405 3480 ascendens
1436 3425 1486 3494 per

367 3521 509 3588 medinm
539 3520 691 3587 arborum
723 3520 942 3604 prunellarnm
977 3521 1116 3588 tendens
1133 3521 1269 3588 delnlse
1285 3515 1486 3606 pereundam

367 3631 453 3697 viam
469 3649 531 3714 quc
547 3625 638 3694 uadit
652 3626 696 3693 ad
721 3626 921 3712 Warazlou;
945 3627 1081 3696 abhinc
1113 3629 1217 3696 eciam
1248 3625 1353 3694 eundo
1384 3642 1486 3694 uersus
1560 3683 1561 3692 ,

365 3738 563 3821 aquillonem
594 3754 654 3819 per
669 3732 807 3802 eandem
839 3735 927 3801 uiam
958 3733 1046 3802 cadit
1062 3735 1095 3802 in
1112 3757 1211 3803 unam
1228 3755 1381 3821 magnam
1399 3736 1486 3812 uiam,
1560 3737 1561 3828 ,

366 3865 431 3928 qne
448 3845 556 3911 ueniet
572 3841 615 3908 ad
632 3843 757 3926 Beren;
782 3841 901 3910 deinde
915 3841 1053 3910 flectitur
1070 3863 1184 3912 uersus
1200 3843 1356 3911 orientem
1389 3838 1486 3908 eundo
1560 3905 1561 3922 ,

349 3971 424 4040 ¹per
439 3949 575 4019 eandem
590 3969 743 4034 magnam
760 3951 847 4017 viam
865 3969 970 4034 usque
996 3957 1098 4020 metas
1114 3957 1199 4020 terre
1213 3950 1406 4030 Waraslou3
1430 3963 1486 4032 que

365 4061 417 4128 vie
432 4063 585 4142 separant
601 4063 632 4124 et
647 4057 832 4142 distingunt
848 4063 966 4125 terram
991 4059 1189 4144 sepedictam
1222 4057 1294 4125 vioe
1325 4069 1486 4124 metarum.

363 4168 405 4233 Et
421 4165 579 4252 prefatam
610 4169 727 4230 terram
745 4173 875 4252 aparte
907 4163 1128 4250 predictarum
1162 4166 1286 4232 viarum
1313 4165 1356 4230 ab
1372 4165 1486 4232 oriente

362 4294 435 4339 cum
468 4271 652 4340 molendino
692 4272 785 4338 iuxta
826 4273 965 4359 primam
1006 4284 1124 4342 metam
1165 4281 1363 4357 constructo,
1393 4270 1486 4351 dedit,

362 4381 498 4448 donauit
529 4387 560 4447 et
577 4379 735 4447 concessit
767 4381 848 4446 luen
864 4387 898 4446 et
913 4382 995 4451 Joob
1027 4381 1103 4467 filijs
1120 4384 1224 4476 Booth
1241 4381 1435 4464 memoratis,
1452 4396 1486 4440 ar

362 4487 455 4551 Acha
485 4492 622 4568 cognato
653 4485 827 4554 corundem
858 4488 993 4571 pacifice
1035 4488 1285 4576 possidendam,
1317 4497 1403 4556 terra
1432 4503 1487 4570 prr
1559 4537 1560 4542 η

359 4589 542 4670 predictam
571 4591 656 4656 uiam
689 4599 888 4677 separataet
920 4594 1077 4662 distincta
1093 4597 1135 4662 ab
1167 4595 1338 4664 occidente
1370 4591 1482 4664 comiti
