3148 5164
761 293 922 390 Q

260 489 469 561 :anctoritate
484 493 518 557 et
533 483 710 556 munimine
726 486 931 576 presencium
946 491 978 554 et
994 485 1134 573 duplicis
1166 484 1270 574 sigilli
1303 488 1408 555 nostri

273 595 458 686 patrocinio
476 590 627 662 dommus
643 591 872 662 confirmanda
895 592 1017 662 Datum
1031 609 1092 678 per
1122 611 1242 661 menes
1273 591 1409 662 discreti

270 703 335 772 riri
350 701 504 788 Magistri
518 699 682 770 'l'lueoduri
697 698 860 788 Prepusiti
874 699 1026 770 Aliensis
1040 701 1236 770 adenustre
1245 700 1410 769 Vicetino-

266 808 400 894 ccllarij
416 807 530 878 dilecti
545 813 577 876 st
592 805 695 878 tidelis
710 806 815 878 nostri
830 828 919 876 anno
933 885 937 892 ⁸
949 806 1083 876 Domini
1112 803 1232 877 troc·
1264 827 1408 893 nona&-

270 917 356 986 simc
371 914 484 1004 tercio,
502 915 606 1004 Regni
621 921 730 984 autem
746 914 850 983 nostri
865 934 953 983 anuo
969 913 1079 984 tercio.

264 1059 417 1124 (llrsdetie
436 1061 623 1128 borhtrtytn,
643 1077 661 1114 a
678 1062 766 1128 ttiggd
784 1061 881 1127 peccet
900 1061 1051 1126 elreszett5
1083 1075 1100 1112 a
1124 1059 1211 1112 budei
1235 1059 1290 1111 kir.
1312 1060 1410 1111 hma-

706 1151 749 1202 rai
767 1147 964 1215 lerelttrban.)

803 1851 879 1922 495.

272 2049 339 2119 ΙΠ.
357 2051 470 2116 cnoro
484 2051 666 2138 leircllyuuk
681 2049 815 2116 ilctctdce'
827 2073 993 2136 paratiora
1009 2075 1030 2116 a
1046 2053 1166 2138 saepecu'
1175 2049 1408 2136 tepratantoz,

265 2159 356 2243 ,toyy
371 2157 476 2224 Jdooe
493 2159 681 2225 Mikldoock
689 2158 743 2240 fla
759 2155 835 2222 Zeelc
851 2166 932 2222 ocuti
939 2156 1078 2243 foldoelr
1089 2157 1257 2222 birtolcdbu
1267 2158 1406 2223 statarii-

720 2264 831 2329 cased.
856 2263 954 2330 1298.

380 2453 529 2522 Andreas
560 2454 623 2519 Dei
653 2455 767 2538 gracia
794 2454 866 2521 Rex
896 2453 1065 2538 Hungarie
1091 2453 1239 2522 fidelibus
1256 2457 1326 2522 suis
1343 2455 1403 2522 Ca·

266 2561 378 2650 pitulo
394 2559 602 2647 Sccpusieusi
619 2561 755 2628 sulutem
772 2569 804 2628 et
820 2561 975 2645 graciam.
1015 2561 1095 2629 (lum
1120 2559 1288 2628 lohannes
1320 2562 1403 2628 filius

273 2669 413 2759 Nycolai
442 2687 501 2755 pro
532 2676 634 2736 morte
665 2667 778 2734 Jacobi
812 2667 921 2736 fratris
951 2667 1001 2736 sui
1033 2666 1199 2752 quondam
1230 2668 1405 2735 seruientia

267 2775 508 2846 comitisssuld
523 2773 625 2842 fidelis
641 2774 751 2860 nostri,
773 2775 829 2856 qui
860 2774 895 2840 in
927 2774 1064 2842 seruicio
1096 2775 1189 2840 nubis
1220 2773 1403 2842 exhibendo
1429 2794 1435 2804 ·

270 2883 381 2953 extitit
411 2879 611 2967 interiectus,
627 2879 793 2966 quandam
812 2887 933 2950 terrum
947 2881 983 2947 in
998 2879 1087 2947 Zeelr
1103 2881 1298 2948 existentem
1314 2888 1406 2966 petat

267 2989 403 3058 anobis
428 2989 494 3056 sibi
525 2987 608 3071 dari,
638 2985 787 3054 fidelitati
818 2995 926 3056 vestre
957 2988 1167 3072 precipiendo
1198 2987 1405 3074 mandamus,

267 3105 434 3182 quatenus
465 3093 601 3160 mittatis
633 3093 794 3161 hominem
825 3102 967 3162 uestrum
986 3111 1045 3177 pro
1062 3094 1247 3162 testimonio
1263 3095 1404 3180 fidedig·

268 3225 356 3291 num,
396 3222 507 3270 coram
538 3221 600 3286 qno
631 3201 788 3285 Magister
819 3202 907 3268 illias
947 3200 1043 3269 homo
1075 3207 1186 3267 noster
1216 3204 1405 3268 conuocatis

262 3309 504 3379 commetancis
534 3316 566 3376 ct
597 3305 714 3375 vicinis
744 3307 923 3374 reambulct
953 3297 1059 3390 ipsam
1085 3315 1214 3392 terram,
1233 3311 1265 3372 et
1281 3316 1405 3375 statuet

269 3417 377 3486 eidem
402 3415 558 3498 Johanni,
590 3413 618 3481 si
649 3433 714 3479 non
743 3411 841 3480 fuerit
871 3412 1116 3496 contradictum,
1148 3413 1403 3483 contradictores

262 3527 380 3588 autem
410 3523 440 3588 si
458 3521 512 3604 qui
543 3519 672 3606 suerint,
704 3519 747 3586 ad
765 3525 908 3588 cosmum
925 3521 1000 3588 citet
1015 3521 1220 3589 Prescnciam
1236 3521 1280 3588 ad
1297 3523 1404 3592 termi-

268 3647 347 3694 num
362 3631 608 3712 competentem,
627 3633 659 3693 ct
676 3629 821 3711 posthoc
837 3625 1028 3710 qualitatem
1038 3633 1071 3693 et
1083 3627 1300 3712 quantitatem
1316 3629 1403 3695 dicte

261 3739 365 3818 terre,
399 3733 533 3799 nomina
564 3732 845 3818 connectetorum,
878 3731 964 3799 diem
996 3733 1163 3800 citecionis
1179 3739 1212 3799 ct
1228 3735 1400 3801 terminum

263 3840 488 3923 crementum,
507 3858 547 3904 ae
562 3858 678 3906 nomen
694 3839 832 3906 hominis
863 3837 965 3905 vestri
996 3859 1069 3926 pru¹
1086 3839 1272 3909 testimonio
1306 3840 1400 3908 desti-

259 3946 350 4033 nati,
381 3946 473 4014 cuius
504 3945 677 4034 opinionis,
708 3945 878 4029 dignitatis
911 3945 965 4014 uel
998 3945 1122 4014 ordinis
1143 3947 1185 4014 sit
1200 3947 1236 4012 in
1251 3947 1399 4015 Ecclesia

265 4061 389 4140 vestra,
406 4052 502 4119 nubis
517 4051 653 4119 fideliter
667 4051 867 4120 rescribatis.
885 4053 1006 4120 Datum
1031 4053 1123 4120 Bude
1138 4054 1173 4119 in
1188 4052 1271 4120 sesto
1302 4052 1395 4118 Beati

259 4159 393 4227 'l'homc
409 4158 552 4226 martiris
569 4177 654 4226 anno
671 4159 802 4224 Domini
819 4157 939 4226 161000ο
954 4157 1165 4244 nonagesimo
1181 4166 1306 4228 octeno.

258 4302 331 4364 (111.
348 4303 445 4354 Endre
473 4303 625 4368 kirtlynak
659 4303 771 4354 roco-ki
802 4303 1087 4369 udomtnyleveltbtl,
1117 4304 1190 4354 mint
1221 4303 1319 4378 altbby
1334 4303 1392 4354 tot.

429 4391 458 4442 ts
478 4395 537 4444 510.
567 4407 605 4444 az.
624 4407 667 4458 a.;
695 4393 815 4458 abudui
833 4393 886 4443 kir.
905 4393 1033 4444 kemmai
1051 4391 1245 4456 lertlttrban.)
