3068 5150
869 933 944 1003 att.

342 1131 495 1199 Dondolo
510 1133 613 1198 Jonor
629 1133 778 1198 oelomrea'
793 1133 872 1220 dopo
887 1131 1044 1218 biatositja
1061 1133 1204 1201 Metisci
1220 1136 1349 1200 Morkot
1366 1135 1440 1201 arte

472 1237 582 1324 profot
597 1237 662 1302 117
679 1239 737 1304 lire
753 1240 919 1324 bsaupapi
933 1238 1097 1306 etaemus
1112 1240 1216 1306 indat.
1241 1243 1340 1311 1283.

452 1435 491 1502 In
506 1433 570 1502 Dei
601 1433 731 1502 nomino
746 1453 853 1502 amen.
868 1433 963 1502 Anno
978 1434 1215 1504 Incarnatiouis
1231 1433 1350 1509 Gbristi
1366 1441 1451 1511 mille

344 1544 426 1611 simo
458 1541 680 1610 ducentesimo
721 1545 941 1629 octuagesimo
981 1543 1091 1631 tercio,
1124 1542 1179 1611 die
1210 1546 1323 1630 quinto
1356 1547 1452 1628 Medii,

345 1650 514 1720 undecimo
545 1649 743 1720 indictionis.
770 1650 837 1718 Nos
853 1650 1022 1720 Jobannes
1037 1651 1190 1720 Danduio
1206 1655 1269 1723 Dei
1284 1657 1389 1741 gratia
1402 1655 1454 1724 Ve·

344 1758 521 1844 netiarum,
535 1757 701 1824 Dalmatio
731 1763 828 1843 atque
860 1757 1012 1827 Obroatie
1044 1759 1129 1847 Dux,
1160 1761 1317 1832 Dominus
1348 1763 1456 1843 Quarto

344 1865 450 1934 Partis
482 1873 514 1934 et
545 1863 686 1934 Dimidie
712 1867 809 1933 totius
828 1866 960 1952 Imperii
975 1868 1143 1956 Romanie,
1158 1889 1232 1936 cum
1248 1871 1366 1940 nostris
1381 1872 1456 1939 bere·

344 1974 440 2043 dibus
456 1981 489 2042 et
504 1973 749 2043 successoribus
769 1973 903 2060 plenam
919 1981 951 2042 et
982 1975 1234 2044 irrevocabilem
1265 1979 1456 2048 securitatem

346 2081 485 2150 facimus
517 2083 608 2150 robis
639 2082 741 2150 nobili
767 2081 836 2150 viro
851 2082 960 2150 Marco
977 2083 1120 2151 Miobieli
1136 2082 1178 2151 de
1194 2089 1305 2152 nostro
1320 2087 1458 2156 mandato

345 2191 461 2258 Comiti
477 2191 616 2259 Arbensi
629 2189 719 2256 fideli
735 2189 863 2276 dilecto,
880 2191 1061 2275 vestrisque
1091 2189 1266 2260 heredibus
1282 2201 1315 2262 et
1345 2215 1457 2264 succes

344 2298 482 2385 soribus,
513 2299 554 2368 de
570 2298 634 2366 iilis
650 2297 741 2366 libris
758 2305 886 2366 centum
905 2301 1115 2385 septuaginta
1131 2297 1236 2368 minus
1252 2300 1376 2371 solidos
1391 2323 1458 2389 qna·

345 2414 416 2474 tuor
430 2426 604 2491 parvorum
622 2405 666 2473 ad
696 2405 849 2474 denarios
881 2406 1124 2492 vigintiscpteuu
1148 2425 1207 2493 pro
1238 2429 1361 2496 grosso,
1391 2431 1459 2498 quas

346 2515 439 2582 nobis
470 2512 549 2582 dare
575 2514 772 2582 tenebamini
803 2535 862 2602 pro
886 2514 1012 2599 regalia
1027 2513 1131 2600 ipsius
1148 2513 1329 2586 Comitatus
1343 2518 1376 2585 in
1390 2519 1460 2586 fato

345 2624 437 2690 Beati
453 2621 588 2708 Georgii
605 2641 708 2707 nuper
723 2623 840 2710 elapsi,
859 2642 922 2706 que
937 2621 1075 2708 pecnnia
1091 2629 1140 2690 est
1171 2623 1213 2692 de
1242 2626 1373 2710 regalia
1398 2647 1458 2694 eon·

346 2751 438 2800 cessa
469 2731 564 2798 nobis
596 2731 802 2800 aOommnni
834 2738 944 2800 nostro
976 2730 1186 2799 venetiarum
1216 2752 1277 2817 pro
1292 2735 1410 2803 salano
1424 2733 1458 2800 ab

345 2841 415 2929 ipso
432 2839 600 2908 Communi
616 2839 710 2907 nobis
729 2857 896 2908 concesso.
927 2839 1022 2906 Nune
1053 2845 1162 2908 autern
1194 2839 1276 2923 quia
1307 2839 1459 2929 predictus

346 2949 448 3016 libras
474 2957 604 3018 centum
621 2946 831 3034 septuaginta
847 2947 952 3014 minus
968 2946 1089 3016 solidos
1105 2952 1245 3032 quatuor
1260 2948 1304 3016 ud
1321 2949 1460 3018 denarios

344 3059 586 3144 vigintiseptem
604 3076 663 3143 pro
678 3076 793 3144 grosso
808 3056 902 3124 nobis
928 3055 1025 3143 plene
1041 3061 1073 3124 et
1101 3055 1228 3140 integro
1258 3055 1460 3143 persolvistis,

344 3166 485 3234 admodo
516 3167 557 3234 de
587 3166 667 3252 ipsis
685 3185 744 3254 per
759 3185 819 3233 nos
834 3173 867 3232 et
882 3164 1018 3234 heredes
1034 3164 1104 3232 sire
1129 3183 1336 3234 suspensores
1348 3172 1461 3240 nosnos

345 3295 402 3342 vos
429 3283 460 3342 et
490 3272 628 3344 heredes
658 3274 728 3342 sive
759 3291 960 3340 successores
991 3278 1116 3340 vestros
1147 3291 1279 3340 securos
1313 3271 1461 3342 reddimus

345 3384 571 3469 inperpetuum
604 3389 635 3448 et
666 3387 789 3467 quates,
820 3381 899 3465 quia
913 3379 1015 3447 nicbil
1032 3380 1109 3447 inde
1126 3379 1294 3466 remansit,
1311 3379 1396 3449 uncie
1410 3393 1459 3446 voa

344 3493 396 3558 vol
411 3489 546 3559 heredes
562 3497 620 3558 aut
635 3508 841 3558 successoros
866 3489 968 3558 nostri
997 3486 1190 3574 compellere
1221 3487 1399 3557 valeamus.
1428 3487 1461 3552 Et

347 3606 382 3666 ut
397 3597 458 3666 beo
474 3604 586 3666 nostre
616 3595 803 3664 securitatis
819 3603 910 3663 carta
932 3596 1061 3681 plenum
1082 3595 1178 3663 robur
1194 3595 1352 3685 optineat,
1368 3597 1460 3682 msam

345 3708 438 3775 bulla
456 3713 571 3774 nostra
589 3703 744 3792 plumbea
776 3704 964 3772 communiri
996 3703 1159 3787 iussimus,
1191 3709 1224 3770 et
1255 3722 1314 3788 per
1345 3720 1461 3768 manum

345 3815 441 3882 Tanti
456 3813 584 3882 Notarii
614 3819 647 3880 et
673 3813 808 3880 Ducalis
839 3813 913 3880 aule
943 3817 1055 3880 nostre
1086 3811 1284 3879 cancellarii
1318 3807 1459 3880 roborari.

344 3925 461 3992 Actum
477 3923 509 3988 in
526 3919 635 3990 ducali
651 3920 858 3988 venetiarum
873 3920 996 4005 palatio
1012 3937 1098 3986 anno
1115 3937 1227 3986 mense
1243 3916 1297 3984 die
1313 3925 1344 3984 et
1368 3915 1461 3982 indic·

344 4033 432 4098 tione
461 4028 625 4116 predictis.
658 4031 729 4112 Ego
744 4027 902 4096 Martinus
912 4025 1065 4096 Notarius
1081 4033 1114 4095 et
1129 4025 1265 4094 Ducalis
1280 4026 1354 4094 aulo
1368 4026 1462 4090 Vene-

344 4139 467 4205 ciarum
483 4135 591 4204 scriba
610 4134 712 4204 testis.
729 4134 801 4221 Ego
817 4133 959 4202 Gbecius
975 4133 1017 4202 do
1033 4132 1164 4201 Gbociis
1181 4132 1339 4201 Notarius
1355 4153 1404 4200 me
1430 4130 1459 4195 in

345 4251 459 4314 testem
485 4243 673 4330 subscripsi.
689 4243 760 4328 Ego
775 4243 899 4310 Tantus
909 4243 1063 4310 Notarius
1081 4239 1257 4308 etDuculis
1276 4239 1353 4308 aule
1367 4240 1458 4322 Vene-

345 4353 464 4421 tisrum
475 4351 700 4421 Cancellarius
715 4351 878 4438 complevi
894 4357 927 4419 et
943 4349 1096 4418 roborari.

463 4517 596 4586 (hjubics,
614 4517 740 4569 Menum.
759 4531 800 4582 sp.
819 4516 884 4568 hist.
905 4516 979 4568 slav.
998 4515 1098 4570 Metiri.
1118 4513 1140 4567 1.
1160 4515 1220 4566 kbt.
1243 4515 1303 4566 134.
1326 4515 1356 4580 1.)

780 4673 1050 4690 ffl—
