3170 5166
640 192 801 370 no-

149 463 316 561 expensis.
367 461 504 534 Datum·
529 459 614 534 feria
643 462 760 552 quinta
798 461 949 555 proxima
978 469 1055 537 ante
1085 457 1290 536 dominicam.

147 575 269 644 letare
284 593 374 644 anno
387 572 520 642 Domini
535 572 708 644 millesimo
725 571 1014 660 00⁰nonagcsimo
1028 595 1125 646 nono.

147 771 297 838 (heristis
315 771 502 840 borhdrtyim
531 770 767 840 azirpsoadtnek
784 787 888 841 nyoms
906 771 1010 826 iritszik
1027 772 1110 842 πῶυ
1139 769 1282 826 aiomdlt.

393 863 514 932 hercreg
536 863 691 932 Batthyini
711 863 807 918 essldd
825 862 1040 933 levslmrsban.)

680 1901 757 1972 ulo.

144 2103 285 2172 Rcldad
302 2103 477 2172 addoraok
500 2102 723 2192 ceprebcjtdsi
741 2124 909 2193 pascuosa
933 2125 974 2168 aa
1003 2071 1282 2190 crddlpscbirvairi

146 2213 371 2300 kdptcloaboz
386 2212 517 2299 Missos,
531 2209 648 2280 Isinda
663 2213 836 2278 mestemek
853 2211 908 2296 fic
933 2211 1021 2278 elles.
1051 2209 1151 2278 1299.
1175 2211 1280 2277 sesti.

255 2407 342 2476 Viris
372 2405 521 2478 discretis
536 2413 568 2477 et
582 2405 727 2478 honestis
752 2406 868 2477 amicis
883 2407 952 2476 suis
966 2405 1167 2476 Reuerendis
1183 2405 1277 2493 Capi-

146 2517 217 2588 tnio
232 2515 387 2586 Albensis
405 2517 549 2585 Ecclesie
564 2513 606 2584 de
623 2515 774 2585 Partibus
790 2515 1040 2586 Transsiluanis
1056 2519 1093 2582 R
1111 2513 1282 2582 Palatinus

145 2631 181 2692 ci
195 2623 306 2692 Judex
336 2623 550 2693 (iomanornm
582 2623 763 2691 amiciciam
804 2629 966 2710 paratam.
996 2621 1162 2692 Noueritis
1194 2622 1281 2706 quod

146 2749 221 2798 cum
238 2729 394 2800 Nicolaus
409 2729 495 2797 iilius
511 2730 658 2814 Magistri
675 2731 721 2799 St.
738 2730 795 2819 fiiij
814 2731 926 2818 Erney
956 2752 1017 2816 pro
1048 2731 1117 2802 suis
1148 2729 1280 2798 euiden-

144 2838 284 2906 tissimis
313 2838 517 2907 nocumentis
547 2837 705 2923 Magistro
737 2838 862 2905 Briccio
887 2837 953 2906 filio
977 2836 1107 2930 Andrec
1123 2837 1165 2906 de
1180 2837 1281 2904 Batos

144 2945 302 3030 irrogatis
317 2944 361 3012 sit
376 2945 543 3012 conuictus
560 2951 674 3013 contra
699 2943 836 3012 eundem
853 2943 888 3012 in
918 2943 1178 3032 possessionibus
1210 2943 1279 3012 suis

143 3049 386 3144 dampnandus,
417 3051 452 3120 in
468 3059 599 3121 nostras
629 3059 786 3138 tanquam
816 3049 932 3120 iudicis
964 3057 997 3120 et
1012 3050 1115 3138 ipsius
1142 3049 1277 3120 Comitis

141 3159 267 3244 Briccij
284 3166 441 3246 tanquam
457 3161 577 3230 actoris
604 3180 720 3230 manns
751 3160 846 3228 iuxta
876 3159 980 3246 Regni
1012 3158 1279 3228 consuetudinem

141 3265 318 3338 dedolatis.
348 3267 508 3347 Quocirca
540 3268 691 3336 amiciam
721 3275 864 3336 uestram
881 3266 1076 3354 requirimus
1092 3267 1280 3355 diligenter,

143 3379 307 3460 quatenus
324 3373 408 3443 detis
424 3375 587 3444 bominem
602 3381 744 3446 vestrum
762 3397 821 3463 pro
854 3375 1038 3444 testimonio
1068 3375 1279 3463 fidedignum,

143 3501 259 3548 coram
288 3503 353 3568 qno
384 3483 500 3552 Petrus
532 3483 573 3552 de
596 3483 733 3552 Periche
764 3483 861 3554 homo
877 3489 988 3552 nostor
1019 3483 1155 3552 accedat
1183 3504 1282 3572 super

144 3589 265 3660 faciem
282 3589 427 3660 eiusdem
444 3593 658 3680 possessionis
673 3591 777 3680 ipsius
808 3592 949 3679 Nicoiay
978 3591 1071 3660 Meris
1101 3598 1227 3662 wocate
1245 3593 1280 3660 in

141 3695 308 3766 Comitatu
339 3699 381 3768 dc
397 3699 554 3768 Zathmar
586 3700 770 3790 existentis,
787 3707 819 3768 et
835 3699 972 3768 eandem
988 3701 1176 3768 conuocatis
1193 3720 1280 3768 com·

141 3807 303 3874 metensis
319 3811 353 3874 ci
367 3807 487 3875 uicinis
502 3808 737 3876 reambuiando
754 3814 953 3896 peractores
970 3815 1074 3876 metas
1106 3829 1178 3876 cum
1208 3807 1277 3876 snis

138 3912 338 3982 utilitatibus
369 3916 516 3983 omnibus
546 3935 606 4002 pro
638 3915 790 4002 dampnis
821 3923 853 3984 et
884 3915 1014 4002 iniurijs
1041 3913 1146 3984 eidem
1162 3915 1279 3984 Comiti

137 4019 272 4090 Briccio
289 4019 393 4091 illatis
410 4027 542 4121 'smtuat
573 4023 637 4112 ipsi
670 4023 789 4094 domiti
820 4021 947 4092 Briccio
978 4029 1135 4110 tanquam
1165 4023 1280 4108 actori,

136 4128 238 4198 nobis
268 4147 346 4198 uero
379 4135 532 4216 tanquam
564 4129 676 4217 iudicy
706 4129 950 4218 possidendam,
966 4130 996 4200 si
1012 4151 1078 4198 non
1094 4129 1191 4198 inerit
1207 4149 1280 4198 oon-

139 4235 330 4322 tradicinm,
348 4234 644 4307 contradictoribus
660 4257 737 4308 uero
753 4239 783 4308 si
799 4240 854 4325 qui
880 4239 1001 4308 fuerint
1027 4245 1143 4308 contra
1173 4235 1280 4324 ipsum

139 4341 302 4414 Comitem
332 4343 493 4412 Briccium
525 4345 569 4414 ad
583 4353 728 4416 nostram
754 4345 877 4415 eunctis
893 4345 1100 4434 presenciam
1115 4345 1159 4414 ad
1175 4343 1281 4412 termi-

140 4457 223 4522 num
239 4449 479 4542 compitentem,
498 4446 561 4542 (et)
577 4461 652 4542 post
668 4453 727 4522 bec
743 4452 827 4522 diem
860 4453 1031 4524 oitacionis
1047 4460 1080 4522 ct
1108 4449 1281 4520 terminum

137 4560 366 4654 assignatum,
395 4580 436 4632 uc
452 4560 585 4632 nomina
600 4561 878 4634 contradictorum
895 4581 968 4634 oum
984 4559 1067 4634 serie
1082 4561 1186 4632 tocius
1202 4558 1282 4631 sacti
