3112 5154
555 370 717 471 ...¹23-

83 587 143 634 cum
171 561 301 634 banchis
337 569 369 634 et
397 563 498 647 lignis
528 583 638 631 eorum
668 567 798 631 armata
837 583 936 632 mann
975 571 1202 652 presumtuoee

82 675 229 741 intrantes
259 671 295 739 in
311 670 405 759 mari,
436 689 525 738 more
555 670 694 757 piratico
725 671 857 758 prefata
872 671 964 757 ligna
980 679 1146 762 ceperunt,
1162 693 1204 742 ca

80 780 209 870 pervim
225 785 259 846 et
289 785 403 848 eontra
434 775 636 844 uoluntatem
668 798 777 847 eorum
809 779 973 865 propriam
1004 780 1049 848 ad
1079 780 1200 849 dictam

81 889 209 956 insulam
240 884 470 970 conducentes,
489 905 528 951 ac
544 881 683 970 deipsis
701 885 801 970 lignis
820 884 955 954 bladum
973 889 1100 975 atalia,
1116 887 1205 958 dent

81 994 194 1065 eisdem
225 993 358 1080 placuit,
389 991 604 1080 abstulerunt,
636 1011 702 1060 non
732 997 893 1082 verentes,
911 995 997 1079 quod
1011 995 1073 1063 hoo
1088 1003 1203 1064 contra

80 1103 225 1170 honorem
255 1101 359 1168 nostri
392 1099 532 1168 nominis
547 1101 789 1188 presumebant,
821 1101 908 1186 qnod
939 1121 1042 1186 graue
1057 1103 1202 1187 gerimus

81 1216 110 1278 et
124 1207 301 1278 molestum.
318 1205 414 1275 Unde
430 1204 638 1294 prudentiam
654 1215 796 1293 vestram
827 1229 991 1295 rogamus,
1022 1212 1117 1280 robis
1147 1231 1208 1296 per

81 1317 142 1383 Nos
167 1322 200 1382 et
214 1319 360 1383 nostrum
391 1313 497 1382 Maius
513 1319 547 1380 et
562 1313 669 1382 Minus
695 1311 874 1384 Consilium
890 1315 1101 1402 precipiendo
1116 1337 1204 1386 man·
1325 1359 1327 1364 ι

80 1423 188 1490 dautes
218 1423 279 1490 sub
304 1421 426 1508 debito,
442 1441 507 1507 quo
524 1421 688 1506 tenemini,
705 1421 887 1508 iuramenti,
904 1430 983 1508 quot
999 1421 1119 1492 dictum
1135 1425 1201 1491 iru-

81 1535 218 1597 mentum
234 1536 268 1596 et
283 1529 427 1614 bladum,
455 1537 625 1615 acceptum
655 1529 774 1598 nostris
806 1530 941 1598 Venetis
972 1535 1005 1598 ct
1034 1529 1111 1598 aliis
1144 1551 1204 1618 per

81 1637 225 1706 homines
240 1633 319 1702 dicti
329 1635 519 1722 Comitatus,
537 1635 684 1704 debeatis
700 1637 844 1704 totaliter
859 1637 903 1705 ad
913 1643 1057 1706 noemam
1073 1659 1206 1724 praeeu-

83 1745 157 1811 tiam
172 1743 347 1813 destinare.
373 1743 415 1812 lit
431 1743 460 1812 si
477 1743 561 1811 forte
576 1743 682 1830 ipsum
699 1743 895 1812 frumentum
912 1751 944 1812 ct
959 1743 1092 1814 bladum
1108 1745 1207 1816 habe-

82 1871 115 1918 re
130 1871 193 1920 non
209 1851 368 1938 poteritis,
384 1851 426 1918 dc
443 1851 510 1918 aiio
526 1851 559 1918 in
577 1871 618 1918 ea
633 1851 825 1937 quantitate,
844 1872 908 1936 que
938 1872 999 1937 per
1028 1851 1117 1938 ipsos
1148 1853 1209 1924 init
1290 1919 1291 1924 ,

10 2031 14 2046 Ι
81 1957 199 2042 ablata,
230 1957 376 2027 debeatis
392 1959 520 2043 integre
536 1964 569 2027 et
584 1959 655 2026 sine
670 1958 888 2026 diminutione
903 1957 1015 2044 aliqua
1030 1958 1205 2030 destinare.

82 2065 314 2135 Nichilominus
333 2072 443 2134 auteur
468 2067 527 2134 sub
558 2063 671 2135 eadem
704 2066 853 2134 districta
883 2065 976 2134 uobis
1006 2067 1210 2158 mandamus,

82 2179 158 2256 quot
182 2171 351 2240 occasione
376 2172 454 2241 dicti
483 2192 635 2240 excessus
650 2193 710 2259 per
725 2173 873 2240 homines
890 2173 997 2240 insule
1012 2177 1211 2260 perpetracti

83 2301 139 2350 sex
155 2281 197 2348 de
213 2279 308 2348 bonis
325 2279 511 2348 hominibus
528 2280 614 2347 dicte
630 2287 714 2348 terre
730 2279 878 2349 debeatis
895 2299 998 2366 usqne
1028 2279 1072 2346 ad
1102 2281 1223 2359 introi·¹

82 2397 147 2455 tum
178 2387 286 2458 future
317 2387 567 2472 quadragesime
599 2393 734 2455 venture
765 2386 809 2454 ad
834 2393 976 2454 nostram
1010 2389 1212 2473 presentiam

83 2496 247 2564 destinare
262 2513 321 2581 pro
336 2494 529 2562 obediendia
546 2495 666 2562 nostris
691 2491 865 2579 mandatis,
883 2499 916 2560 et
932 2492 1030 2562 etiam
1062 2495 1122 2578 eis,
1152 2513 1215 2578 que

83 2603 144 2671 sibi
160 2601 355 2688 ingiungere
371 2601 557 2689 statuimus,
573 2603 607 2668 in
625 2621 711 2687 pena
726 2601 815 2668 mille
830 2599 997 2668 librarum.
1014 2599 1085 2667 Hoc
1100 2599 1215 2668 taliter

85 2708 310 2797 adimplentes,
329 2706 415 2794 quod
429 2709 462 2774 in
495 2707 619 2775 dictam
651 2728 770 2794 penam
801 2706 942 2775 incidere
973 2725 1039 2773 nou
1069 2705 1215 2794 possitis,

86 2825 116 2884 et
131 2825 245 2884 vestra
259 2815 440 2903 prudencia
454 2815 558 2902 possit
573 2817 688 2884 merito
703 2813 931 2883 commendari.
947 2814 1035 2880 Data
1053 2812 1086 2879 in
1103 2817 1215 2879 nostro

87 2921 206 2990 Ducali
222 2921 347 3010 palatio
359 2919 413 2990 die
421 2921 484 2988 XV
500 2929 637 2991 exeunte
648 2920 840 3008 damuatio,
855 2917 1030 2986 indictione
1044 2917 1099 2984 IV.

89 3121 222 3188 (Isjubics,
240 3122 426 3174 Monumeuta
452 3120 611 3186 spectantia
636 3121 786 3172 historiam
815 3118 964 3171 slavorum
990 3113 1218 3167 Meridionalium

536 3211 559 3263 1.
577 3209 638 3262 ket.
659 3215 718 3262 111.
738 3209 769 3274 l.)
1220 3219 1230 3224 ·
