3148 5164
151 538 302 605 Faucbal
333 545 365 606 et
380 539 506 604 Bathou
536 537 734 632 prefatorum
768 538 925 624 Stephani
959 540 1124 631 Dttstodis,
1153 545 1298 636 Georgij'

155 645 306 712 Cantoris
322 651 356 714 et
370 645 479 712 fratris
495 644 632 710 Emerisi
649 644 811 728 heremite,
828 645 960 713 fratrum
978 655 1093 734 utputa
1110 655 1287 722 earundem

155 751 359 818 dominarum
392 752 424 818 in
442 771 534 820 veros
567 750 702 819 heredes
734 757 767 817 et
800 752 961 836 legitimos
992 775 1198 826 successores
1229 781 1289 844 per

156 860 262 944 ipsum
280 861 418 927 condam
435 858 598 926 dominum
615 853 812 926 Lodouioum
836 862 957 944 Regem
989 861 1134 946 prefectu
1167 868 1287 934 extitis-

154 973 224 1051 set3
246 966 306 1034 soei
337 967 451 1034 eadem
471 965 605 1032 domina
636 965 806 1034 Elisabeth
822 974 924 1033 mater
939 971 1085 1034 annotati
1102 970 1231 1038 Nicolai
1247 975 1288 1040 de

157 1071 277 1140 uscha
293 1095 356 1140 non
373 1073 557 1158 extitisset3
583 1093 658 1139 nam
676 1075 789 1140 eadem
808 1074 937 1140 domina
952 1075 1121 1142 Elisabeth
1150 1079 1288 1144 condam

155 1181 285 1247 Andree
318 1181 418 1248 de-
438 1220 475 1230 -
494 1180 684 1247 antbreuew
700 1180 822 1246 tradita
838 1181 955 1248 fuisset
970 1183 1003 1248 in
1022 1191 1215 1268 consortem,
1233 1187 1288 1252 vbi

158 1288 272 1358 cadem
289 1286 422 1356 domina
437 1290 508 1354 sine
526 1287 670 1372 prolibus
687 1307 728 1353 ex
745 1287 806 1352 hoc
822 1287 932 1356 seculo
949 1289 1090 1373 migrata
1107 1290 1289 1376 extitisset;

158 1407 191 1462 ot
223 1417 264 1464 cx
295 1418 333 1464 ec
365 1396 468 1463 eidem
502 1395 631 1462 donnine
648 1397 740 1462 Anne
760 1395 976 1481 nullaporeio
993 1397 1144 1464 dediciis
1162 1418 1289 1483 posses-

157 1505 303 1572 sionibus
320 1503 490 1570 deberetur
515 1501 577 1568 stb.
595 1502 840 1588 (Binonyttcknl
871 1521 909 1568 an
941 1502 1111 1589 alperesek
1143 1505 1200 1571 bat
1232 1505 1288 1572 ok-

158 1615 275 1700 manyt
304 1609 432 1676 bonnak
465 1607 523 1694 fel)
556 1628 653 1674 unam
671 1607 806 1693 predicti
824 1607 962 1674 condam
978 1609 1087 1676 Bothk
1105 1610 1166 1677 sub
1182 1609 1291 1692 sigillo

161 1719 307 1804 Capituli
323 1718 494 1802 Agrionsis
508 1737 594 1784 anno
610 1717 741 1782 Domini
773 1715 944 1782 millesimo
976 1716 1202 1783 ducentesimo
1233 1719 1289 1784 tri-

159 1829 283 1895 cesimo
315 1826 417 1912 primo
449 1823 697 1908 priuilegialiter
732 1819 920 1906 confectum,
952 1830 983 1889 et
1009 1811 1112 1888 aliam¹
1142 1825 1287 1892 clausam

159 1937 231 2003 sine
243 1934 334 2000 titulo
351 1937 535 1998 emunctam
552 1933 612 1998 stb.
631 1933 681 1996 Ex
698 1938 819 2017 tenore
833 1931 967 1996 alterius
999 1931 1184 1999 earumdem
1218 1933 1308 1998 sines

159 2043 254 2110 titulo
286 2041 385 2108 tercio
415 2039 469 2107 die
486 2041 721 2124 quindenarum
753 2039 941 2106 Natiuitatis
957 2039 1088 2106 Domini
1105 2060 1191 2106 anno
1208 2043 1292 2108 eius·

161 2155 235 2218 dem
276 2148 445 2216 millesimo
486 2147 706 2215 ducentesimo
747 2147 957 2232 nonagesimo
997 2159 1088 2215 serto
1128 2153 1289 2232 emanata,

162 2259 319 2328 Comitem
351 2257 503 2342 Chamon,
533 2254 727 2339 Jobannem,
760 2255 870 2339 Zepod
901 2252 1176 2340 ethonpoldum
1208 2255 1290 2321 filios

164 2365 297 2434 Comitis
313 2363 497 2447 Laurencij,
529 2383 594 2429 vua
626 2381 697 2426 cum
729 2361 868 2428 Nicolac
899 2361 966 2428 filio
999 2360 1132 2428 Comitis
1163 2360 1291 2428 Nicolai

163 2475 266 2541 t'ratre
298 2493 418 2556 corum,
448 2471 481 2536 in
498 2491 606 2538 eorum
648 2467 910 2554 possessionibus
941 2471 1044 2553 lusan,
1060 2469 1204 2558 Dorogh,
1220 2469 1295 2534 We·

165 2584 269 2652 seben
287 2602 325 2648 ac
342 2581 457 2666 Fynes,
472 2576 651 2646 umberesd
668 2583 701 2644 et
716 2576 977 2645 Homoktherene
1002 2577 1126 2644 voeatis
1157 2577 1241 2642 inter
1256 2597 1293 2642 se

164 2689 361 2758 diuisionem
395 2685 576 2753 celebrasse
607 2686 670 2752 stb.
703 2684 927 2772 reperiebatur
958 2685 1018 2750 stb.
1033 2683 1155 2749 Datum
1172 2684 1207 2747 in
1224 2682 1293 2748 Vis·

163 2797 289 2882 segrad
305 2793 555 2879 quadragesimo
574 2793 626 2859 die
659 2800 846 2861 octonarum
878 2793 970 2858 Beati
999 2791 1114 2857 Jacobi
1145 2789 1295 2873 Apostoli

161 2927 251 2972 anno
267 2902 398 2971 Domini
412 2899 585 2968 Mutum
600 2899 702 2967 tercio
718 2899 852 2966 decimo.

274 3099 414 3162 (meusne
432 3099 616 3163 burhtrtyan,
647 3113 664 3148 a
682 3097 768 3148 budai
785 3098 838 3148 kir.
858 3097 974 3145 hamana
992 3093 1187 3154 leveltsirban.)
