3124 5152
616 1050 690 1118 200.

95 1247 205 1314 Lacino
229 1251 261 1314 c's
294 1249 429 1314 Brczza
446 1248 583 1332 asipetslc
599 1247 741 1314 atoaettt
757 1247 911 1334 mapclcut
928 1271 949 1313 a
965 1249 1117 1314 oclenczei
1143 1249 1213 1318 loz·

369 1351 797 1439 tar-smapfotatatmctaalc.
822 1353 921 1421 1278.

187 1547 320 1616 Pactum
337 1549 439 1616 Farre
455 1555 486 1614 et
501 1547 625 1616 Bracie.
641 1547 812 1616 Millesimo
830 1547 1071 1618 OOLXXVIII.
1088 1551 1211 1621 mensis

95 1653 204 1742 Aprilis
219 1656 274 1724 die
290 1657 393 1724 tercio
409 1657 560 1742 intrante,
578 1655 780 1740 presentibus
796 1655 958 1724 nobilibus
975 1658 1054 1726 viris
1071 1659 1212 1730 dominis

95 1765 204 1832 llarino
228 1766 414 1851 Valaresso,
442 1765 573 1832 Andrea
590 1763 681 1834 Geno
698 1771 730 1832 et
744 1766 900 1834 Armorao
917 1767 1019 1853 tusto,
1037 1773 1114 1835 tnnc
1131 1769 1211 1836 Con·

96 1871 195 1939 siliarii
211 1872 337 1940 domini
352 1873 463 1959 Ducis,
480 1873 588 1939 Marco
604 1873 645 1939 de
660 1873 772 1956 Mugla
789 1881 821 1940 et
830 1873 1060 1942 Bartholomeo
1076 1875 1212 1962 Capello

95 1983 120 2044 et
133 1979 211 2048 aliis.
242 1981 284 2048 In
296 1983 407 2067 ‚capite
422 1982 501 2066 sale,
520 1981 574 2049 ubi
596 1980 709 2048 sedent
725 1981 863 2050 Jndicea
874 1981 995 2069 Propri,
1012 1984 1209 2052 venerabilis

94 2093 174 2169 pater
188 2088 339 2157 dominus
356 2089 389 2156 S.
407 2087 468 2156 Dei
496 2089 602 2173 gratia
633 2088 786 2156 Fanensis
811 2088 989 2176 Episcopus
1021 2109 1061 2157 cx
1093 2091 1212 2161 virtute

95 2195 316 2264 commissionis
332 2195 394 2264 sibi
409 2195 495 2264 facte
509 2195 721 2282 perhomines
737 2195 847 2264 lnsnle
863 2197 972 2283 Farrc,
991 2197 1083 2266 cuius
1100 2219 1210 2268 exem·

18 2325 19 2336 ¹
94 2303 166 2386 plum
179 2303 314 2372 inferius
331 2302 523 2392 continetur,
540 2303 688 2370 submisit
703 2323 742 2371 ac
756 2304 927 2391 subposuit
943 2305 1049 2390 ipsam
1069 2305 1209 2374 insulam

94 2407 207 2478 etalias
236 2411 291 2480 sui
321 2411 539 2498 Episcopatus
572 2415 605 2480 et
621 2430 778 2496 personas
810 2420 842 2478 et
858 2411 980 2480 havere
995 2413 1160 2482 hominurn
1178 2423 1210 2484 et

94 2536 291 2600 personarum
306 2518 527 2586 habitantium
544 2519 579 2584 in
595 2519 676 2604 ipsis
697 2517 815 2586 insulis
841 2519 984 2588 dominio
1001 2529 1033 2588 et
1065 2521 1210 2592 iurisdic-

94 2622 159 2690 tioni
186 2625 354 2713 hlsgnifici
381 2625 503 2692 domini
522 2625 637 2694 Jacobi
654 2624 837 2694 contareno
855 2627 916 2694 Dei
932 2629 1041 2713 gratia
1057 2629 1208 2702 Venecia-

93 2741 222 2802 rnmete.
240 2742 276 2802 et
295 2731 484 2800 Communis
509 2733 721 2800 Veneciarum
753 2755 792 2802 eo
825 2736 968 2803 modoet
999 2738 1112 2822 forma,
1144 2760 1209 2826 qua

92 2847 153 2907 snnt
182 2842 345 2929 subpositi
376 2841 433 2907 alii
459 2841 509 2910 sui
526 2841 640 2910 fideles
665 2843 707 2910 de
723 2843 905 2931 Dalmacia,
921 2845 1032 2912 volens
1049 2845 1135 2930 quod
1151 2847 1208 2916 do·

94 2949 182 3018 ninus
195 2951 272 3018 Dux
288 2949 502 3018 Veneciarum
519 2971 577 3036 pro
596 2971 631 3018 sc
648 2959 678 3018 et
695 2952 765 3038 ipso
793 2951 963 3019 Communi
996 2951 1208 3021 Veneciarum

92 3053 258 3126 hominibus
292 3066 325 3126 et
342 3056 490 3146 personis
522 3057 740 3143 predictarum
773 3060 954 3128 insularum
987 3061 1066 3128 dare
1091 3059 1209 3130 debeat

93 3163 358 3234 Potestatemsive
383 3167 561 3252 Rectorem,
594 3165 687 3234 illurn
719 3167 881 3256 videlicet,
898 3169 952 3252 qni
983 3167 1046 3256 ipsi
1078 3169 1208 3240 domino

95 3269 165 3340 llnci
181 3284 211 3341 et
243 3273 390 3342 Consilio
407 3273 620 3342 Veneciarum
648 3275 803 3362 placebit,
820 3283 852 3344 et
867 3295 925 3360 per
940 3283 1065 3345 tantum
1081 3283 1208 3364 tempus

92 3397 141 3461 per
153 3389 307 3467 qnantum
325 3382 355 3449 ei
372 3382 526 3469 placebit,
543 3381 585 3448 ad
605 3381 784 3468 regendum
802 3389 833 3451 et
860 3385 1107 3468 gubernandum
1139 3405 1208 3479 eos,

90 3505 150 3554 curn
177 3490 230 3558 illo
246 3487 423 3576 capitulari
455 3496 575 3556 etcum
592 3489 651 3557 illa
668 3489 781 3577 forma,
800 3489 887 3574 quod
904 3497 937 3560 et
953 3511 1050 3576 quam
1068 3491 1099 3560 ei
1116 3492 1208 3562 dabit

91 3593 220 3665 doninus
236 3597 312 3664 Dux
329 3595 504 3683 predictus.
521 3595 749 3664 OuiPotestati
764 3599 834 3664 sive
850 3598 980 3665 Rectori
999 3597 1071 3686 ipse
1088 3619 1207 3689 expen-

91 3721 137 3770 sas
151 3707 307 3793 promisit,
342 3725 414 3772 oum
430 3706 582 3790 expensis
613 3711 645 3771 et
660 3705 860 3790 obligatione
886 3708 1042 3774 bonorum
1063 3711 1206 3778 omnium

90 3814 256 3881 comanium
297 3832 508 3900 personarum
550 3813 694 3898 ipsarum
726 3813 994 3903 Universitatum,
1030 3815 1117 3901 quod
1149 3837 1207 3903 por

91 3917 310 3989 Universitales
340 3921 486 4006 ipsarum
504 3919 686 3988 Insularum
703 3926 735 3988 et
751 3921 801 3987 sui
821 3920 1046 4010 Episcopatus,
1071 3945 1130 3992 seu
1145 3945 1206 4013 per

90 4025 148 4094 illos
162 4028 201 4096 (le
215 4030 318 4096 Farra
349 4035 476 4096 tantum
508 4027 732 4114 providebitur
748 4030 783 4095 in
814 4029 932 4098 salario
949 4035 982 4096 et
997 4052 1055 4118 pro
1087 4031 1206 4100 salario

90 4135 239 4204 annuatim
271 4136 420 4205 inlibris
451 4135 541 4203 mille
572 4137 787 4204 venecialinm
819 4157 996 4224 parvorum
1028 4139 1204 4208 seeundum

88 4258 197 4312 cnrsnm
214 4265 278 4332 que
293 4245 394 4313 habet
410 4265 515 4333 parva
532 4251 663 4312 moneta
679 4247 713 4311 in
729 4245 878 4331 partibus
899 4246 978 4333 illis,
995 4253 1027 4313 et
1044 4247 1077 4313 in
1109 4247 1204 4316 domo

88 4349 168 4417 ctiam
184 4374 242 4438 pro
259 4352 463 4422 habitatione
478 4353 599 4440 ipsius3
624 4361 655 4420 et
672 4353 758 4438 quod
774 4351 1010 4420 hedificabunt
1026 4353 1204 4443 civitatem,

87 4473 137 4536 que
151 4460 220 4528 aliis
235 4462 415 4548 tempribus
432 4459 495 4528 fuit
510 4459 599 4546 apud
615 4461 769 4530 Sanctam
786 4461 923 4529 Mariam
941 4460 982 4528 de
999 4461 1117 4547 Lesna,
1143 4481 1203 4548 pro

88 4559 269 4636 habitatione
300 4568 466 4636 hominum
497 4569 677 4637 insularum
695 4569 849 4655 ipsarum.
881 4567 945 4646 Qui
962 4571 1110 4637 Potestas
1132 4571 1204 4639 eive

90 4666 194 4743 Rector
208 4677 268 4746 ibit
284 4683 317 4744 et
332 4675 434 4745 stabit
449 4697 521 4745 cum
538 4677 598 4745 illa
624 4677 751 4746 familia
767 4684 799 4745 et
816 4679 918 4764 equis,
951 4697 1013 4762 qne
1044 4678 1203 4764 placuerit
