3148 5146
665 231 708 296 65

606 311 765 330 ιιι-...1.

117 435 214 517 siguo
248 428 399 498 similiter
430 423 574 511 lapidem
605 431 750 491 erectum
782 420 917 490 fecimus
952 421 1135 509 introponi3
1173 421 1257 489 item·

120 543 271 621 quartam
302 539 421 602 metam
438 538 579 599 terream
608 530 772 597 ereximus
790 529 833 596 ad
850 527 987 596 eandem
1003 533 1130 614 partem
1147 529 1252 596 eundo

115 663 219 729 prope
249 642 363 709 villam
393 643 540 708 nostram
571 636 687 704 Sancti
720 634 880 722 Stephani
911 634 1061 703 similiter
1093 655 1169 704 cum
1186 656 1251 704 uno

119 767 241 834 magno
271 747 391 834 lapide,
424 745 482 815 ubi
512 750 684 829 separatur
714 750 802 811 terra
832 742 913 810 ville
928 748 1039 811 nostre
1055 743 1167 812 Sancti
1183 743 1251 812 Ste-

117 854 221 942 phani
237 874 258 920 a
273 859 362 921 terra
377 851 464 921 Ville
484 849 596 918 Sancti
616 849 724 934 Pauli,
741 856 774 916 et
804 855 975 934 separatur
1006 851 1111 918 eciam
1127 871 1149 917 a
1165 857 1252 920 terra

115 961 265 1032 Ecclesie
295 959 408 1027 Sancti
438 956 559 1042 Egidij‚
591 975 653 1041 que
686 954 806 1022 dicitur
838 955 941 1042 ipsius
971 957 1089 1025 Latine
1106 965 1253 1026 coutratc

116 1067 253 1153 Regalis
270 1065 421 1136 Ciuitatis
438 1085 448 1148 ;
481 1071 513 1130 et
527 1063 576 1132 sic
591 1081 663 1132 cum
681 1062 794 1129 eodem
811 1062 942 1130 domino
957 1063 1088 1152 Philipo
1120 1064 1253 1135 Archia·

116 1179 255 1260 piscopo
272 1171 490 1258 strigoniensi
521 1169 799 1239 concordabimus.
831 1169 986 1239 Preterca
1016 1171 1079 1258 hys
1109 1175 1257 1258 peractis-

116 1303 192 1350 cum
218 1278 452 1366 prenominatis
483 1276 617 1344 arbitris
637 1282 669 1342 et
700 1275 778 1360 aliis
809 1277 1032 1346 communibus
1065 1279 1251 1348 hominibus

114 1388 317 1456 accessimus
348 1387 392 1452 ad
423 1389 527 1452 metae
558 1383 635 1451 ville
666 1390 777 1452 nostre
808 1383 922 1452 Sancti
938 1384 1099 1469 Stephani
1116 1393 1149 1455 et
1164 1393 1249 1456 terre

118 1495 204 1562 Bille
220 1515 242 1561 a
256 1499 352 1579 parte
368 1491 445 1560 villo
461 1490 603 1576 Capituli
634 1489 871 1575 Strigoniensis
903 1491 1039 1577 Dorogh
1071 1503 1198 1582 vocate,
1216 1501 1248 1562 et

118 1602 307 1668 iuuenimns
337 1598 371 1664 in
388 1599 451 1665 tine
483 1594 628 1665 eiusdem
659 1597 744 1680 proti
775 1597 873 1681 louge
897 1605 1026 1683 aparte
1041 1599 1122 1667 ville
1138 1607 1251 1668 nostre

114 1710 232 1777 Sancti
248 1706 409 1792 Stephani
428 1707 462 1774 in
478 1706 542 1773 fine
574 1711 733 1773 terrarum
765 1705 938 1773 arabilium
955 1713 988 1772 et
1003 1729 1024 1773 a
1039 1714 1134 1792 parte
1164 1709 1249 1774 occi·

115 1817 235 1902 dentis,
252 1821 409 1898 quantum
424 1811 467 1880 ad
483 1814 594 1880 villam
613 1819 781 1880 ulterram
809 1812 895 1880 Bille
910 1812 1032 1880 ibidem
1049 1813 1247 1880 uicinantem

116 1943 220 1989 unam
249 1927 370 1987 metam
401 1939 556 2004 magnam
587 1919 757 2001 antiquam
789 1917 1001 1986 communiter
1041 1925 1248 2004 separantem

117 2029 216 2095 nobis
246 2035 279 2094 et
308 2027 370 2113 ipsi
401 2027 564 2111 Capitulo,
596 2026 650 2094 ubi
666 2027 828 2094 ereximus
860 2025 1063 2094 concorditer
1088 2027 1248 2112 cumipse

115 2134 269 2221 Capitulo
285 2133 368 2200 duae
383 2137 496 2210 metas,
528 2136 563 2200 in
594 2152 758 2200 summere
790 2129 877 2220 (igy)
908 2132 1033 2202 faciunt
1065 2139 1131 2200 tres
1164 2133 1247 2202 satis

114 2260 267 2328 magnas,
300 2259 435 2324 quarum
465 2259 531 2307 una
561 2245 694 2324 separat
710 2239 797 2306 Villa
814 2239 927 2306 Sancti
944 2239 1101 2326 Stephani
1117 2248 1247 2326 aparte

112 2348 195 2416 rille
211 2347 367 2433 predicte,
384 2353 417 2416 et
433 2367 453 2414 a
468 2354 562 2433 parte
578 2346 655 2416 ville
670 2346 807 2432 Dorogh
823 2367 886 2431 qne
902 2353 962 2433 eet,
994 2353 1127 2432 separat
1142 2347 1247 2415 eidem

115 2455 196 2522 ville
211 2454 360 2540 Dorogh,
392 2461 425 2522 et
441 2473 504 2538 que
521 2462 572 2523 est
587 2475 608 2522 a
624 2461 716 2540 parte
732 2453 814 2521 ville
830 2459 987 2522 santerre
1004 2453 1099 2537 Bille,
1115 2459 1249 2538 separat

112 2569 202 2628 terre
218 2560 313 2630 Bille,
334 2561 416 2628 Item
434 2562 476 2628 ab
492 2563 574 2647 ipsis
590 2562 694 2628 tribus
709 2560 803 2628 metis
818 2561 1009 2647 incipientes
1024 2561 1173 2628 fleximus
1188 2581 1247 2628 nos

116 2668 306 2752 aliqualiter
324 2667 514 2736 circuiendo
530 2669 755 2736 iuxtaterram
773 2668 918 2736 eiusdem
934 2669 1011 2736 ville
1036 2669 1182 2754 Dorcgh‚
1214 2681 1248 2737 et

112 2776 329 2842 transiuimus
354 2773 449 2858 qnasi
473 2774 517 2840 ad
542 2779 669 2858 partem
685 2774 931 2842 meridionalem
949 2774 1070 2842 directe
1087 2793 1187 2860 supra
1201 2775 1245 2840 ad

113 2884 204 2948 latus
221 2881 390 2948 cuiusdam
407 2881 536 2966 montis,
567 2889 599 2948 et
616 2881 662 2948 ibi
678 2883 712 2948 in
730 2883 834 2950 latere
850 2881 995 2948 eiusdem
1020 2879 1138 2948 montis
1154 2880 1247 2948 iuue-

111 2989 222 3056 nimus
237 3008 335 3056 unam
351 2994 470 3055 metam
485 2996 625 3056 terream
640 2989 735 3056 iuxta
759 3009 855 3056 ruam
888 3006 1039 3072 magnam
1070 2987 1168 3074 riam,
1184 3006 1246 3071 que

110 3095 225 3162 ueniet
254 3095 296 3162 de
326 3095 409 3164 nilla
424 3096 566 3182 Dorogh‚
585 3103 618 3162 et
634 3095 729 3163 uadit
744 3099 778 3163 in
795 3095 906 3171 uillam
924 3105 1072 3164 nostram
1087 3095 1174 3162 ‘l'aat
1189 3115 1243 3161 uo-

111 3203 281 3288 minatam‚
299 3209 331 3268 et
347 3202 388 3269 dc
404 3203 572 3270 uoluntate
589 3203 731 3270 cuisdem
749 3203 892 3289 Capituli
903 3203 1136 3287 strigoniensis
1153 3205 1245 3270 iuxta

110 3313 220 3394 ipsam
254 3329 351 3376 unam
383 3317 502 3377 metam
533 3310 697 3378 ereximus
730 3311 829 3377 aliam
859 3313 978 3377 metam
1009 3315 1162 3389 terream,
1179 3329 1244 3392 que

112 3423 248 3500 separat
263 3416 342 3482 ville
357 3424 469 3484 nostre
485 3415 597 3484 Sancti
626 3415 786 3502 Stephani
816 3417 953 3499 Regisa
985 3415 1132 3498 predicta
1163 3415 1245 3482 villa

107 3521 253 3606 Dorogh,
269 3541 333 3604 que
351 3529 400 3590 est
417 3523 580 3609 Capituli5
604 3531 637 3592 et
653 3524 770 3591 deinde
796 3532 905 3592 tenere
921 3521 1033 3607 incipit
1047 3527 1153 3592 metas
1170 3544 1244 3609 poe-

108 3631 373 3698 sessioEcclesie
390 3639 500 3698 nostre
517 3630 628 3720 Sancti
639 3631 797 3717 Stephani
814 3651 886 3698 cum
903 3637 991 3698 terra
1002 3628 1240 3698 (lrnciferorum

106 3737 264 3804 Ecclesia
295 3739 407 3806 Sancti
423 3739 552 3827 Lazary
567 3759 669 3821 usquc
686 3739 729 3804 ad
747 3739 859 3807 villam
875 3745 1017 3806 nostram
1035 3740 1099 3804 Tat
1115 3757 1242 3806 curren-

106 3845 153 3911 do
173 3863 247 3909 cum
262 3845 358 3912 metis
376 3846 548 3913 continuis.
566 3845 608 3912 Et
623 3847 671 3913 sic
686 3865 758 3913 cum
778 3846 928 3931 Capitulo
944 3844 1160 3930 Strigouiensi
1170 3865 1244 3912 con-

108 3951 322 4020 cordauimue
338 3951 372 4016 in
387 3953 481 4020 metis
498 3959 531 4018 et
548 3953 655 4021 causis
672 3955 791 4020 nostris
808 3953 1016 4037 supradictis,
1036 3952 1241 4036 presentibus

106 4059 240 4128 eisdem
257 4057 437 4126 Comitibus
469 4060 651 4148 Dominico,
681 4060 843 4146 Lorando,
874 4061 1033 4144 Magistro
1064 4057 1244 4146 Mychaele,

101 4166 294 4253 Stephano,
326 4167 451 4236 Jacobo
467 4177 500 4236 et
516 4169 701 4255 Benedicto,
733 4168 876 4255 arbitrye
900 4169 1023 4236 nostris
1038 4167 1243 4252 supradictis.

101 4278 151 4342 Et
171 4274 251 4360 quia
262 4274 319 4360 jus
338 4280 396 4361 est,
414 4275 500 4359 quod
516 4275 687 4345 cuiuslibet
699 4275 843 4362 Capituli
852 4277 904 4343 vel
914 4274 1100 4342 Oonuentus
1110 4277 1244 4360 propria

97 4385 218 4450 littera
251 4401 311 4450 suo
344 4383 454 4469 sigillo
486 4384 653 4454 autentico
684 4384 718 4451 in
750 4384 895 4468 negooijs
927 4381 1190 4452 discordantibus
1212 4393 1244 4452 et

97 4491 220 4562 causis
237 4491 355 4578 sopitis
372 4491 468 4560 modo
484 4491 803 4579 supradicto-contra
828 4489 892 4559 eibi
923 4489 1062 4559 inuicem
1094 4491 1245 4575 partibus

216 4627 322 4663 llolffill.
341 4626 426 4663 nubo.
443 4627 514 4666 illan.
537 4638 573 4649 ·-
592 4629 665 4665 ntra.
682 4627 749 4664 1111.
1113 4601 1134 4666 5
