3068 5150
70 512 216 578 similiter
233 530 306 577 oum
322 513 471 579 omnibus
488 515 531 579 ad
552 507 690 580 'easdem
717 515 954 600 pertinentibus
986 517 1212 600 possessioni--

71 621 147 706 bus;
169 621 249 688 item
264 620 431 706 possessio
447 621 546 706 Selpe
562 625 680 688 uocata
694 625 728 689 in
744 619 907 688 Comitatu
923 619 1115 691 Posoniensi
1132 626 1200 690 exi·

69 735 156 794 stens
172 727 323 795 similiter
339 748 411 795 cum
428 729 576 798 omnibus
593 729 635 795 ad
653 729 791 796 eandem
808 729 1043 814 pertinentibus
1070 751 1201 816 posses·

70 834 228 917 sionibns3
257 836 334 902 item
350 836 516 922 possessio
541 836 659 904 Ratold
684 843 802 903 uocata
834 837 867 903 in
899 835 1062 904 (lumitate
1094 837 1197 910 Pesti-

70 943 136 1010 ensi
168 939 336 1029 adiacens,
365 943 398 1007 in
432 942 651 1024 quaeeolesia
667 951 716 1010 ost
747 942 894 1024 fundata,
927 964 999 1010 oum
1032 945 1197 1014 uniuersis

71 1049 266 1119 utilitatibus
283 1049 469 1133 earundem,
486 1051 661 1118 cessissent
677 1049 829 1136 predictis
845 1051 1014 1136 Magistris
1044 1050 1196 1122 Ro'rando

72 1160 225 1226 etDeseu
242 1159 535 1249 filisteustachij,
566 1159 738 1228 Dominirc
769 1167 801 1227 et
831 1160 987 1228 Ladialao
1018 1161 1098 1246 filijs
1130 1163 1199 1230 Ste-

72 1269 182 1354 phani,
199 1267 372 1353 Reynoldo
391 1274 422 1332 et
438 1267 574 1332 Nicolao
589 1267 665 1351 filijs
682 1265 839 1353 Olyuerij,
860 1273 892 1334 et
907 1287 966 1350 per
983 1289 1038 1338 eos
1055 1270 1196 1355 ipsorum

72 1373 242 1441 heredibus
257 1373 478 1456 heredumque
494 1373 736 1442 successoribus
753 1375 822 1442 iure
837 1385 994 1460 perpetuo
1010 1384 1043 1442 et
1068 1377 1197 1445 inreuo·

73 1481 219 1548 debilites
236 1479 423 1571 optinendo,
449 1479 587 1574 tenende
619 1489 651 1548 et
681 1480 839 1564 habende,
871 1501 946 1568 ymo
978 1482 1197 1566 perempniter

73 1587 275 1676 possidendo.
299 1588 427 1654 Deinde
443 1593 476 1652 et
492 1607 509 1653 e
527 1606 685 1656 conuerso
701 1587 866 1672 possessio
881 1589 997 1675 Lnapa
1011 1597 1130 1656 uocata
1161 1590 1195 1655 in

73 1697 230 1764 Comitatn
248 1693 447 1782 Symigiensi
463 1695 585 1762 situata
601 1715 672 1761 cum
689 1695 837 1762 omnibus
853 1695 897 1762 ad
930 1716 1002 1761 eam
1033 1697 1198 1780 pertinen·

73 1805 154 1870 tibus
184 1801 448 1888 possessionibus
479 1821 654 1885 earumque
685 1801 879 1869 utilitatibus
909 1801 1092 1886 uniuersis;
1118 1803 1195 1871 item

73 1911 219 1979 uniuersa
235 1910 459 1996 possessiones
475 1911 509 1975 in
526 1910 686 1976 Comitatu
702 1908 742 1975 de
758 1911 886 1993 Posoga
915 1910 1090 1978 existentes
1122 1931 1195 1978 cum

74 2021 217 2086 omnibus
232 2019 301 2085 suis
317 2016 516 2084 utilitatibus
532 2022 564 2081 et
578 2016 789 2103 pertinencijs
819 2017 1000 2102 uniuersis;
1025 2020 1103 2084 item
1136 2019 1196 2085 Oa·

74 2135 166 2194 strum
184 2125 374 2210 Hungarice
388 2124 596 2206 Noglnemluk
612 2129 772 2211 uocatum,
790 2124 875 2192 iuter
890 2123 1006 2192 fluuios
1022 2125 1136 2192 Druna
1162 2132 1195 2191 et

74 2233 157 2300 Zaua
172 2241 310 2300 uocatos
326 2231 361 2297 in
377 2229 554 2298 Solanonia
570 2229 722 2315 existens,
739 2229 836 2298 simul
853 2251 925 2298 eum
951 2233 1100 2299 omnibns
1124 2252 1194 2320 pre·

74 2340 131 2429 diJs
146 2349 179 2408 et
209 2339 470 2426 possessionibus
495 2337 539 2402 ad
571 2338 677 2422 ipsum
710 2336 857 2405 Castrum
890 2339 1124 2424 pertinentibus
1156 2358 1195 2404 ac

74 2468 177 2514 earum
194 2445 390 2513 utilitatibus
405 2444 582 2530 uniuersis3
605 2445 683 2510 item
699 2445 862 2531 possessio
893 2448 967 2531 Nog
989 2446 1106 2513 Ratold
1138 2466 1192 2514 uc·

74 2564 140 2621 cata
154 2557 190 2622 in
208 2552 372 2620 (lumitate
390 2551 617 2637 Besprimiensi
633 2551 763 2637 situata,
780 2559 919 2637 excepta
928 2553 1081 2639 porcione
1091 2554 1193 2636 Magi·

74 2664 127 2730 stri
143 2661 283 2748 Balduu,
302 2657 452 2727 similiter
479 2677 551 2725 cum
576 2657 727 2724 omnihus
756 2658 1015 2744 possessionibus
1046 2659 1090 2726 ad
1122 2679 1194 2726 eam

75 2768 307 2858 pertinentibus
324 2787 500 2850 earumque
515 2765 709 2834 utilitatibus
725 2767 903 2853 uniuersis;
926 2767 1002 2835 item
1029 2767 1193 2852 possessio

74 2879 172 2946 Halaz
190 2875 356 2944 uocatain
373 2874 536 2941 Comitatu
553 2871 593 2940 de
624 2873 756 2941 Zabooh
780 2874 934 2960 existens,
965 2873 1060 2941 modo
1093 2875 1193 2941 simili

74 3005 139 3052 cnnr
154 2983 304 3052 omnihus
313 2982 357 3048 ad
366 2999 439 3046 eam
450 2979 687 3067 pertinentibus
703 2981 975 3068 possessionibus,
993 2999 1190 3065 suarumque

74 3092 260 3160 utilitatibus
277 3088 455 3173 uniuersis3
480 3089 556 3156 item
574 3088 736 3174 possessio
752 3087 865 3156 Knead
882 3093 997 3156 uocata
1022 3089 1057 3156 in
1088 3086 1192 3155 Comi·

74 3205 138 3266 tatu
152 3199 192 3268 de
207 3197 340 3265 Zemlen
356 3196 512 3264 adiacens
530 3215 602 3261 cnm
618 3196 766 3262 omnibns
782 3195 1042 3283 possessionibus
1058 3195 1101 3262 ad
1118 3217 1191 3264 eam

76 3307 316 3390 pertinentibus,
333 3323 507 3386 eammque
522 3303 717 3371 utilitatibus
736 3303 897 3372 uniuersis
914 3305 1012 3372 cessit
1027 3305 1061 3370 in
1077 3307 1128 3372 ins
1159 3313 1192 3372 et

76 3415 300 3500 proprietatem
316 3413 463 3479 eiusdem
480 3411 629 3496 Magistri
645 3411 778 3499 Mathis,
796 3421 827 3478 et
851 3432 908 3498 per
932 3413 1038 3497 ipsum
1061 3433 1192 3482 suornm

75 3519 221 3589 heredum
247 3519 467 3602 heredumque
492 3537 621 3586 suerrum
654 3537 875 3586 successorum
907 3519 1056 3604 tenende,
1088 3522 1192 3606 possi-

75 3630 173 3696 denda
188 3627 406 3714 perempniter
421 3633 454 3692 et
469 3625 625 3693 habende.
649 3623 840 3711 Obligautes
855 3647 892 3694 se
907 3633 1017 3712 partes
1034 3629 1192 3714 premissa

76 3757 129 3805 sua
143 3743 324 3822 spontanea
338 3734 516 3817 uoluntate,
533 3731 620 3816 qnod
636 3732 664 3799 si
680 3733 842 3818 quispiam
869 3735 1012 3819 ipsorum
1037 3736 1191 3819 temporis

75 3845 104 3910 in
118 3863 266 3930 processu
281 3843 505 3925 possessiones
522 3840 564 3906 ab
581 3839 660 3926 ipsis
676 3840 840 3908 alienatas
857 3841 910 3906 nel
925 3839 1067 3923 aliquam
1078 3860 1191 3909 earum

76 3951 277 4034 reacquirere,
308 3949 492 4017 relnnenire
507 3949 561 4016 uel
587 3949 746 4015 rehabere
777 3949 895 4034 poterit
925 3965 1055 4031 quoquo
1087 3948 1192 4034 modo,

77 4068 185 4127 extunc
200 4079 257 4128 eas
272 4058 359 4124 inter
376 4077 412 4123 se
428 4055 576 4123 diuidere
593 4055 754 4139 equaliter
778 4056 973 4122 tenebantur
1004 4061 1035 4122 et
1065 4057 1191 4141 partiri.

77 4168 139 4236 lloe
155 4190 215 4236 non
231 4166 520 4256 pretermittentes,
551 4165 636 4249 quod
653 4165 681 4231 si
714 4165 787 4248 quis
819 4162 965 4249 ipsorum
996 4163 1051 4229 nel
1083 4181 1192 4231 eorum

77 4275 221 4345 heredum
239 4273 365 4361 aliquid
380 4272 414 4338 in
445 4281 610 4359 posterum
636 4271 677 4338 de
708 4269 870 4338 diuisione
900 4271 953 4337 uel
984 4267 1192 4338 ordinacione

79 4385 226 4466 premissa
240 4383 340 4451 uellet
355 4401 413 4450 seu
431 4380 614 4448 intenderet
629 4370 662 4446 ih
678 4379 803 4446 irritum
821 4383 1010 4464 retractare,
1040 4399 1079 4446 eo
1104 4377 1198 4445 iacto

80 4492 251 4578 calumpnia
266 4509 353 4576 pena
370 4495 547 4558 mereretur
564 4495 596 4556 et
613 4487 746 4557 deberet
761 4488 891 4575 publice
901 4486 1032 4555 irretiri.
1049 4486 1088 4554 In
1099 4487 1199 4556 cuins

80 4596 121 4661 rei
133 4598 317 4666 memoriam
333 4603 587 4682 perpetuamque
601 4593 785 4664 firmitatem
802 4601 969 4682 presentes
985 4592 1030 4662 ad
1060 4594 1199 4681 peticio·
