3096 5160
131 1069 194 1131 III.
212 1069 326 1134 Endre
342 1067 520 1174 ldrjdlync'rlc
535 1068 761 1136 Saurooslccnd
777 1073 875 1134 adrat
892 1072 1052 1156 tdrpyoao'
1068 1071 1254 1157 odomduyo

364 1179 470 1242 Oudai
485 1180 615 1264 Byoboo
631 1190 742 1246 mester
756 1184 918 1245 saductus.
947 1178 1041 1243 1291.
1155 1243 1158 1250 ,

232 1373 385 1442 Andreas
416 1375 478 1443 Dei
520 1378 638 1462 gracia
677 1375 844 1459 Hungarie
884 1376 1065 1461 Dalmacic,
1107 1377 1253 1463 Oroacie,

19 1539 20 1576 ,
127 1483 236 1582 Reme,
254 1483 381 1572 Seruio,
395 1484 542 1572 Gallicis,
555 1486 756 1573 Lodomerie‚
768 1485 933 1570 Comanis,
951 1483 1168 1570 Bolgarieque
1184 1487 1253 1552 Rex

19 1591 21 1680 ,
130 1591 277 1658 omnibus
308 1590 429 1659 Christi
459 1592 609 1660 fidelibus
635 1599 699 1659 tam
716 1593 921 1678 presentibus
938 1612 1036 1676 quam
1052 1592 1168 1658 foturis
1184 1613 1254 1677 pre·

127 1705 232 1766 sentes
248 1699 374 1767 litteras
393 1701 589 1787 inspectoris
606 1701 741 1768 salutem
758 1699 791 1766 in
820 1701 962 1768 omnium
988 1701 1161 1768 saluatore.
1200 1700 1253 1766 Ad

126 1807 349 1876 uniuersorum
365 1815 432 1876 tam
448 1808 651 1894 presencium
668 1829 764 1894 quam
780 1808 957 1876 futurorum
975 1807 1126 1875 noticiam
1137 1806 1252 1874 barum

125 1914 203 1982 serie
230 1917 379 1984 volumus
406 1918 584 2004 peruenire,
617 1917 703 2003 quod
735 1938 794 1985 nos
811 1916 1026 1984 consideratis
1042 1915 1250 1984 fidelitatibus

125 2031 153 2088 et
166 2023 380 2091 seruiciornm
398 2025 520 2092 meritis
537 2025 687 2109 Magistri
705 2025 839 2112 Byehov
854 2025 913 2110 filij
930 2023 1078 2094 Siluestri
1095 2022 1135 2091 de
1152 2023 1250 2092 Owar

125 2131 226 2199 tidelis
242 2135 358 2218 nostri,
390 2153 452 2218 quc
468 2153 526 2220 per
542 2135 671 2218 singola
688 2153 745 2200 suo
762 2133 857 2200 modo
874 2136 1005 2220 longum
1037 2139 1124 2201 esset
1155 2153 1248 2200 enar·

123 2228 219 2324 rore,
234 2240 502 2324 quedamtamen
518 2241 561 2309 ad
579 2241 795 2310 vindicionem
828 2241 964 2310 aliorum
997 2249 1030 2308 et
1060 2241 1247 2310 memoriam

122 2346 299 2417 futurorum
316 2351 520 2434 presentibus
536 2351 688 2418 duximus
704 2351 903 2418 annotanda.
919 2349 1065 2420 Primum
1075 2351 1246 2441 siquidem,

122 2457 295 2539 qood-oum
312 2457 500 2528 Otbokarus
516 2461 583 2526 Rex
600 2459 791 2526 Boemorum
808 2459 948 2525 confinia
966 2458 1070 2544 Regni
1080 2459 1247 2542 Hungarie

122 2573 322 2652 occupasset,
349 2566 434 2634 idem
451 2567 607 2652 Magister
623 2565 748 2634 Biohov
763 2588 822 2653 pro
838 2565 978 2634 tuicione
995 2566 1123 2652 conlinij
1141 2569 1247 2653 Regni

121 2674 289 2758 Huogarie
305 2681 337 2739 et
353 2672 508 2742 fidelitate
524 2674 650 2744 (torono
666 2675 766 2761 Regia
783 2675 892 2744 debita
908 2675 1044 2742 uiriliter
1061 2675 1245 2743 dimicando

120 2802 186 2848 cum
214 2781 424 2851 Teothonicis
455 2783 489 2851 in
521 2785 693 2870 campestri
724 2784 825 2870 prelio
858 2783 1020 2852 extitisset
1049 2785 1243 2870 captiuatus.

19 2941 20 2950 ,
119 2891 270 2959 Preterea
287 2912 358 2958 oum
376 2893 527 2960 Albertus
543 2895 619 2960 Dux
633 2893 772 2980 Austris,
790 2901 977 2981 perseeutor
1001 2891 1107 2976 Regni
1132 2895 1243 2976 nostri,

19 3033 20 3036 ¹
118 2998 247 3067 admoto
263 3019 325 3066 suo
342 3001 482 3068 exercitu
500 2989 532 3068 et
557 3009 626 3070 tota
657 3002 810 3090 potencia
842 3001 984 3087 undique
1016 2997 1178 3083 aequisita
1209 3007 1241 3067 et

19 3183 20 3186 Ἴ
116 3109 272 3174 eonducta
288 3107 427 3195 adiJsset
443 3109 583 3178 confinia
598 3109 703 3195 Regni
719 3109 828 3195 nostri,
844 3108 930 3177 idem
942 3106 1098 3193 Magister
1108 3107 1243 3194 Ryohov

116 3237 147 3282 se
162 3223 195 3284 et
212 3235 276 3284 sua
292 3215 422 3284 fortune
439 3218 567 3286 casibus
583 3217 773 3286 submittere
789 3238 853 3285 non
869 3215 1056 3306 formidans,
1089 3236 1148 3302 pro
1164 3217 1241 3286 fide-

115 3323 201 3391 litate
217 3323 347 3390 Corone
364 3324 465 3408 Regis
482 3323 591 3391 debita
617 3322 827 3393 obseruanda
851 3332 966 3394 contra
996 3331 1099 3391 totam
1130 3332 1240 3411 poten·

19 3447 20 3450 ’
114 3433 194 3498 ciam
210 3430 290 3498 dieti
306 3429 407 3498 Ducis
423 3437 564 3500 oestrum
580 3453 671 3502 suum
689 3433 789 3501 Owar
814 3439 964 3502 vocatum
997 3431 1112 3504 diebus
1142 3453 1241 3518 quam

19 3531 20 3602 j
113 3542 256 3626 plurimis
273 3563 337 3610 non
355 3543 425 3611 sine
441 3561 499 3610 suo
516 3541 603 3631 (tgy)
618 3544 777 3614 effusione
793 3543 962 3629 sanguinis
979 3549 1153 3610 etsuorum
1164 3562 1239 3610 con·

112 3651 273 3734 seruauit;
292 3655 324 3716 et
339 3648 416 3717 licet
433 3649 572 3717 uiriliter
587 3651 778 3740 resistendo,
795 3653 907 3718 mortis
925 3656 1074 3718 euentum
1091 3670 1157 3717 non
1174 3649 1237 3718 tor·

19 3805 20 3830 2
112 3756 247 3844 midans,
280 3755 427 3842 potencie
443 3755 580 3843 predicti
596 3759 698 3826 Ducis
725 3781 760 3827 so
791 3759 1008 3846 opposuisset,
1040 3766 1148 3827 tamen
1179 3779 1238 3846 per

111 3863 293 3932 diuturnam
310 3864 530 3932 obsessionem
562 3867 665 3952 ipsius
697 3867 799 3935 Ducis
830 3867 984 3934 resistere
1015 3887 1078 3934 non
1109 3867 1234 3952 valens,

110 3993 180 4040 com
195 3993 261 4040 non
277 3972 445 4042 habuisset
460 3973 640 4044 subsidium
658 3976 809 4064 aliquale,
842 3980 971 4062 recepto
989 3975 1101 4046 eodem
1127 3984 1235 4046 castro

111 4081 265 4150 extitisset
280 4101 353 4149 oum
370 4083 478 4150 multis
495 4085 643 4169 cognatis
660 4087 728 4154 sois
744 4093 777 4154 et
792 4084 1008 4154 seruientibus
1024 4106 1081 4172 por
1098 4085 1233 4154 eundem

110 4190 229 4258 Dnoem
246 4191 443 4279 captiuatas,
460 4201 492 4260 et
508 4193 541 4260 in
558 4194 702 4263 eiusdem
719 4195 913 4280 captiuitate
929 4193 1054 4262 tamdiu
1070 4193 1231 4281 detentus,

111 4299 210 4366 donce
226 4301 377 4368 omnibus
394 4301 462 4368 sais
488 4303 746 4388 possessionibus
779 4303 921 4371 venditis
952 4306 984 4368 et
1015 4301 1233 4386 inpignoratis

110 4407 291 4495 redemptus
308 4409 471 4479 extitisset
481 4431 490 4495 ;
515 4412 547 4478 in
565 4413 676 4480 eodem
693 4413 797 4481 eciam
814 4417 919 4480 castro
946 4407 1136 4477 Dominicus
1168 4409 1232 4474 fra·

108 4523 155 4582 ter
170 4515 310 4584 sororios
326 4517 431 4602 ipsius
448 4518 599 4606 Magistri
616 4521 750 4608 Byobou
766 4522 883 4590 fuisset
893 4519 1122 4605 interemptus;
1139 4521 1232 4603 prout
