3112 5154
777 429 937 532 gog-

297 631 422 696 veniret
439 636 471 695 et
486 628 617 695 eederet
632 625 666 694 in
682 626 815 694 fluuium
836 659 1115 676 -----
1130 624 1339 694 ascendendo
1366 645 1429 709 per

300 737 407 820 ipsum
423 735 554 802 fluuium
571 754 682 802 vorsus
697 734 850 802 orientem
867 732 993 800 veniret
1002 731 1045 798 sd
1061 767 1405 781 ------
1418 757 1427 816 ;
1544 745 1546 840 ’1

298 845 373 911 inde
388 843 513 911 veniret
529 843 571 910 ud
586 849 700 926 metas,
715 842 770 911 vbi
794 840 912 909 fluuius
943 838 1177 922 Machameum
1202 837 1278 906 inde
1308 858 1428 908 aseen-

298 953 388 1020 deret
405 971 462 1038 por
478 949 616 1018 eundem
633 969 747 1017 versus
777 947 944 1016 meridiem
975 950 1010 1015 iu
1040 969 1061 1032 p
1077 984 1423 1000 -------
1546 982 1547 1024 γ

298 1071 400 1141 mete;
424 1059 501 1126 inde
516 1057 663 1126 tenderet
677 1077 735 1145 per
752 1058 890 1125 eandem
906 1057 993 1123 viam
1009 1075 1123 1124 vorsus
1140 1056 1307 1142 orientem,
1322 1092 1364 1104 -
1376 1097 1423 1107 -

297 1205 340 1218 —
359 1203 397 1214 -
416 1205 461 1218 —
477 1173 587 1234 essent
602 1173 705 1246 mete;
722 1173 754 1247 et
769 1165 815 1232 ibi
831 1165 955 1232 veniret
969 1162 1014 1230 od
1030 1163 1123 1248 alpes
1139 1181 1276 1249 mugnus
1291 1163 1345 1230 vbi
1361 1172 1427 1230 ter·
1547 1156 1548 1178 ³

301 1273 486 1344 minoretur.
509 1275 583 1359 lpse
613 1273 722 1356 itaque
752 1273 902 1340 dominus
932 1269 1107 1338 Ladistuus
1124 1311 1167 1322 -
1184 1306 1226 1319 -
1246 1309 1281 1319 -
1303 1309 1348 1322 -
1364 1269 1426 1356 tilij

300 1379 429 1448 Andree
445 1381 564 1448 dietum
581 1387 700 1446 terram
715 1381 846 1466 Nousyr
862 1380 923 1448 sub
938 1377 1059 1447 eisdem
1085 1378 1180 1446 metis
1201 1415 1235 1428 -
1257 1413 1301 1426 -
1319 1415 1359 1428 ·-
1383 1419 1424 1430 -

298 1527 341 1540 -
358 1489 452 1557 dibus
468 1510 526 1576 pro
543 1489 731 1559 oonoombio
748 1496 834 1556 terre
851 1507 908 1555 rue
925 1487 1093 1555 (thermele
1109 1487 1141 1552 in
1159 1492 1353 1572 perpetuum
1370 1485 1427 1552 de-

298 1598 398 1666 disset
413 1604 445 1664 et
461 1597 658 1664 eontulisset.
675 1597 735 1664 stb.
773 1598 892 1663 Datum
923 1597 955 1662 in
988 1595 1013 1663 Z
1028 1629 1315 1644 -----
1331 1595 1428 1662 talus

297 1703 458 1772 trioesimo
475 1710 589 1789 quarto
605 1703 659 1771 die
674 1705 804 1771 termini
820 1703 979 1790 prenotati
996 1721 1083 1770 enno
1100 1699 1230 1768 Domini
1246 1701 1425 1770 millesimo

298 1811 615 1896 quadringentesimo
630 1811 807 1880 vndeoimo.

300 2011 441 2070 (Eredstie
458 2011 587 2078 papirou,
606 2011 672 2076 igen
691 2009 869 2076 megrongtlt
888 2009 1072 2074 tiiapotbsn5
1098 2023 1116 2060 u
1134 2005 1219 2058 budni
1243 2007 1298 2060 kin.
1329 2006 1428 2058 kemu-

725 2099 769 2150 rei
787 2097 982 2164 levelttrban.)

732 2383 992 2396 mm...-

825 2917 900 2987 168.

299 3119 362 3184 IV.
394 3121 508 3212 Lu'ozlo'
539 3119 714 3204 kirdlynok
739 3099 904 3208 Depoput,
930 3119 1071 3184 Damasi
1095 3121 1126 3184 eo
1142 3117 1426 3203 Matooiflildeket

299 3231 458 3314 tdrgyoect
473 3229 658 3312 adomdoya
677 3227 790 3294 Lrirzlo
807 3229 1133 3314 eostorgomiprripoot
1148 3227 1426 3294 szctmdra.1277.

404 3421 575 3491 Ludiuinus
616 3423 679 3490 Dei
708 3423 821 3506 grnoiu
853 3422 1028 3508 Hungerie,
1061 3423 1240 3510 Dulmeoie,
1272 3421 1424 3510 Groaoie,

297 3531 408 3615 Rome,
439 3530 561 3616 Seruie,
593 3529 740 3617 Gellioie,
772 3527 970 3613 Lodomerie,
1006 3529 1162 3598 Cumanie
1200 3529 1423 3614 Burgarieque

298 3635 367 3702 Rex
398 3637 545 3705 omnibus
577 3637 695 3705 Christi
718 3637 870 3706 fidelibus
885 3645 1053 3722 presentes
1079 3636 1202 3706 litteras
1227 3639 1427 3724 inspecturis

298 3747 436 3814 sulutem
466 3745 500 3812 in
531 3748 673 3814 omnium
714 3747 889 3814 saluatore.
922 3745 972 3812 Ad
1003 3745 1224 3813 uniuersorum
1266 3745 1425 3815 noticiam

297 3851 411 3920 hurum
428 3853 512 3920 serie
528 3855 677 3921 uolumus
695 3854 876 3939 peruenire,
903 3851 990 3936 quod
1008 3851 1167 3920 discretus
1183 3853 1233 3920 uir
1263 3853 1425 3939 Magister

298 3958 472 4027 Ladinlaus
488 3961 674 4044 Propositus
689 3959 922 4044 strigoniensis
938 3959 1077 4026 dilectus
1102 3969 1135 4026 et
1164 3959 1270 4029 fidelis
1300 3969 1428 4046 noster,

298 4066 374 4134 olim
391 4066 519 4132 domino
535 4067 614 4133 Bete
630 4087 692 4134 auo
708 4075 828 4152 nostro,
844 4073 876 4133 et
892 4067 1097 4152 postmodum
1114 4068 1243 4137 domino
1255 4067 1426 4156 Stephano

297 4173 471 4242 karissimo
486 4173 572 4259 petri
587 4181 705 4256 nostro,
719 4175 862 4259 Regibus
878 4175 1065 4244 inolitarum
1080 4177 1354 4260 reoordoeionum,
1382 4195 1427 4244 eo

298 4280 427 4348 demum
443 4280 537 4349 nobis
554 4281 588 4346 in
605 4281 745 4348 diuersis
762 4282 920 4350 simultis
937 4281 1042 4367 Regni
1057 4282 1159 4354 nostri
1175 4283 1328 4367 negociis,
1353 4289 1427 4350 tom

297 4387 333 4452 in
347 4389 471 4475 Regno,
487 4405 583 4470 quom
600 4395 692 4454 extre
708 4391 856 4472 Regnum
872 4397 904 4456 et
920 4391 1107 4475 speeieiiter
1123 4391 1156 4455 in
1167 4389 1428 4458 Ourieliomsna

296 4493 401 4561 arduo
415 4515 542 4579 semper
567 4494 670 4579 Regni
701 4496 802 4563 nostri
832 4497 972 4580 negooiu
1002 4495 1231 4582 promouendo,
1264 4505 1360 4581 grets
1392 4505 1430 4565 et

297 4599 428 4666 diuersa
443 4600 581 4667 seruiois
598 4620 668 4668 oum
686 4602 773 4667 omni
791 4601 949 4669 fidelitate
966 4600 1428 4689 laudabiliterimpendisset5

296 4724 355 4778 uos
371 4713 501 4796 propter
516 4705 621 4790 ipsius
637 4707 833 4792 obsequiosa
856 4709 973 4776 merite
1003 4716 1036 4778 et
1066 4707 1230 4778 meritoria
1262 4709 1430 4795 obsequia
