3112 5154
610 455 768 560 Q

116 651 181 714 bus
197 647 344 733 Regibus
361 648 517 733 Vagarie,
534 647 719 717 felicissime
745 649 992 740 recordacionis,
1014 653 1206 740 reliquisset,
1223 663 1255 724 et

121 754 255 822 eosdem
287 754 356 821 sine
371 754 485 839 aliqua
509 754 730 824 imbecillitate
754 777 924 843 corporum
942 759 976 824 iu
994 759 1078 825 bona
1094 764 1253 848 sospitate

121 867 358 947 conservasset,
388 863 494 928 donec
523 860 620 929 iidem
646 861 716 930 Deo
747 864 889 949 propicio
921 872 952 932 et
982 865 1096 934 eodem
1127 870 1254 936 volente

121 975 238 1036 nature
270 968 414 1035 debitum
448 968 685 1055 persolvissent,
719 991 758 1038 ac
774 969 901 1038 demum
921 971 1007 1038 cirea
1023 979 1166 1040 nostram
1182 997 1250 1060 pre-

122 1075 347 1143 servacionem
363 1081 396 1140 et
412 1097 521 1144 curam
536 1096 610 1142 cum
626 1078 712 1144 omni
738 1079 865 1146 fervore
896 1078 1063 1146 fidelitatis
1095 1082 1253 1164 periciam

121 1202 180 1248 suc
212 1181 294 1250 artis
327 1182 514 1260 exibuisset.
546 1182 615 1250 Mos
644 1184 699 1268 qni
716 1205 757 1250 ex
789 1184 895 1251 officio
926 1187 1069 1272 suscepti
1086 1189 1253 1273 regiminis

125 1289 233 1356 metiri
248 1289 406 1356 debemus
417 1289 531 1356 merita
541 1291 749 1374 singulorum,
770 1299 803 1358 et
811 1292 982 1377 uuicuique
993 1293 1084 1364 iuxta
1103 1296 1251 1363 meritum

124 1397 348 1482 respondere;
380 1396 593 1465 consideratis
623 1397 750 1464 eximiis
782 1397 1001 1468 fidelidatibus
1032 1409 1065 1468 et
1080 1403 1252 1471 meritoriis

125 1505 291 1588 obsequiis
310 1503 416 1590 ipsius
449 1504 594 1588 Magistri
626 1504 776 1591 (ierardi,
808 1507 960 1591 predictis
992 1510 1252 1592 progenitoribus

124 1611 246 1680 uostris
278 1616 311 1678 et
326 1611 421 1678 nobis
451 1609 671 1678 indesinenter
690 1611 822 1678 exibitis
853 1619 885 1679 et
902 1613 1059 1700 inpensis,
1077 1633 1140 1698 que
1155 1615 1253 1700 longa

126 1723 234 1788 essem
251 1717 403 1786 ennarari
420 1738 477 1804 per
502 1718 634 1803 singula
648 1738 707 1786 suo
738 1719 843 1808 modo,
864 1719 897 1788 in
928 1720 1104 1806 aliqualem
1134 1742 1253 1790 recom-

129 1827 359 1913 pensacionem
383 1825 591 1893 serviciorum
612 1847 754 1914 suorum,
770 1848 841 1894 cum
858 1829 958 1894 multo
975 1831 1068 1913 plura
1083 1833 1115 1894 et
1129 1830 1254 1900 maiora

126 1935 296 2003 debuisset
323 1938 509 2018 promereri,
541 1931 704 2017 quandam
736 1941 854 2002 terram
884 1935 990 2003 doctri
1022 1935 1255 2020 Zagrabieusis

126 2043 260 2107 Tornoa
289 2045 451 2124 vocatum,
468 2058 507 2104 ex
531 2045 620 2106 certa
643 2041 785 2108 sciencia
800 2046 833 2110 et
847 2061 937 2108 mera
954 2042 1162 2130 liberalitate,
1179 2063 1251 2111 curn

128 2149 278 2215 omnibus
294 2147 488 2216 utilitatibus
503 2146 582 2228 suis,
603 2148 705 2214 vineis
729 2147 887 2235 videlicet,
921 2150 1124 2238 molendinis,
1157 2149 1249 2218 silvis

126 2255 243 2322 sanctis
274 2261 305 2324 et
320 2253 396 2322 aliis
426 2254 633 2340 pertinenciis
663 2254 731 2323 suis
761 2256 932 2342 universis,
962 2256 1068 2324 cidem
1096 2259 1254 2342 Magistro

127 2362 278 2430 Gerardo
303 2369 337 2430 et
367 2383 427 2448 per
457 2382 529 2428 cum
561 2363 629 2431 suis
660 2362 842 2450 heredibus,
873 2362 1093 2448 heredumque
1124 2383 1254 2434 suorum

126 2469 367 2538 successoribus
398 2467 556 2556 dedimus,
588 2469 780 2537 donavimus
795 2477 828 2538 et
844 2471 1037 2539 contulimus
1052 2471 1123 2539 iure
1140 2488 1254 2558 perpe·

129 2589 184 2646 tuo
200 2583 233 2646 et
248 2575 507 2645 irrevocabiliter
527 2576 779 2663 possidendam,
805 2583 898 2662 prout
923 2580 1026 2646 eciam
1057 2578 1138 2646 illud
1168 2579 1254 2646 idem

125 2691 158 2752 iu
170 2685 275 2772 priori
307 2683 475 2772 privilegio
501 2692 608 2752 nostro
623 2683 740 2751 exinde
755 2683 902 2752 coniecto
919 2683 1044 2770 plenius
1060 2685 1252 2769 continetur,
1311 2717 1313 2723 ·

127 2801 158 2862 et
172 2795 278 2878 ipsum
298 2792 488 2876 Magistrum
521 2791 701 2860 (letardum
721 2792 755 2866 in
786 2792 986 2878 corporalem
1016 2793 1253 2877 possessionem

129 2903 214 2968 dicte
241 2907 337 2986 terre,
366 2900 511 2985 oonsilio,
540 2899 702 2986 evasione,
735 2901 901 2968 voluntate
924 2907 956 2967 et
975 2919 1134 2968 consensu
1156 2900 1255 2966 loho-

127 3011 220 3096 olryni
254 3006 339 3075 Bani
371 3007 474 3075 tocius
506 3007 689 3076 Sclauouie.
722 3006 834 3074 dilecti
866 3014 897 3074 et
924 3006 1031 3075 fidelis
1060 3007 1171 3091 nostri,
1191 3025 1250 3090 per

130 3117 320 3202 Magistrum
352 3114 579 3202 Maufredum,
599 3113 760 3182 hominem
792 3121 947 3198 nostrum,
978 3117 1037 3182 sub
1068 3113 1252 3182 testimonio

132 3223 275 3311 Capituli
307 3223 536 3307 Zagrabiensis
569 3223 756 3290 convocatis
788 3223 936 3289 omnibns
967 3223 1197 3289 commetaneis
1223 3228 1255 3288 et

132 3333 246 3398 vicinis
278 3329 492 3417 presentibus,
524 3330 661 3414 clipeis
694 3349 733 3396 ac
764 3330 838 3398 aliis
868 3350 930 3397 uon
963 3329 1256 3398 contradicentibus

130 3440 264 3506 lecimus
294 3437 475 3522 introduci,
499 3442 618 3504 terram
650 3437 787 3504 eandem
813 3457 834 3503 a
863 3437 1090 3528 iurisdicclonc
1120 3437 1255 3504 Comitis

130 3545 371 3631 Zagrabiensis,
388 3552 419 3610 et
450 3546 631 3612 marturinis
649 3565 688 3612 ac
703 3545 847 3614 collectis
876 3545 1017 3628 antiquis
1034 3565 1091 3612 seu
1110 3544 1153 3612 de
1168 3566 1255 3612 novo

129 3653 280 3739 inpositis
295 3660 329 3719 et
344 3650 547 3740 inponendis,
565 3659 597 3720 et
613 3653 899 3738 septumdenariis
915 3655 1030 3720 annuis
1046 3655 1137 3720 Bono
1163 3652 1252 3719 debi-

129 3761 180 3849 tis,
191 3760 377 3830 omnimode
388 3760 581 3846 etplcnarie,
592 3761 732 3828 omnium
743 3761 905 3828 Beronum
922 3769 1101 3830 nostrorum
1117 3759 1253 3826 consilio

132 3868 300 3936 eximendo
317 3875 349 3934 et
359 3869 487 3954 penitus
502 3867 682 3936 liberando.
698 3869 783 3936 Mete
799 3867 901 3934 eciam
917 3875 1001 3935 terro
1012 3867 1147 3954 prefate,
1159 3871 1254 3953 prout

129 3977 159 4042 in
177 3975 297 4045 litteris
328 3975 404 4042 dicti
422 3975 565 4061 Capituli
591 3975 730 4044 vidimus
750 3977 914 4064 contineri,
932 3975 993 4044 hoc
1008 3974 1121 4044 ordine
1133 3975 1252 4043 'distin-

124 4091 244 4170 guntur
260 4111 268 4151 :
285 4083 397 4150 Prima
420 4084 542 4150 scilicet
566 4091 652 4150 meta
679 4084 842 4175 incipite
873 4092 967 4169 parte
995 4083 1201 4154 meridionali
1235 4101 1256 4147 a
1369 4102 1371 4106 ·

125 4191 266 4276 quadam
299 4193 415 4260 arbore
445 4191 541 4277 ylicis
569 4199 601 4259 et
616 4191 779 4278 protendit
809 4212 866 4278 per
881 4193 1042 4276 quendam
1062 4193 1200 4259 rivulum
1220 4195 1253 4255 et

128 4299 276 4384 pervemt
307 4300 351 4367 ad
382 4299 543 4385 quendam
568 4303 716 4367 truncum
732 4305 970 4385 castanearum,
988 4299 1042 4366 ubi
1074 4298 1197 4383 regirat
1213 4297 1256 4363 ad

128 4407 306 4493 meridiem,
330 4415 362 4473 et
382 4427 439 4496 per
469 4409 633 4494 quandam
667 4409 815 4476 semitam
847 4409 1063 4492 graminosum
1095 4403 1258 4492 protendit

129 4515 253 4583 duecte
270 4535 383 4586 versus
400 4518 572 4585 ecelesiam
588 4518 750 4602 quandam
784 4516 879 4584 sitam
896 4519 928 4582 iu
960 4517 1082 4582 lrouorc
1111 4512 1255 4598 Virginis

125 4621 287 4710 Gloriose3
304 4623 421 4692 deinde
437 4625 607 4694 revertitur
617 4625 660 4694 ad
670 4625 825 4694 orientem
837 4632 868 4692 et
878 4625 1025 4710 pervenit
1042 4619 1083 4690 ad
1099 4620 1256 4710 quasdam

125 4735 261 4803 arbores
292 4733 362 4820 piri,
377 4754 459 4818 quae
490 4737 621 4804 arbores
653 4734 816 4806 transiens
840 4753 898 4822 per
915 4731 1056 4802 medium
1083 4731 1183 4799 currit
1198 4749 1255 4816 per
