3148 5164
778 317 873 411 meet

269 510 394 594 ecdem,
412 510 593 576 litterarum
610 509 794 576 testimonio
810 507 954 575 solidari.
970 509 1112 577 Proinde
1124 511 1167 577 ad
1180 513 1411 579 vninersorum

270 617 426 684 noticiam
443 615 557 698 harum
574 617 657 684 serie
673 617 820 683 volumus
837 617 1018 703 peruenire,
1050 618 1139 702 quod
1156 619 1205 686 vir
1232 619 1412 705 religiosus

271 721 422 792 dominns
439 723 539 791 frater
555 723 678 792 Paulus
694 723 817 791 Diuina
830 723 1043 809 prouidencia
1069 726 1182 792 Abbas
1215 727 1412 813 Monasterij

271 833 313 899 dc
328 833 448 902 Sancto
464 832 635 902 Gotbardo
652 833 693 900 ad
711 839 853 900 nostram
872 833 1089 917 personaliter
1116 835 1306 902 accedendo
1338 856 1412 922 pre·

274 941 426 1023 senciam,
459 940 607 1007 exhibuit
622 941 716 1007 nobis
731 941 891 1025 quasdam
927 940 1053 1008 litteras
1081 941 1309 1026 priuilegiales
1336 963 1413 1011 con·

273 1045 350 1111 dam
367 1043 488 1114 domini
504 1047 634 1114 Andrce
650 1045 787 1113 illustris
803 1045 901 1129 Regis
912 1045 1094 1131 Hungarie,
1110 1047 1291 1133 Daimaeie,
1309 1050 1411 1118 Oroa-

272 1153 323 1219 cie
339 1158 398 1221 etc.
417 1152 521 1220 felicis
537 1153 787 1236 recordacionis,
806 1159 919 1237 petens
937 1173 996 1219 nos
1014 1151 1130 1220 humili
1147 1173 1221 1220 cnm
1233 1155 1411 1244 instancia,

272 1265 308 1325 ut
324 1257 457 1326 easdem
474 1259 516 1326 de
532 1259 630 1327 uerbo
647 1259 690 1326 ad
709 1260 841 1326 uerbum
868 1261 1069 1343 transscribi,
1096 1261 1413 1349 transscriptnmque

274 1367 453 1434 earundem
495 1367 645 1434 similiter
686 1367 799 1433 litteris
838 1367 958 1434 nostris
998 1366 1264 1453 priuilegialibus
1296 1371 1415 1453 inseri,

273 1481 449 1558 nostroque
482 1473 593 1556 sigillo
624 1475 787 1540 autentico
818 1474 1017 1538 communire
1049 1473 1156 1540 facere
1186 1475 1411 1560 dignaremur.

272 1581 416 1660 Quarum
433 1589 524 1650 tenor
540 1579 617 1648 talis
634 1587 701 1648 est:

381 1689 419 1754 In
458 1689 586 1756 nomine
626 1689 746 1756 Sancte
777 1687 949 1754 Trinitatis
981 1695 1013 1754 et
1043 1688 1219 1757 Indiuidue
1253 1691 1413 1760 Unitatis.

274 1796 424 1862 Andreas
440 1797 500 1862 stb.
518 1793 733 1882 (kbvetlrezik
749 1797 791 1862 Il.
807 1794 915 1862 Endre
940 1796 1120 1881 kirtlynak
1146 1797 1295 1886 Edelyeh
1321 1800 1411 1886 hely-

274 1906 367 1987 seget
383 1907 540 1990 targyazb
555 1901 760 1988 adomanya3
786 1903 867 1968 mint
882 1901 1164 1988 Okmtnytarnnk
1180 1905 1235 1969 VI.
1254 1906 1372 1991 vagyis
1389 1927 1422 1972 a-

275 2010 427 2078 mmodik
444 2010 565 2098 folyam
581 2011 606 2076 1.
623 2009 800 2078 kbtetbbcn
817 2013 893 2080 367.
910 2009 946 2094 l.)

383 2117 450 2184 Nos
467 2117 565 2204 igitur
581 2116 674 2184 iustis
692 2125 724 2185 et
739 2117 897 2202 legitimis
907 2117 1128 2204 peticionibus
1140 2117 1287 2186 ciusdem
1299 2119 1416 2187 fratris

277 2224 370 2291 Panli
386 2225 523 2292 Abbatis
539 2224 766 2292 fauorabiliter
781 2224 943 2310 inclinati,
976 2221 1143 2310 predictas
1158 2225 1286 2292 litteras
1312 2229 1413 2310 priui-

277 2331 414 2418 legialcs
430 2333 593 2416 prenotati
609 2331 730 2400 domini
748 2331 880 2398 Andros
897 2331 997 2417 Regis
1014 2331 1193 2415 Hungarie,
1227 2339 1264 2398 vt
1288 2336 1414 2419 prefer·

278 2447 341 2524 tur,
359 2438 453 2506 nobis
468 2437 563 2506 modo
579 2441 738 2524 premisso
754 2439 931 2525 exhibitas,
949 2459 1012 2506 non
1032 2440 1179 2524 abrasas,
1196 2459 1264 2506 non
1283 2443 1412 2509 canoel·

277 2544 375 2631 latas,
391 2565 451 2612 neo
468 2545 501 2612 in
518 2545 630 2630 aliqua
647 2551 741 2630 parte
756 2545 898 2612 viciatas
913 2545 955 2612 de
973 2547 1072 2612 uerbo
1088 2546 1131 2611 ad
1148 2547 1286 2612 uerbum
1305 2555 1412 2615 trans-

279 2653 386 2738 scribi,
402 2652 717 2737 transscriptumque
734 2651 908 2719 earundem
926 2651 1129 2737 presentibus
1147 2650 1266 2719 litteris
1293 2656 1415 2723 nostris

279 2759 463 2845 modoque
490 2779 589 2847 supra
619 2759 766 2827 similiter
798 2757 1061 2844 priuilegiclibns
1094 2758 1203 2846 inseri,
1234 2767 1414 2848 nostroque

278 2866 390 2952 sigillo
428 2867 593 2934 autentico
632 2865 823 2934 communiri
862 2863 997 2932 fecimus
1031 2867 1161 2932 cautela
1191 2887 1251 2951 pro
1285 2869 1414 2936 maiori.

278 2975 399 3042 Datum
418 2973 501 3041 feria
517 2973 620 3040 tercia
633 2972 784 3058 proxima
799 2978 875 3062 ante
891 2971 1007 3040 festum
1024 2971 1124 3038 Beate
1139 2972 1239 3039 Lucia
1274 2975 1416 3060 virginis

279 3087 312 3147 et
327 3079 470 3147 martiris
486 3100 572 3147 anno
588 3080 719 3149 Domini
736 3079 908 3148 millesimo
926 3075 1179 3166 (ducentesimo)
1195 3082 1420 3167 nonagesimo

278 3196 404 3271 quarto.

281 3385 419 3446 (Eredetic
437 3385 619 3448 bb'rhcirtyin,
638 3385 876 3450 hartyaasinegen
895 3386 983 3451 fbggb
1011 3387 1106 3452 penset
1133 3385 1223 3450 alntt3
1254 3401 1273 3437 a
1300 3387 1436 3439 roualt„

530 3475 649 3538 herczeg
663 3473 820 3537 Batthyani
840 3473 935 3524 csalad
953 3473 1164 3538 leveltAraban.)
