3096 5160
875 941 949 1010 399.

343 1144 533 1208 Adalccsar'
547 1141 776 1226 ltdptalanuak
792 1141 1068 1225 bizouyso'pleuele,
1095 1141 1177 1228 bopy
1205 1142 1300 1209 Pelso·
1334 1143 1456 1228 Raptus

345 1251 462 1318 Milton
479 1253 510 1314 ds
526 1247 661 1336 Garpely
676 1251 823 1334 dizonyos
841 1249 1150 1334 eppenetlenstipekre
1166 1251 1453 1316 necveJalratneru
1521 1283 1522 1330 p

604 1354 853 1440 fiildmo'ueldoel
868 1356 1079 1440 oppezdedtek.
1105 1355 1201 1421 1289.

487 1553 514 1617 A
651 1551 678 1615 Β
813 1551 837 1617 G
973 1551 1003 1615 D
1139 1553 1165 1618 Ε
1302 1555 1327 1619 F
1386 1598 1391 1608 ·

448 1660 633 1744 Capitulum
652 1658 840 1726 Colocensis
858 1658 1002 1725 Ecclesie
1018 1657 1166 1726 omnibus
1182 1659 1302 1726 Christi
1320 1661 1452 1727 fidelibus

342 1775 523 1854 presentem
555 1767 709 1853 peginam
736 1765 930 1850 inspecturis
943 1766 1078 1832 salutem
1096 1767 1128 1832 in
1145 1767 1293 1834 Domino.
1333 1768 1380 1834 Ad
1398 1767 1454 1832 rni-

340 1895 504 1942 ucrsorum
537 1875 689 1941 noticiam
730 1874 842 1938 barum
883 1874 965 1939 serie
991 1874 1139 1942 uolumus
1170 1875 1351 1964 peruenire,
1381 1873 1453 1958 quod

340 1983 514 2050 Nicbolaus
527 1988 559 2048 et
569 1981 743 2066 Gregorius
761 1979 816 2064 filij
835 1979 951 2046 Marini
969 1980 1010 2045 de
1027 1979 1192 2065 Superiori
1208 1983 1345 2066 Regnek
1361 2003 1452 2048 coram

341 2091 489 2158 discretis
505 2089 584 2157 viris
601 2087 728 2154 dilectis
745 2088 899 2155 fratribus
917 2088 1045 2174 nostris,
1063 2087 1216 2154 uidelicet
1242 2090 1330 2174 Elya
1358 2089 1453 2156 Archi.

341 2199 492 2282 diacono,
525 2197 701 2264 Vincentio
717 2197 902 2264 Presbitero
923 2196 1001 2272 Vico
1016 2197 1263 2283 Archidioeono,
1281 2200 1413 2265 Martino
1428 2207 1454 2262 et
1523 2213 1524 2282 l

342 2307 498 2390 Gregorio
514 2305 690 2391 Magistris,
707 2304 908 2390 presentibus
936 2324 1032 2384 cuam
1063 2305 1210 2390 plurimis
1243 2306 1453 2390 iobagicnibus

341 2412 484 2484 eiusdem
501 2411 587 2496 uille,
605 2432 664 2479 nec
684 2432 747 2478 non
764 2411 915 2478 Johanne
936 2411 1055 2477 Uillieo
1071 2413 1286 2497 personaliter
1297 2413 1454 2491 constituti,

341 2523 521 2590 retulerunt
552 2520 683 2587 oraculo
715 2519 789 2588 uiue
819 2520 919 2606 uocis,
951 2520 1035 2604 quod
1076 2521 1266 2588 Leonardus
1307 2520 1453 2607 quondam

341 2629 478 2698 Uillicus
510 2627 595 2694 filius
626 2627 739 2696 Jacobi
766 2625 806 2693 de
823 2625 1031 2712 possessione
1057 2633 1195 2713 paterna
1210 2629 1326 2695 relicta
1339 2631 1379 2696 ab
1393 2632 1452 2713 ipso

341 2739 475 2823 lilarino,
492 2755 554 2818 qne
571 2733 732 2819 quondam
749 2757 790 2801 cx
814 2733 993 2802 donacionc
1024 2735 1140 2802 Jacobi
1172 2738 1274 2822 patris
1307 2733 1452 2804 Leonardi

338 2855 522 2915 accesserat
551 2845 678 2913 Marino
710 2851 895 2930 memorato,
942 2845 1100 2912 satisfecit
1131 2846 1225 2932 plene
1256 2869 1314 2932 per
1353 2847 1452 2914 omnia

340 2954 549 3038 restituendo,
567 2963 598 3020 et
614 2954 675 3020 hoo
691 2959 757 3020 tarn
777 2954 809 3018 in
828 2953 941 3040 vineis,
968 2973 1064 3038 quam
1096 2953 1130 3019 in
1161 2955 1256 3021 terris
1288 2955 1454 3022 arabilibus

339 3070 371 3132 et
388 3063 484 3128 tundo
512 3063 608 3146 curie,
627 3069 658 3126 et
675 3061 777 3126 tribus
795 3061 944 3127 domibus
961 3059 1080 3127 ibidem
1099 3061 1289 3128 hedificatis.
1315 3065 1455 3130 Preterea

340 3192 438 3257 super
455 3173 579 3238 lesione
596 3170 689 3256 pedis
717 3168 865 3252 Gregori,
898 3190 994 3254 quam
1023 3171 1057 3236 in
1088 3171 1279 3256 captiuitate
1310 3169 1455 3239 Leonardi

340 3280 464 3364 positus
495 3299 551 3364 per
582 3279 684 3364 yemis
716 3279 926 3362 asperitatem
958 3275 1101 3360 incurrit,
1130 3277 1193 3344 sibi
1210 3278 1335 3346 duabus
1350 3280 1455 3346 marcis

339 3387 445 3454 minus
461 3387 586 3451 fertone
603 3385 742 3469 acceptis
760 3383 928 3450 confessus
945 3391 995 3450 est
1010 3384 1111 3451 fuisso
1127 3383 1338 3456 satisfactum.
1371 3386 1456 3452 Vnde

337 3493 514 3562 Nicholans
546 3499 577 3556 et
609 3491 786 3576 Gregorius
817 3491 881 3557 iam
915 3491 1052 3576 predicti
1085 3501 1330 3578 assumpserunt
1355 3515 1454 3561 coram

339 3601 492 3686 predictis
524 3599 678 3666 iratribus
709 3601 840 3682 nostris,
874 3599 960 3684 quod
991 3619 1146 3684 processu
1182 3601 1338 3687 temporis
1369 3621 1458 3687 super

338 3709 495 3774 diuisione
513 3709 759 3794 possessionum,
778 3715 810 3772 et
826 3707 919 3790 pedis
936 3707 1060 3784 lesione
1077 3707 1224 3790 Gregori‚
1250 3731 1311 3776 nec
1325 3710 1387 3796 ipsi
1404 3729 1457 3775 nec

339 3815 459 3901 posteri
475 3834 584 3880 eorum
601 3821 713 3880 contra
729 3813 936 3880 Leonardum
955 3821 986 3880 et
1002 3816 1136 3882 fratrem
1163 3836 1256 3882 suum
1287 3819 1459 3884 tiliorumue

338 3943 541 3991 successores
573 3923 699 4006 possint
730 3921 872 4005 aliquam
915 3941 1045 3988 mouere
1077 3923 1298 4010 questionem
1322 3933 1354 3992 et
1384 3927 1462 3992 banc

338 4032 526 4098 diuisionem
544 4030 783 4114 possessionum
801 4037 834 4095 et
852 4029 966 4096 scriem
985 4031 1120 4106 tocicirrs
1137 4029 1224 4120 (lgy)
1251 4031 1462 4100 ordinacionis

338 4141 462 4226 prefate
493 4137 607 4204 fratres
639 4139 740 4204 nostri
765 4139 944 4204 retulerunt
971 4158 1079 4203 coram
1095 4139 1197 4207 nobis.
1215 4145 1463 4226 Assumpserunt

337 4247 440 4316 eciam
458 4245 632 4326 Gregorius
649 4253 681 4310 et
696 4244 886 4332 Nicholaus,
904 4246 990 4329 quod
1008 4247 1117 4329 siquis
1135 4254 1248 4314 contra
1265 4249 1462 4318 Leonardum

242 4407 245 4432 ,
339 4355 391 4420 uel
422 4353 552 4417 fratrem
586 4354 655 4418 eius
672 4351 866 4418 heredumuc
883 4373 1090 4420 successores
1107 4373 1204 4438 snper
1220 4355 1382 4426 diuisione
1399 4379 1463 4445 pos·

337 4461 514 4528 sessionum
532 4459 584 4525 uel
616 4459 737 4524 lesione
769 4459 862 4543 pedis
895 4457 1049 4543 Gregrori
1082 4463 1251 4529 materiam
1285 4466 1463 4548 qurestionis

303 4569 307 4578 '
337 4573 489 4652 moueret,
519 4567 659 4652 proprijs
691 4567 857 4634 laboribus
889 4573 921 4632 et
953 4569 1107 4654 expensis
1141 4572 1305 4658 expedire.
1331 4575 1463 4661 Insuper
