3124 5152
462 229 465 238 ’
584 277 743 394 ..aa

115 493 174 542 rum
201 471 286 542 iuxta
319 474 424 562 Regni
455 477 722 546 consuetudinem
754 480 967 565 approbatam
1001 471 1222 559 sufficientem,

115 589 348 650 commetaneam
366 591 398 650 'et
415 584 556 652 vicinam
572 585 667 653 terris
684 583 836 655 villarum
853 588 971 678 Pezye,
990 589 1142 657 videlicet
1152 601 1223 673 pos·

114 689 253 757 sessionis
270 689 415 758 eiusdem
432 691 563 760 domine
578 701 610 760 et
626 691 685 778 filij
704 693 767 779 sui,
793 693 958 781 Kisfalud,
990 696 1123 783 Siweyn
1154 715 1227 782 pos·

113 797 250 866 sessionis
278 799 434 883 Magistri
464 799 603 868 Petbrus
635 799 799 884 antedicti,
832 809 864 868 et
895 805 1033 872 aliorum
1058 802 1226 886 nobilium,

114 905 209 991 lrrrcb,
225 904 340 989 Keghe
356 907 575 992 possessionis
591 895 739 975 Ecclesie
771 916 890 996 nostre,
916 915 949 978 et
978 911 1057 978 ville
1087 911 1225 996 Bereyn,

113 1013 251 1098 Magistro
265 1013 407 1083 Pethrus
432 1017 597 1084 antedicto
624 1015 755 1102 suisque
786 1039 845 1102 per
876 1039 949 1086 enm
981 1020 1224 1088 suecessoribus

112 1140 160 1205 pro
173 1119 387 1206 quadraginta
403 1123 520 1191 marcis
537 1123 593 1190 fini
609 1124 739 1209 argenti
758 1123 879 1192 habitis
897 1129 992 1212 plene
1009 1129 1050 1194 ab
1068 1126 1181 1194 eodem
1194 1129 1226 1192 et

112 1229 242 1317 reoepb‘s,
256 1231 334 1315 alijs
351 1232 584 1298 commetaneis
601 1238 633 1298 et
649 1231 765 1299 vicinis
781 1233 1052 1322 permittentibus,
1083 1241 1117 1302 ut
1134 1233 1224 1302 dixe-

112 1343 183 1422 mnt,
198 1344 227 1403 et
242 1337 314 1405 sine
329 1339 512 1424 cuiuspiam
527 1339 708 1424 preiudicio
719 1340 947 1408 vendidissent
958 1348 990 1408 et
1001 1343 1222 1426 asigoassent,

110 1441 189 1512 saluo
204 1443 272 1512 iore
289 1453 405 1514 nostro
421 1447 590 1534 existente,
607 1467 666 1532 per
682 1447 787 1533 ipsum
803 1447 997 1532 Magistrum
1014 1447 1165 1537 Pethrns,
1191 1455 1224 1515 et

111 1548 236 1618 eiusdem
252 1552 392 1622 heredes
409 1553 606 1623 beredumve
623 1573 828 1622 successores
852 1553 1038 1623 habendam
1070 1563 1225 1642 perpetuo

110 1661 136 1722 et
148 1657 420 1744 inrefragabiliter
435 1661 677 1748 possidendam.
702 1659 969 1747 Assumpmentes
986 1670 1017 1730 et
1040 1682 1076 1730 se
1092 1661 1224 1729 firmiter

25 1797 26 1836 ι
112 1763 287 1856 obligantes,
306 1767 435 1853 quodsi
452 1787 608 1853 processu
623 1775 802 1854 temporum
819 1768 976 1854 Magister
985 1767 1123 1837 Pethrus
1134 1787 1225 1856 sepe·

25 1883 27 1950 r
111 1867 202 1940 dictos
231 1875 347 1944 eiusne
378 1895 582 1944 soccessores
612 1895 708 1962 super
738 1873 887 1961 predicta
917 1876 1127 1962 possessione
1158 1895 1218 1963 per

25 1961 27 2052 ἶ
109 1981 277 2066 qnempiam
296 1981 339 2050 de
352 1983 567 2066 generacione
582 1983 635 2050 vel
667 1983 867 2068 cognatione
897 1981 1001 2069 ipsius
1033 1981 1162 2052 domine
1192 1991 1225 2051 et

25 2095 26 2114 ¹
108 2083 167 2153 eius
180 2086 236 2175 filij
254 2089 479 2176 impeterentur
495 2099 551 2158 aut
567 2090 754 2174 aliqualiter
769 2099 975 2178 vexarentur,
991 2091 1133 2176 exeeptis
1149 2110 1224 2159 ceu-

106 2189 145 2259 sis
159 2214 212 2281 per
227 2197 392 2282 quoslibet
408 2199 608 2266 extrinsecus
624 2199 765 2285 orituris,
783 2197 885 2281 ijdem
901 2219 941 2265 ae
956 2197 1104 2286 ipsorum
1119 2205 1223 2285 poste·

106 2300 205 2371 ritates
221 2311 396 2372 teneantur
411 2306 565 2391 expedire
580 2305 721 2392 proprijs
739 2303 905 2372 laboribus
923 2312 954 2372 et
966 2304 1125 2390 expensis.
1138 2307 1224 2374 Mete

106 2413 201 2478 entem
217 2417 250 2478 et
266 2413 398 2480 termini
413 2413 559 2498 predicte
574 2414 792 2498 possessionis
817 2433 838 2479 a
863 2413 959 2480 terris
991 2413 1222 2482 commetaneis

106 2517 313 2600 predictarum
328 2517 487 2606 villarum,
521 2522 604 2588 siout
628 2521 722 2588 ambe
751 2527 862 2607 perles
896 2519 990 2589 nobis
1020 2520 1224 2589 concorditer

105 2625 281 2715 retulerunt,
298 2627 412 2694 taliter
428 2625 646 2712 distinguntur
663 2647 703 2694 ac
730 2633 924 2714 separantur
948 2651 956 2692 :
989 2625 1110 2713 Incipit
1136 2628 1223 2694 enim

104 2731 198 2814 prima
212 2738 301 2801 meta
316 2751 338 2799 a
354 2741 449 2818 parte
467 2733 641 2818 eqnillcnis
657 2735 749 2802 iuxta
766 2739 884 2800 terram
901 2732 1041 2801 Fabiani
1071 2733 1132 2819 filij
1164 2733 1222 2799 Pe-

104 2839 161 2904 twd
176 2839 310 2929 Siwcyn
334 2846 485 2908 vocatam
511 2860 613 2928 prope
643 2861 764 2926 aquam
796 2839 898 2927 Saer;
923 2849 956 2908 et
986 2839 1063 2909 inde
1093 2859 1223 2927 progre-

104 2941 210 3013 diendo
225 2947 321 3014 radit
335 2947 458 3015 directe
483 2968 556 3015 cum
584 2947 745 3015 continuis
778 2947 864 3016 binis
895 2947 990 3016 metis
1022 2946 1066 3014 ad
1096 2951 1223 3032 partem

104 3054 295 3137 orientalem,
324 3061 357 3123 et
387 3056 522 3140 attingit
553 3063 672 3124 terrem
702 3057 849 3124 Ecclesie
878 3055 1085 3124 Waohiensis
1115 3053 1221 3122 Irwch

103 3168 255 3250 voutam,
271 3161 327 3231 vbi
345 3163 464 3230 transit
494 3163 657 3246 quendam
688 3163 831 3250 fluuium,
864 3163 921 3246 qui
953 3162 1042 3230 venit
1072 3161 1114 3230 de
1144 3161 1224 3228 villa

103 3267 211 3358 Perre,
229 3279 263 3337 et
278 3273 438 3356 percurrit
454 3275 556 3337 totam
574 3269 711 3338 eandem
728 3276 847 3338 terram
864 3269 982 3336 Adand
999 3288 1057 3356 per
1069 3267 1221 3356 medinm,

102 3375 181 3444 eirca
195 3396 290 3461 quern
307 3383 384 3446 sunt
408 3383 505 3461 prata
530 3397 652 3462 magna
683 3383 716 3444 et
747 3377 877 3461 seneta3
901 3375 978 3442 inde
1009 3375 1223 3462 progrediens

101 3481 260 3566 paululum
276 3483 321 3551 ad
337 3481 474 3552 eandem
500 3495 630 3569 partem
656 3483 846 3552 orientalem
878 3481 1028 3551 aseendit
1061 3481 1222 3567 quendam

101 3597 246 3680 montem,
263 3592 356 3660 iuxta
371 3612 465 3677 qoem
482 3597 559 3660 snnt
576 3592 638 3660 due
654 3591 768 3678 valles,
793 3591 827 3657 in
843 3612 907 3677 quo
924 3595 1031 3657 monte
1047 3610 1105 3675 per
1121 3587 1224 3674 longi·
1307 3625 1308 3628 =

101 3698 240 3766 tudinem
254 3699 382 3768 directe
398 3699 606 3786 peragrando
622 3699 771 3784 peruenit
787 3700 830 3766 ad
846 3705 967 3766 terram
984 3697 1062 3766 ville
1093 3695 1222 3782 Kegbe,

100 3805 332 3888 possessionem
349 3806 494 3875 Ecclesia
511 3814 629 3893 nostre,
646 3808 701 3874 vbi
718 3812 792 3874 sunt
817 3807 879 3873 due
910 3809 995 3872 mete
1026 3802 1221 3888 angulares;

101 3917 211 3992 postca
225 3913 398 3982 reflectitur
414 3911 456 3979 ad
472 3921 601 4000 partem
615 3913 872 4000 meridionalem,
902 3919 934 3978 et
959 3911 1053 3978 iuxta
1084 3899 1222 3976 eandem

100 4023 214 4087 terram
230 4021 344 4106 Kegbe
359 4020 578 4107 percurrendo
594 4040 665 4088 cum
684 4019 847 4088 continuis
863 4019 956 4085 metis
972 4017 1064 4085 radit
1089 4015 1132 4082 ad
1158 4023 1220 4082 ter·

99 4143 164 4192 ram
180 4147 298 4212 magne
313 4127 390 4195 ville
405 4129 544 4216 Bereyn,
561 4126 617 4196 rbi
634 4131 709 4195 sunt
725 4125 788 4194 due
805 4133 889 4192 mete
905 4124 1056 4192 similiter
1082 4124 1221 4207 anguls·

100 4252 168 4320 res;
192 4235 268 4302 inde
283 4239 399 4305 iterum
413 4237 554 4305 flectitur
568 4237 611 4304 ad
627 4242 754 4322 partem
785 4234 1033 4317 occidentalem,
1064 4240 1097 4301 et
1129 4235 1222 4299 iuxta

99 4341 231 4410 eandem
246 4351 367 4410 terram
383 4345 463 4412 ville
479 4345 606 4435 Bereyn
637 4341 803 4426 vergendo
835 4361 908 4410 eum
942 4341 1105 4410 continuis
1138 4339 1224 4406 binis

98 4449 192 4515 metis
220 4451 309 4517 venit
338 4449 381 4517 ad
405 4456 525 4517 terram
556 4449 634 4518 ville
665 4449 781 4536 Pezye,
811 4449 1049 4534 possessionem
1080 4443 1225 4511 eiusdem

98 4553 224 4628 domine
239 4563 272 4626 et
286 4557 449 4628 Jobanois
463 4557 520 4652 filij
539 4555 590 4624 sui
606 4553 772 4646 antedicti,
787 4554 843 4624 vbi
861 4555 964 4624 eciam
982 4551 1224 4700 suntdp‘smete

1049 4659 1090 4736 18
1107 4735 1114 4756 ,
