3112 5154
582 225 733 324 mr-

98 410 269 499 multiplica
286 413 445 497 obsequia
461 417 657 485 venerabilis
673 417 777 503 patris
794 419 975 504 Thymotei,
1004 420 1239 488 miseracione·

97 519 205 586 Divina
236 521 394 609 Episcopi
410 521 652 610 Zagrabiensis,
673 512 783 593 dilecti
800 531 832 593 et
847 524 954 594 fidelis
970 527 1084 608 nostri,
1102 527 1240 612 quibus·-

98 625 171 693 idem
187 629 220 694 in
235 629 345 714 Regni
360 633 462 699 nostri
479 631 632 719 negociis,
648 637 798 701 etcoram
813 633 931 701 Nostro
947 633 1129 700 Maiestatis
1147 653 1221 702 ocu·

97 733 268 820 lisabsque
299 738 415 821 aliquo
447 737 638 806 offensionis
670 739 821 824 scrupulo
853 739 977 808 studuit
995 739 1221 826 multipliciter

100 843 303 933 complacere,
330 845 548 933 attendentes,
579 849 791 930 volentesque
822 848 863 913 ob
894 847 954 913 hoc
986 847 1090 915 eidem
1122 846 1221 930 digne

98 953 367 1020 remuneracionis
383 953 540 1022 beneticio
556 955 762 1042 respondere,
780 952 855 1023 licet
867 963 1016 1041 respectu
1035 958 1117 1042 eius,
1134 954 1221 1040 quod

98 1059 134 1128 etl
148 1079 280 1146 presens
297 1059 363 1129 sibi
380 1061 586 1151 conterimus,
604 1061 739 1146 pociora
769 1069 957 1148 mereretur,
976 1063 1009 1129 in
1040 1063 1220 1146 aliqualem
1240 1103 1242 1110 ·

97 1173 192 1234 umen
233 1168 576 1254 recompensacionem
615 1169 760 1236 fidelium
802 1171 1028 1253 obsequiorum
1070 1169 1215 1238 eiusdem

97 1275 246 1359 Episcopi,
263 1275 307 1342 ds
323 1277 487 1343 Baronum
503 1283 682 1344 nostrorum
698 1275 833 1344 consilio
859 1285 891 1344 et
906 1296 1052 1364 assensu,
1081 1277 1216 1346 contuli·

98 1403 157 1450 mus
178 1383 249 1470 sibi,
267 1391 302 1452 et
318 1403 378 1471 per
404 1405 476 1452 eum
493 1383 703 1472 Episcopatui
729 1384 953 1473 Zagrabicnsi,
970 1385 1162 1453 Gomitatnm
1179 1384 1219 1451 de

99 1487 273 1579 Guersente,
290 1512 366 1559 curn
384 1492 521 1558 collecta
538 1491 789 1560 marturinarum
805 1500 837 1560 et
862 1501 987 1578 septem
1014 1491 1219 1560 denariorum

98 1598 268 1684 urendum,
302 1597 492 1666 habendum
510 1606 542 1665 et
557 1597 787 1684 possidendum
804 1606 958 1686 perpetuo
974 1604 1005 1666 et
1020 1598 1219 1666 inrevocabi-

99 1703 173 1788 liter,
188 1707 327 1791 pacifico
344 1713 377 1773 ct
394 1707 511 1791 quiete,
526 1707 560 1773 in
576 1708 636 1774 illa
651 1713 683 1774 et
699 1703 813 1775 eadem
830 1705 987 1792 libertate,
1004 1725 1069 1792 qua
1091 1725 1230 1792 posses·

98 1811 191 1880 siouee
207 1819 239 1880 et
255 1814 338 1880 dicti
363 1813 476 1900 populi
494 1815 708 1903 Episcopatus
735 1812 967 1899 Zagrabiensis
983 1836 1004 1883 a
1018 1813 1232 1900 temporibus·

97 1927 266 1988 sauctorum
283 1921 550 2008 predecessorum
565 1929 758 2008 nostrorum,
773 1923 951 1991 illustrium
967 1921 1091 2006 Regum
1103 1921 1212 2004 Vuga·

97 2027 136 2093 rie
144 2030 362 2111 gratulantur.
378 2028 576 2116 Statueutes,
593 2029 751 2113 quodnec
765 2028 875 2097 Banus
892 2027 1066 2096 Solanonie
1082 2027 1230 2095 racione·

98 2134 219 2204 collecte
234 2137 491 2204 marturinamm
509 2143 542 2203 et
557 2144 682 2222 septem
702 2136 906 2204 denariorum
925 2157 963 2205 ac
985 2137 1216 2222 aulusinarum,

99 2247 124 2305 et
136 2243 280 2311 similiter
315 2243 473 2328 Magister·
504 2243 761 2312 Tauarnicorum
778 2251 969 2331 nostrorum,
985 2244 1117 2310 racione
1132 2241 1218 2309 eius·

99 2349 160 2416 lem
175 2351 313 2418 collecte
329 2355 452 2437 septem
469 2351 674 2420 denariorum
691 2349 730 2418 de
762 2352 833 2437 ipso
866 2349 1028 2418 Comitatu
1044 2349 1086 2415 de
1117 2347 1216 2416 Goer-

99 2463 177 2524 seute
206 2457 483 2544 proveniensium,
514 2459 695 2544 predictum
727 2460 926 2548 Episcopum
957 2467 990 2525 et
1009 2476 1218 2526 successores

101 2583 163 2630 suos
177 2573 370 2650 presumant
388 2567 439 2632 vel
465 2564 604 2634 debeant
635 2566 816 2633 molestare.
836 2565 879 2631 Et
908 2563 1040 2652 insuper
1071 2563 1232 2632 universi*

100 2671 197 2754 populi
211 2671 246 2739 in
264 2673 381 2742 eodem
398 2671 561 2740 comitatu
577 2673 618 2739 de
634 2669 812 2739 Guersento
837 2671 1023 2753 existentes,
1045 2688 1106 2737 nec
1122 2671 1216 2754 Bari,

100 2795 149 2844 nec
162 2777 315 2848 lodicum
330 2798 461 2846 suorum
475 2777 595 2846 iudicio
610 2777 644 2844 in
660 2778 775 2864 quovis
799 2777 937 2844 articulo
952 2775 1093 2843 debeant
1109 2775 1216 2844 subia-

102 2903 172 2972 oere;
185 2907 257 2954 cum
274 2887 385 2973 ipsum
401 2886 596 2953 Comitatum
612 2905 678 2952 non
689 2893 723 2952 ut
734 2885 897 2970 honorem,
914 2885 973 2951 sed
988 2883 1021 2950 in
1038 2883 1215 2969 possessio·

102 3010 163 3058 uem
178 3001 370 3080 perpetuam
394 2992 606 3080 Episcopatni
638 2992 851 3076 Zagrabiensi
882 2989 1111 3059 contulerimus
1140 2987 1216 3054 irre-

101 3100 278 3169 vocabiliter
308 3099 486 3186 possidere.
517 3103 557 3168 In
572 3099 664 3168 cuius
685 3099 731 3166 rei
763 3099 951 3168 memoriam
968 3103 1000 3164 et
1025 3101 1215 3183 perpetuam

101 3203 268 3278 &niumm
285 3212 453 3292 presentes
469 3208 687 3275 concessimus
703 3205 816 3274 literas
833 3203 997 3292 dupplicis
1016 3203 1119 3290 sigilli
1139 3222 1214 3270 nos·

102 3313 136 3378 tri
150 3315 321 3384 munimina
351 3316 529 3382 roboratas.
545 3315 665 3382 Datum
683 3334 740 3401 per
756 3333 870 3380 manus
895 3311 1044 3396 Magistri
1056 3308 1224 3378 Demetrii.

102 3420 248 3509 Propositi
264 3423 431 3509 Albensis,
449 3423 526 3490 aule
543 3429 651 3490 nostre
666 3419 943 3506 vicecancellarii,
963 3417 1073 3485 dilecti
1091 3423 1124 3484 et
1140 3415 1215 3482 fide·

103 3529 255 3620 lisnostri,
288 3552 376 3599 anuo
407 3530 539 3598 Domini
562 3527 829 3615 ttccuxxvn,
861 3525 966 3610 Regni
991 3531 1097 3593 autem
1113 3521 1231 3592 nostri,

102 3655 175 3703 auno
192 3640 313 3727 quinto·

163 3835 318 3902 (Tkalcrics,
338 3835 463 3888 Monnm.
483 3835 549 3886 hist.
568 3835 660 3899 spise.
679 3833 876 3911 Zagrabiensis
895 3832 918 3882 I.
937 3832 996 3882 lrbt.
1020 3833 1079 3881 190.
1100 3829 1132 3890 1.)
