3096 5160
646 975 722 1045 431.

116 1175 182 1240 ΙΙΙ.
199 1175 314 1239 Endos
329 1175 510 1262 kirdlyoalo
526 1173 651 1277 'Voyzlo
667 1176 824 1262 helpslqet
841 1179 999 1262 tdryyazrl
1014 1181 1053 1262 eij
1072 1178 1249 1265 octomdoy·

240 1282 333 1346 leoele
348 1305 371 1346 a
387 1280 579 1370 oynlszipeti
595 1282 821 1370 oprtezoadrda
837 1287 995 1350 szolmrlro.
1019 1286 1118 1353 1292.

225 1475 327 1566 (Nlos
343 1478 501 1546 Nioolaus
515 1477 556 1546 de
572 1477 662 1546 Gara
677 1477 784 1564 Regni
814 1479 982 1563 Hungarie
1014 1480 1183 1549 Palatinus
1214 1489 1247 1548 et

118 1583 224 1654 lodex
242 1585 459 1653 Oomanorum
475 1587 538 1652 stb.
557 1585 644 1670 quod
661 1586 694 1651 in
711 1587 981 1674 Congregaeione
999 1585 1154 1654 (lenerali
1180 1589 1248 1656 Ma·

121 1693 233 1778 gnifiei
250 1691 374 1760 domini
389 1691 518 1759 Ni'eolai
534 1693 642 1759 Konth
658 1694 746 1780 olym
762 1692 912 1760 similiter
928 1692 1005 1760 dieti
1022 1694 1128 1778 Regni
1160 1695 1248 1763 Hnn·

120 1805 212 1888 garie
227 1802 369 1870 Palatini
384 1795 597 1869 Vniuersitati
614 1795 779 1869 Nobilium
806 1791 987 1870 Comitatus
1019 1803 1060 1870 de
1091 1803 1247 1889 Baranya

4 1964 6 1978 .
122 1911 205 1979 seria
222 1911 378 1994 secunda,
409 1909 563 1978 videlieet
579 1910 614 1976 in
646 1911 727 1978 festo
758 1911 853 1977 Beati
883 1909 1005 1977 Mathei
1037 1909 1186 1995 Apostoli
1218 1919 1249 1977 et

5 2010 7 2023 '
122 2019 345 2104 Errangeliste
371 2037 457 2084 anno
484 2017 615 2083 Domini
646 2016 790 2084 Μΰῦῦὒο
821 2019 1060 2104 septuagesimo
1093 2017 1248 2102 preterita

126 2147 229 2212 prope
246 2125 360 2192 villam
376 2123 518 2207 Nogfaln
534 2143 592 2210 per
602 2125 707 2211 ipsum
717 2123 894 2211 celebrata,
905 2125 1047 2192 Jaoobns
1058 2125 1144 2191 filius
1154 2125 1249 2192 Nico-

2 2296 9 2321 ,
126 2233 225 2300 laide
242 2232 386 2318 Nempty
401 2231 461 2298 stb.
479 2231 645 2317 proposuit
655 2231 715 2298 isto
727 2229 841 2297 modo:
858 2231 1109 2315 qnodreligiose
1120 2233 1250 2301 domine

124 2339 389 2408 sanctimoniales
405 2337 548 2408 claustri
571 2338 672 2408 Beate
696 2337 840 2421 Virginis
871 2336 911 2404 de
943 2339 1057 2408 Insula
1088 2341 1249 2425 Leporum

123 2447 291 2529 quandam
308 2446 544 2533 possessionem
571 2467 663 2514 snam
694 2447 815 2531 Vayolo
847 2451 996 2512 vocatam
1027 2447 1061 2512 in
1094 2449 1250 2515 Distrietu

124 2552 312 2622 Ormanknz
328 2555 363 2620 in
380 2554 468 2621 dioto
485 2553 647 2621 Comitatu
658 2552 859 2638 existentem,
877 2555 983 2639 ipsum
994 2554 1035 2621 de
1041 2555 1115 2640 jore
1125 2558 1251 2624 eontin-

125 2668 264 2744 gentem,
280 2662 469 2748 occupatine
485 2657 665 2730 detinerent
680 2661 741 2730 stb.
782 2659 853 2739 Quo
884 2669 1036 2747 pereepto
1067 2662 1251 2749 Stephanos

125 2767 206 2836 tilius
222 2767 372 2836 Ladinlai
388 2769 642 2836 amministrstor
659 2777 872 2856 prouentunm
906 2770 1059 2837 villarum
1091 2767 1250 2837 dictarum

3 2911 4 2916 κ
127 2874 327 2944 dominarum
344 2895 454 2944 eoram
469 2876 541 2962 ipso
557 2875 687 2944 domino
702 2875 840 2944 Nicolao
857 2875 969 2946 Konth
985 2878 1137 2943 Palatino
1168 2898 1249 2945 eom-

128 2982 270 3066 psrendo
286 2981 321 3048 in
338 2979 487 3069 personis
503 2983 678 3051 earundem
695 2984 915 3070 respondisset
930 3005 970 3050 ex
985 2982 1134 3072 aduerso,
1165 2985 1251 3067 qnod

126 3081 305 3178 presoriple
320 3090 451 3159 domine
467 3091 500 3157 in
515 3090 602 3159 laeto
618 3098 772 3159 annotate
782 3091 995 3179 possessionis
1006 3091 1127 3177 Vayzlo
1137 3091 1250 3179 appel·

125 3197 189 3266 late
204 3197 354 3266 esfieaeio
368 3197 525 3268 haberent
541 3199 758 3268 instrumenta
773 3200 834 3270 stb.
873 3197 936 3288 (Aa
968 3197 1156 3285 okmlsnyok
1187 3199 1252 3265 eill-

124 3310 289 3374 mntatasa
305 3303 562 3394 megitoltetvtn,
592 3307 717 3374 miuttn
734 3327 772 3372 az
790 3315 856 3394 ngy
872 3327 893 3376 a
909 3307 1069 3390 hatarnap
1087 3305 1251 3374 tttbbsattri

124 3410 348 3482 elhalasnttsa
365 3419 455 3494 utan)
472 3412 516 3482 ad
531 3399 699 3502 presentes
715 3420 850 3482 octonas
882 3414 958 3482 sesti
988 3414 1084 3482 Beati
1116 3416 1250 3499 Georgii

126 3511 269 3589 martiris
286 3520 473 3591 deuenisset
488 3523 549 3591 stb.
565 3521 716 3608 prefatus
732 3523 875 3591 Jaeobos
906 3521 989 3590 tilius
1020 3521 1149 3588 Nioolai
1179 3543 1251 3609 pre·

121 3633 217 3694 sente
231 3629 335 3696 fratre
350 3629 520 3698 Dominioo
535 3629 597 3698 stb.
615 3628 774 3714 quasdam
790 3627 933 3714 quinque
962 3631 1090 3698 litteras
1120 3631 1250 3698 omnino

124 3734 356 3820 prinilogiales
371 3745 516 3808 nostrum
527 3737 739 3824 judiciarium
757 3736 908 3826 produxit
916 3739 951 3805 in
964 3743 1172 3826 eonspeotnm
1188 3739 1250 3807 stb.

1 3932 6 3941 Ι
120 3841 199 3920 Quo
214 3853 366 3934 percepto
381 3848 525 3934 prefatus
550 3847 653 3915 frater
677 3846 865 3915 Dominious
895 3846 1149 3914 amministrator
1182 3866 1254 3932 pro-

122 3958 281 4022 nentunm
322 3961 355 4024 et
391 3963 584 4041 procurator
614 3954 759 4042 ipsarum
788 3954 1012 4040 religiosarum
1051 3951 1254 4022 dominarum

2 4076 6 4085 '
119 4058 281 4142 quasdam
315 4081 374 4130 sex
406 4063 530 4132 litteras
560 4071 670 4133 nostro
697 4063 861 4150 judicario
887 4062 1029 4130 examini
1055 4060 1182 4129 curauit
1199 4081 1253 4128 ex·

118 4164 247 4258 hiberi,
294 4189 433 4256 quarum
478 4172 583 4260 prima
629 4173 692 4242 stb.
755 4170 968 4240 Continentia
1021 4189 1136 4256 nempe
1189 4169 1255 4236 iem

117 4272 216 4340 dioto
250 4279 352 4346 toreio
389 4279 507 4370 littere,
554 4278 679 4348 soilioet
718 4277 841 4348 domini
888 4277 1017 4345 Andree
1054 4276 1152 4362 Regis
1200 4298 1256 4363 pa-

115 4379 227 4448 tentis
260 4383 354 4454 Bude
390 4387 474 4455 teria
513 4393 608 4458 sexta
647 4387 796 4476 proximo
841 4391 917 4454 ante
954 4383 1157 4452 Dominioom
1194 4385 1256 4454 Ra·

115 4488 371 4576 mispalmamsn
409 4517 497 4566 anno
539 4493 650 4582 gracie
687 4495 738 4560 Μ0
783 4492 1000 4561 ducentesimo
1042 4491 1254 4574 nonagesimo

115 4599 269 4668 seeundo
284 4601 431 4674 eonleoto
449 4625 510 4674 nos
526 4609 665 4674 eatenus
691 4602 860 4692 edocebat,
891 4600 978 4687 qnod
1010 4601 1082 4688 ipse
1107 4597 1256 4670 dominos
