3148 5164
601 989 677 1058 452.

66 1194 99 1258 A
141 1194 233 1279 pe‘cat'
270 1188 491 1278 leptolaonolc
521 1187 797 1274 biaonycdqlevelc,
836 1191 918 1273 hopy
948 1188 1061 1274 Epyed
1092 1198 1208 1251 amator·

74 1302 197 1366 Taruda
214 1300 277 1363 bon
291 1295 534 1382 nemaetadgebiil
549 1297 682 1361 carvere
709 1293 807 1358 Peter
831 1295 959 1380 erdelyi
980 1295 1107 1379 pttapiilc
1132 1294 1206 1359 eete-

68 1407 262 1494 eqyczdseuel
277 1405 354 1468 Bam
368 1402 602 1487 oemmeepbcli
629 1401 756 1486 Milalp
780 1411 894 1466 mester
925 1397 1206 1487 erdelyfeltervdri

66 1519 205 1602 prepoat
222 1515 254 1577 c's
270 1513 364 1577 Pe'ter
379 1512 502 1594 catkclp
518 1513 617 1594 lapda
642 1505 807 1573 crudelem
824 1507 979 1593 juvairdl
1003 1509 1205 1573 intezlcedett.

590 1618 689 1683 1294.

183 1817 340 1883 Nicolans
370 1813 555 1898 Prepositns
588 1819 619 1878 et
636 1811 819 1894 Capitulum
841 1809 1202 1894 Quinqueecolesiensis

72 1925 225 1991 Ecclesie
244 1921 393 1990 omnibus
423 1939 557 2006 presens
589 1918 742 2003 scripturn
776 1918 983 1984 cernentibus
1013 1919 1153 1986 salutem
1172 1920 1206 1985 iu

74 2031 229 2099 Domino.
260 2029 311 2096 Ad
341 2029 562 2095 rniueraorum
603 2025 755 2091 noticiam
796 2025 912 2091 harum
944 2027 1027 2093 serie
1057 2027 1207 2094 volumus

74 2138 259 2227 peruenire,
276 2135 449 2222 quodcum
466 2131 508 2199 ad
528 2133 648 2200 iustam
680 2131 875 2216 peticionem
905 2133 1053 2215 Magistri
1084 2133 1206 2220 Egidij,

75 2248 136 2332 filij
171 2242 319 2327 Magistri
352 2238 501 2323 Gregorij
535 2239 711 2321 degenere
741 2238 866 2306 Thome
905 2239 998 2325 Beni,
1030 2238 1207 2324 Georgium

77 2351 292 2436 sacerdotem,
322 2345 571 2432 prebendarium
598 2352 630 2412 et
662 2347 863 2430 capellanum
895 2347 1018 2415 domini
1049 2349 1209 2433 Prepesiti

24 2479 27 2484 ·
78 2459 227 2528 Ecclesie
257 2463 365 2523 nostre
396 2454 691 2520 transmisissemus
722 2453 765 2519 ad
797 2453 947 2542 eundem,
979 2463 1013 2522 vt
1030 2477 1138 2523 coram
1172 2475 1209 2523 eo

79 2568 283 2654 profiteretur
298 2583 355 2629 seu
371 2563 576 2628 confiteretur
592 2559 831 2626 ordinacionem
849 2569 883 2628 et
907 2562 1117 2632 donacionem
1150 2585 1210 2651 per

79 2676 186 2760 ipsum
217 2670 339 2737 factam
354 2668 408 2736 vel
424 2665 605 2734 taciendam
622 2668 691 2734 suis
707 2671 869 2758 cognatis,
885 2671 979 2738 sicuti
997 2675 1212 2758 exprimetu13

80 2782 233 2864 idemque
248 2778 345 2844 horno
361 2782 473 2843 noster
486 2774 530 2842 ad
545 2794 605 2841 noa
618 2773 748 2842 rediens
763 2777 857 2844 nobis
873 2779 985 2846 retulit
1012 2781 1090 2846 vica
1121 2801 1212 2863 uoce,

81 2886 169 2972 quod
200 2884 363 2969 predictus
389 2880 549 2966 Magister
578 2882 714 2966 Egidius
754 2883 837 2951 filius
876 2886 1023 2970 Magistri
1061 2885 1209 2969 Gregorij

79 3015 191 3064 coram
206 2989 390 3060 venerabili
405 2997 501 3074 patre
516 2989 650 3057 domino
669 2990 764 3057 Petro
795 2991 960 3078 Episcopo
991 2991 1209 3062 Transiluano

80 3105 184 3169 fratre
215 3119 284 3186 suo,
316 3105 348 3164 et
378 3115 485 3164 coram
517 3096 588 3183 ipso
620 3097 750 3164 homine
781 3105 902 3183 nostro,
928 3105 962 3167 et
976 3120 1084 3168 coram
1101 3099 1210 3166 multis

80 3212 167 3297 atijs,
184 3207 307 3276 scilieet
322 3203 558 3284 sacerdotibus,
576 3204 712 3290 clericis,
739 3203 842 3292 laicis,
874 3206 1018 3291 virisque
1048 3203 1213 3274 nobilibus

79 3314 422 3402 comprouincialibus,
456 3320 489 3379 et
504 3313 618 3380 ceteris
650 3313 811 3381 interioris
828 3314 951 3398 gradus
968 3315 1152 3382 hominibus
1168 3314 1214 3380 ad

82 3425 144 3491 hoc
175 3421 293 3490 ibidem
327 3420 514 3488 conuocatis
545 3420 676 3506 publice
717 3440 912 3508 proponens,
942 3421 1003 3487 luit
1044 3421 1213 3490 confessus

81 3531 216 3598 oraculo
246 3529 321 3595 riue
336 3529 438 3615 uocis,
454 3525 633 3610 quodlicet
649 3527 807 3595 discretus
825 3529 875 3596 uir
889 3529 1047 3614 Magister
1060 3528 1210 3617 Mychael

82 3637 274 3724 Prepesitus
289 3633 436 3702 Ecclesie
452 3634 562 3702 Sancti
581 3634 752 3702 Michaelis
769 3637 809 3701 de
840 3636 991 3704 Partibus
1024 3637 1211 3704 Transilna-

83 3747 147 3828 nis,
180 3749 212 3810 et
227 3741 382 3826 Magister
412 3743 527 3810 Petrus
558 3739 673 3809 Comes
705 3743 897 3828 Siculorum,
912 3743 971 3827 filij
988 3743 1140 3812 videlieet
1156 3744 1214 3810 Go-

83 3851 174 3918 mitis
191 3850 350 3934 Stephani
367 3849 426 3934 filij
443 3851 526 3915 Ders
543 3851 584 3917 de
599 3869 717 3934 genere
734 3849 812 3918 Bew
836 3850 870 3916 in
901 3851 990 3918 linea
1024 3853 1217 3937 consangui-

84 3957 201 4024 nitatis
231 3960 380 4042 proxima
412 3955 474 4024 sibi
507 3959 689 4044 attinerent,
707 3965 738 4025 et
752 3959 785 4025 in
803 3959 945 4026 secundo
963 3959 1068 4043 gradu
1086 3961 1219 4028 collate-

85 4066 150 4132 rali
165 4066 269 4132 solum
303 4065 403 4130 distet
433 4066 475 4130 ab
509 4063 651 4152 eisdem;
675 4066 836 4148 siquidem
868 4067 1025 4153 Magistro
1058 4067 1217 4154 Gregorio

84 4173 190 4239 fratre
221 4191 280 4238 suo
313 4171 436 4238 carnali
466 4171 554 4240 viam
585 4174 737 4240 uniuerso
753 4175 862 4241 carnis
881 4173 1036 4261 ingresso,
1052 4195 1110 4262 per
1127 4174 1218 4243 cuius

84 4286 225 4347 mortem
242 4279 365 4346 solacio
380 4281 510 4364 proprie
526 4279 741 4349 fraternitatis
757 4285 890 4350 orbatus
916 4290 967 4350 est
998 4289 1030 4351 et
1060 4285 1220 4369 priuatus,

82 4387 220 4455 eosdem
252 4386 443 4470 Magistrum
474 4385 670 4456 Michaelem
701 4389 913 4478 Prepositum,
939 4398 971 4457 et
988 4391 1146 4458 Comitem
1163 4391 1221 4458 Pe-

83 4505 172 4563 trum
189 4495 322 4562 tratrem
340 4515 444 4582 suum,
475 4515 514 4562 ex
547 4498 678 4582 proprio
710 4499 830 4566 amoris
863 4501 940 4586 zelo,
972 4505 1004 4566 et
1036 4519 1076 4566 ex
1108 4499 1221 4565 intime

79 4601 287 4671 dileccionis
317 4603 436 4672 affectu
468 4605 502 4670 in
518 4603 638 4674 iratres
668 4625 744 4674 suos
774 4609 917 4694 suscepit
935 4613 967 4672 et
983 4607 1107 4694 recepit
1123 4607 1228 4693 adop,
