3148 5146
357 1252 417 1318 IV.
433 1251 548 1317 Ldszlo‘
563 1250 673 1338 lirolp
699 1253 882 1336 megerbar'tr'
906 1252 951 1318 II.
984 1251 1091 1315 nitere
1121 1250 1299 1338 kircllpnolr
1331 1255 1483 1320 Lernissc-

358 1358 545 1445 belyse'poelc
582 1360 858 1446 adomcinyoza'scit
896 1357 1133 1444 belybcrrbaqpo
1168 1360 1418 1445 prn'or'lepinmrit
1464 1383 1485 1421 cr

659 1465 883 1550 templator-eod
899 1469 1062 1532 szrlmabc.
1089 1465 1186 1532 1272.

469 1655 668 1740 [bladizlaus
685 1659 747 1723 Dei
779 1663 891 1743 gracia
923 1659 1100 1744 Hungarie,
1132 1659 1312 1744 Dalmacie,
1343 1659 1487 1744 (incaelo,

363 1770 474 1851 Reme,
493 1767 615 1850 Seruio,
644 1765 788 1850 Gallicis,
815 1765 1015 1850 Lodomeric,
1041 1767 1264 1848 Cumanicqne
1288 1767 1359 1833 Rex
1390 1767 1487 1832 omni-

361 1879 433 1962 bns,
451 1874 493 1944 ad
509 1893 590 1959 quos
607 1893 742 1959 presens
760 1871 914 1959 scriplum
932 1872 1125 1960 peruenerit,
1136 1875 1274 1940 salntem
1289 1872 1325 1938 in
1348 1873 1491 1940 omnium

361 1985 536 2050 saluatore.
553 1979 605 2046 Ad
621 1981 844 2049 vnlnersorum
860 1979 1014 2046 noticiam
1030 1979 1145 2046 harum
1161 1980 1246 2048 serie
1262 1981 1489 2066 volumusper·

361 2090 487 2170 uenire,
521 2087 606 2171 qnod
621 2085 780 2153 accedens
796 2086 842 2152 ad
858 2073 1002 2152 nostram
1021 2085 1221 2172 presenciam
1238 2085 1339 2153 frater
1355 2086 1490 2174 Wyller·

357 2216 429 2263 mus
444 2195 601 2278 Magister
616 2195 791 2259 Domorom
806 2193 923 2261 blilicie
940 2194 1066 2278 Templi
1082 2214 1140 2280 per
1151 2195 1331 2278 Vngariam
1347 2201 1380 2261 et
1395 2194 1485 2260 Sola·

361 2304 504 2386 uoniam,
536 2300 681 2367 exhibuit
712 2301 920 2386 priuilegium
941 2301 1047 2368 inoliti
1063 2301 1160 2386 Regis
1177 2301 1308 2368 Andree
1323 2302 1414 2370 clare
1428 2319 1493 2366 me·

343 2411 464 2480 ,morie
495 2427 592 2492 super
624 2405 804 2476 donaciones
829 2406 996 2476 cniusdam
1012 2413 1096 2474 terre
1111 2407 1266 2476 Lesnissa
1283 2417 1410 2495 vocate,
1437 2427 1493 2493 pe·

361 2525 432 2582 tens
448 2515 530 2582 illud
550 2523 659 2582 nostro
674 2516 848 2600 priuilegio
865 2516 1059 2584 confirmari.
1076 2515 1176 2582 Cuius
1192 2516 1293 2582 verba
1309 2516 1371 2580 hcc
1389 2524 1471 2582 sunt
1488 2541 1497 2580 :

470 2624 509 2689 In
526 2624 656 2690 nomine
671 2623 732 2690 stb.
751 2620 927 2710 (Atndrcas
943 2623 1002 2689 Dei
1022 2623 1137 2706 gracia
1167 2623 1314 2708 Vngarie
1345 2622 1409 2689 stb.
1423 2623 1499 2688 Rex

363 2731 426 2798 slb.
445 2728 656 2818 (kbvetkezik
672 2731 715 2796 Il.
732 2731 843 2798 Endre
860 2731 968 2815 kiraly
985 2735 1085 2798 1210·
1103 2731 1137 2796 ki
1153 2729 1397 2815 privilegiuma,
1414 2731 1500 2794 mint

366 2837 640 2926 Olrmanytarunk
656 2838 713 2904 XL
745 2835 861 2922 vagyis
878 2858 899 2904 a
915 2837 1090 2905 harmadilr
1122 2837 1242 2923 folyam
1260 2837 1285 2902 L
1320 2837 1503 2903 kbteteben

363 2947 438 3014 105.
453 2942 490 3034 l.)

470 3053 539 3119 Nos
555 3053 666 3134 itaque
682 3053 723 3118 ob
740 3051 951 3118 deuooionom
968 3049 1053 3118 dicte
1070 3054 1193 3119 Domus
1210 3053 1333 3118 Milieie
1364 3048 1501 3135 Templi

364 3159 458 3225 iustis
489 3158 703 3244 peticionibus
736 3160 824 3241 pium
858 3167 890 3226 et
908 3159 1085 3242 benignum
1115 3159 1292 3245 prebentes
1312 3178 1506 3241 assensum,

364 3265 486 3334 dictum
503 3263 710 3350 priuilegium
725 3266 825 3351 Regis
840 3267 969 3334 Andrce
987 3268 1029 3335 de
1044 3269 1143 3334 uerbo
1157 3269 1203 3351 ‚ad
1224 3269 1362 3334 uerbum
1393 3265 1507 3332 inser·

364 3383 431 3441 tum
462 3373 664 3459 presentibus
697 3373 890 3442 auctoritate
915 3374 1119 3459 presencium
1136 3375 1287 3440 duximus
1304 3371 1509 3440 confirman-

366 3481 453 3547 dum.
468 3482 506 3545 In
522 3479 612 3546 cuins
628 3478 676 3547 rei
693 3480 882 3551 memoriam
899 3489 930 3563 et
945 3487 1135 3568 perpetuam
1153 3481 1338 3548 firmitatem
1365 3498 1510 3564 presen-

366 3595 416 3655 tes
433 3587 647 3654 concessimus
678 3585 805 3654 litteras
822 3587 985 3673 dupplicis
1001 3588 1102 3672 sigilli
1127 3589 1228 3656 nostri
1252 3585 1441 3654 munimine
1458 3607 1512 3655 ro

365 3696 506 3762 boratas.
524 3693 644 3759 Datum
662 3713 719 3778 per
733 3713 848 3762 manus
864 3696 1015 3779 Magistri
1031 3695 1160 3764 Nicolai
1177 3693 1332 3763 Albensis
1348 3694 1521 3762 Ecclesie

366 3802 602 3869 'I'ranssiluane
633 3797 796 3884 Propositi
828 3803 902 3870 aule
933 3811 1043 3870 nostre
1083 3799 1349 3884 vicecancellarii
1383 3801 1517 3871 dilecti

369 3917 402 3977 et
418 3908 525 3976 fidelis
541 3907 643 3974 nostri
660 3927 746 3975 anno
772 3909 903 3976 Domini
934 3911 1053 3979 M⁰CO⁰
1084 3909 1324 3996 septuagesimo
1341 3911 1522 3998 secundo,

368 4015 546 4084 indiccione
577 4013 827 4102 quintadecima,
844 4022 935 4084 sexto
966 4015 1127 4085 kalendas
1157 4015 1360 4103 Decembris,
1397 4019 1527 4102 Regni

368 4129 476 4191 antem
492 4123 594 4191 nostri
616 4143 702 4190 anno
734 4124 847 4207 primo.
881 4124 1133 4194 venerabilibus
1164 4127 1313 4212 patribus
1345 4123 1527 4216 Philippo

368 4229 590 4314 Strigoniensi,
621 4228 766 4297 eiusdem
797 4229 859 4296 loci
892 4229 1018 4300 comite
1035 4239 1203 4320 perpetuo,
1221 4233 1392 4319 Stephano
1415 4239 1527 4310 Colo·

369 4339 459 4408 censi
476 4347 507 4406 et
522 4340 673 4408 lohanne
688 4341 876 4426 spalatensi
895 4343 1169 4430 Arcbiepiscopis‚
1196 4343 1371 4430 Lamperto
1413 4351 1529 4433 Agri-

370 4448 451 4534 ensi‚
483 4444 546 4513 Job
577 4445 916 4531 Quinqueeoclesiensi
948 4449 1073 4518 Comite
1103 4449 1315 4532 Musuniensi,
1347 4449 1534 4549 Philippo

369 4553 529 4624 vaciensi
545 4555 619 4621 aule
636 4555 764 4623 domine
780 4557 904 4640 Regine
924 4557 1097 4626 karissime
1128 4560 1243 4626 matris
1273 4565 1392 4628 nostre
1434 4563 1537 4638 Gan.

371 4659 515 4744 cellario‚
550 4660 650 4725 Paulo
683 4661 915 4746 vesprimiensi
946 4665 1022 4732 aule
1038 4670 1147 4732 nostre
1163 4665 1387 4750 cancellario,
1408 4669 1536 4746 Bene.
