<?xml version="1.0" encoding="UTF-8"?>
<!DOCTYPE html PUBLIC "-//W3C//DTD XHTML 1.0 Transitional//EN"
    "http://www.w3.org/TR/xhtml1/DTD/xhtml1-transitional.dtd">
<html xmlns="http://www.w3.org/1999/xhtml" xml:lang="en" lang="en">
 <head>
  <title>
</title>
<meta http-equiv="Content-Type" content="text/html;charset=utf-8" />
  <meta name='ocr-system' content='tesseract 3.04.00' />
  <meta name='ocr-capabilities' content='ocr_page ocr_carea ocr_par ocr_line ocrx_word'/>
</head>
<body>
  <div class='ocr_page' id='page_1' title='image "./codexdiplomatic06wenzgoog_0345.png"; bbox 0 0 3124 5152; ppageno 0'>
   <div class='ocr_carea' id='block_1_1' title="bbox 779 354 989 452">
    <p class='ocr_par' dir='ltr' id='par_1_1' title="bbox 779 354 989 452">
     <span class='ocr_line' id='line_1_1' title="bbox 779 354 989 452; baseline 0.005 0"><span class='ocrx_word' id='word_1_1' title='bbox 779 449 780 452; x_wconf 11' lang='grc' dir='ltr'>ψ</span> <span class='ocrx_word' id='word_1_2' title='bbox 830 354 989 452; x_wconf 67' lang='grc' dir='ltr'>..ι-ιι.</span> 
     </span>
    </p>
   </div>
   <div class='ocr_carea' id='block_1_2' title="bbox 327 547 1551 4206">
    <p class='ocr_par' dir='ltr' id='par_1_2' title="bbox 332 547 1551 3554">
     <span class='ocr_line' id='line_1_2' title="bbox 345 547 1551 644; baseline -0.002 -20"><span class='ocrx_word' id='word_1_3' title='bbox 345 563 449 624; x_wconf 91' lang='lat' dir='ltr'><strong>cetum</strong></span> <span class='ocrx_word' id='word_1_4' title='bbox 466 575 506 621; x_wconf 90' lang='lat' dir='ltr'><strong>ac</strong></span> <span class='ocrx_word' id='word_1_5' title='bbox 521 554 694 640; x_wconf 87' lang='lat' dir='ltr'><strong>collegium</strong></span> <span class='ocrx_word' id='word_1_6' title='bbox 711 549 884 635; x_wconf 84' lang='lat' dir='ltr'><strong>Regalium</strong></span> <span class='ocrx_word' id='word_1_7' title='bbox 899 547 1113 616; x_wconf 89' lang='lat' dir='ltr'><strong>seruiencium</strong></span> <span class='ocrx_word' id='word_1_8' title='bbox 1140 569 1270 618; x_wconf 89' lang='lat' dir='ltr'><strong>suorum</strong></span> <span class='ocrx_word' id='word_1_9' title='bbox 1297 553 1467 621; x_wconf 74' lang='lat' dir='ltr'><strong>bausleno</strong></span> <span class='ocrx_word' id='word_1_10' title='bbox 1550 613 1551 644; x_wconf 79' lang='lat'><strong>,</strong></span> 
     </span>
     <span class='ocr_line' id='line_1_3' title="bbox 345 654 1467 748; baseline 0 -20"><span class='ocrx_word' id='word_1_11' title='bbox 345 663 539 746; x_wconf 80' lang='lat' dir='ltr'>dignaretur.</span> <span class='ocrx_word' id='word_1_12' title='bbox 579 663 655 748; x_wconf 91' lang='lat' dir='ltr'><strong>Ipse</strong></span> <span class='ocrx_word' id='word_1_13' title='bbox 695 660 802 744; x_wconf 89' lang='lat' dir='ltr'><strong>itaque</strong></span> <span class='ocrx_word' id='word_1_14' title='bbox 843 654 979 723; x_wconf 84' lang='lat' dir='ltr'><strong>condam</strong></span> <span class='ocrx_word' id='word_1_15' title='bbox 1013 655 1162 724; x_wconf 91' lang='lat' dir='ltr'><strong>dominus</strong></span> <span class='ocrx_word' id='word_1_16' title='bbox 1196 657 1372 730; x_wconf 81' lang='lat' dir='ltr'><strong>Ladislnns</strong></span> <span class='ocrx_word' id='word_1_17' title='bbox 1403 664 1467 729; x_wconf 87' lang='lat' dir='ltr'><strong>Rex</strong></span> 
     </span>
     <span class='ocr_line' id='line_1_4' title="bbox 346 751 1551 854; baseline -0.005 -14"><span class='ocrx_word' id='word_1_18' title='bbox 346 769 560 841; x_wconf 79' lang='lat' dir='ltr'><strong>consideratis</strong></span> <span class='ocrx_word' id='word_1_19' title='bbox 571 765 828 854; x_wconf 85' lang='lat' dir='ltr'><strong>seruieijsipsius</strong></span> <span class='ocrx_word' id='word_1_20' title='bbox 839 763 972 833; x_wconf 79' lang='lat' dir='ltr'><strong>Comitis</strong></span> <span class='ocrx_word' id='word_1_21' title='bbox 982 765 1130 852; x_wconf 81' lang='lat' dir='ltr'><strong>Muchox,</strong></span> <span class='ocrx_word' id='word_1_22' title='bbox 1148 785 1213 850; x_wconf 89' lang='lat' dir='ltr'><strong>quc</strong></span> <span class='ocrx_word' id='word_1_23' title='bbox 1229 769 1270 834; x_wconf 91' lang='lat' dir='ltr'><strong>ab</strong></span> <span class='ocrx_word' id='word_1_24' title='bbox 1286 767 1469 837; x_wconf 87' lang='lat' dir='ltr'><strong>adolescen·</strong></span> <span class='ocrx_word' id='word_1_25' title='bbox 1550 751 1551 834; x_wconf 47' lang='grc' dir='ltr'><strong>Ῠ</strong></span> 
     </span>
     <span class='ocr_line' id='line_1_5' title="bbox 344 871 1551 970; baseline -0.002 -24"><span class='ocrx_word' id='word_1_26' title='bbox 344 882 394 948; x_wconf 91' lang='lat' dir='ltr'><strong>cie</strong></span> <span class='ocrx_word' id='word_1_27' title='bbox 409 901 466 950; x_wconf 89' lang='lat' dir='ltr'><strong>sue</strong></span> <span class='ocrx_word' id='word_1_28' title='bbox 482 877 691 964; x_wconf 82' lang='lat' dir='ltr'><strong>temporibus,</strong></span> <span class='ocrx_word' id='word_1_29' title='bbox 709 873 847 959; x_wconf 91' lang='lat' dir='ltr'><strong>primum</strong></span> <span class='ocrx_word' id='word_1_30' title='bbox 864 871 992 942; x_wconf 92' lang='lat' dir='ltr'><strong>domino</strong></span> <span class='ocrx_word' id='word_1_31' title='bbox 1003 873 1172 960; x_wconf 86' lang='lat' dir='ltr'><strong>Stephano</strong></span> <span class='ocrx_word' id='word_1_32' title='bbox 1189 875 1270 961; x_wconf 84' lang='lat' dir='ltr'><strong>Regi</strong></span> <span class='ocrx_word' id='word_1_33' title='bbox 1286 877 1373 964; x_wconf 89' lang='lat' dir='ltr'><strong>patri</strong></span> <span class='ocrx_word' id='word_1_34' title='bbox 1388 877 1466 944; x_wconf 85' lang='lat' dir='ltr'><strong>eiur-</strong></span> <span class='ocrx_word' id='word_1_35' title='bbox 1550 881 1551 970; x_wconf 70' lang='lat' dir='ltr'>f</span> 
     </span>
     <span class='ocr_line' id='line_1_6' title="bbox 343 979 1551 1076; baseline -0.003 -22"><span class='ocrx_word' id='word_1_36' title='bbox 343 987 417 1054; x_wconf 89' lang='lat' dir='ltr'><strong>dem</strong></span> <span class='ocrx_word' id='word_1_37' title='bbox 433 986 571 1054; x_wconf 87' lang='lat' dir='ltr'><strong>condam</strong></span> <span class='ocrx_word' id='word_1_38' title='bbox 589 983 711 1052; x_wconf 88' lang='lat' dir='ltr'><strong>domiui</strong></span> <span class='ocrx_word' id='word_1_39' title='bbox 726 979 870 1050; x_wconf 86' lang='lat' dir='ltr'><strong>Ladislai</strong></span> <span class='ocrx_word' id='word_1_40' title='bbox 886 981 996 1065; x_wconf 87' lang='lat' dir='ltr'><strong>Regis,</strong></span> <span class='ocrx_word' id='word_1_41' title='bbox 1013 1000 1053 1046; x_wconf 85' lang='lat' dir='ltr'><strong>ac</strong></span> <span class='ocrx_word' id='word_1_42' title='bbox 1064 981 1195 1048; x_wconf 89' lang='lat' dir='ltr'><strong>tandem</strong></span> <span class='ocrx_word' id='word_1_43' title='bbox 1217 982 1281 1050; x_wconf 90' lang='lat' dir='ltr'><strong>sibi</strong></span> <span class='ocrx_word' id='word_1_44' title='bbox 1300 985 1466 1070; x_wconf 88' lang='lat' dir='ltr'><strong>impendit,</strong></span> <span class='ocrx_word' id='word_1_45' title='bbox 1550 987 1551 1076; x_wconf 34' lang='grc' dir='ltr'>ξ</span> 
     </span>
     <span class='ocr_line' id='line_1_7' title="bbox 344 1077 1551 1178; baseline -0.002 -17"><span class='ocrx_word' id='word_1_46' title='bbox 344 1093 509 1162; x_wconf 84' lang='lat' dir='ltr'><strong>cumidem</strong></span> <span class='ocrx_word' id='word_1_47' title='bbox 520 1094 658 1162; x_wconf 89' lang='lat' dir='ltr'><strong>condam</strong></span> <span class='ocrx_word' id='word_1_48' title='bbox 669 1090 817 1161; x_wconf 82' lang='lat' dir='ltr'><strong>dominus</strong></span> <span class='ocrx_word' id='word_1_49' title='bbox 827 1088 1081 1158; x_wconf 77' lang='lat' dir='ltr'><strong>Ladislausliex</strong></span> <span class='ocrx_word' id='word_1_50' title='bbox 1096 1089 1182 1158; x_wconf 90' lang='lat' dir='ltr'><strong>dioto</strong></span> <span class='ocrx_word' id='word_1_51' title='bbox 1197 1093 1287 1176; x_wconf 87' lang='lat' dir='ltr'><strong>Rege</strong></span> <span class='ocrx_word' id='word_1_52' title='bbox 1302 1091 1467 1178; x_wconf 84' lang='lat' dir='ltr'><strong>Stephano</strong></span> <span class='ocrx_word' id='word_1_53' title='bbox 1550 1077 1551 1170; x_wconf 51' lang='lat' dir='ltr'><strong>ff</strong></span> 
     </span>
     <span class='ocr_line' id='line_1_8' title="bbox 344 1195 1468 1287; baseline -0.004 -17"><span class='ocrx_word' id='word_1_54' title='bbox 344 1209 434 1286; x_wconf 89' lang='lat' dir='ltr'><strong>patre</strong></span> <span class='ocrx_word' id='word_1_55' title='bbox 445 1223 503 1270; x_wconf 88' lang='lat' dir='ltr'><strong>suo</strong></span> <span class='ocrx_word' id='word_1_56' title='bbox 514 1205 661 1287; x_wconf 90' lang='lat' dir='ltr'><strong>ingresso</strong></span> <span class='ocrx_word' id='word_1_57' title='bbox 671 1199 757 1267; x_wconf 84' lang='lat' dir='ltr'><strong>riam</strong></span> <span class='ocrx_word' id='word_1_58' title='bbox 774 1199 882 1265; x_wconf 84' lang='lat' dir='ltr'><strong>earnis</strong></span> <span class='ocrx_word' id='word_1_59' title='bbox 898 1195 1059 1283; x_wconf 80' lang='lat' dir='ltr'><strong>uniuerso,</strong></span> <span class='ocrx_word' id='word_1_60' title='bbox 1077 1197 1180 1280; x_wconf 87' lang='lat' dir='ltr'><strong>Regni</strong></span> <span class='ocrx_word' id='word_1_61' title='bbox 1196 1199 1424 1282; x_wconf 91' lang='lat' dir='ltr'><strong>gubernacula</strong></span> <span class='ocrx_word' id='word_1_62' title='bbox 1438 1206 1468 1266; x_wconf 90' lang='lat' dir='ltr'><strong>et</strong></span> 
     </span>
     <span class='ocr_line' id='line_1_9' title="bbox 342 1305 1551 1402; baseline -0.004 -26"><span class='ocrx_word' id='word_1_63' title='bbox 342 1309 440 1394; x_wconf 89' lang='lat' dir='ltr'><strong>Regis</strong></span> <span class='ocrx_word' id='word_1_64' title='bbox 472 1310 588 1378; x_wconf 83' lang='lat' dir='ltr'><strong>solium</strong></span> <span class='ocrx_word' id='word_1_65' title='bbox 620 1309 762 1393; x_wconf 90' lang='lat' dir='ltr'><strong>adeptus</strong></span> <span class='ocrx_word' id='word_1_66' title='bbox 792 1306 906 1373; x_wconf 86' lang='lat' dir='ltr'><strong>luisset</strong></span> <span class='ocrx_word' id='word_1_67' title='bbox 937 1306 1008 1372; x_wconf 91' lang='lat' dir='ltr'><strong>iure</strong></span> <span class='ocrx_word' id='word_1_68' title='bbox 1023 1313 1057 1372; x_wconf 92' lang='lat' dir='ltr'><strong>et</strong></span> <span class='ocrx_word' id='word_1_69' title='bbox 1072 1305 1185 1374; x_wconf 84' lang='lat' dir='ltr'><strong>ordine</strong></span> <span class='ocrx_word' id='word_1_70' title='bbox 1200 1307 1367 1392; x_wconf 86' lang='lat' dir='ltr'><strong>geniture;</strong></span> <span class='ocrx_word' id='word_1_71' title='bbox 1393 1309 1468 1391; x_wconf 86' lang='lat' dir='ltr'><strong>quia</strong></span> <span class='ocrx_word' id='word_1_72' title='bbox 1550 1315 1551 1402; x_wconf 65' lang='lat' dir='ltr'>j</span> 
     </span>
     <span class='ocr_line' id='line_1_10' title="bbox 341 1395 1551 1486; baseline -0.002 -3"><span class='ocrx_word' id='word_1_73' title='bbox 341 1395 447 1486; x_wconf 77' lang='lat' dir='ltr'><strong>dictus</strong></span> <span class='ocrx_word' id='word_1_74' title='bbox 479 1416 594 1486; x_wconf 79' lang='lat' dir='ltr'><strong>Comes</strong></span> <span class='ocrx_word' id='word_1_75' title='bbox 625 1414 764 1483; x_wconf 85' lang='lat' dir='ltr'><strong>Maobox</strong></span> <span class='ocrx_word' id='word_1_76' title='bbox 793 1415 829 1481; x_wconf 89' lang='lat' dir='ltr'><strong>in</strong></span> <span class='ocrx_word' id='word_1_77' title='bbox 860 1414 955 1480; x_wconf 91' lang='lat' dir='ltr'><strong>domo</strong></span> <span class='ocrx_word' id='word_1_78' title='bbox 986 1411 1131 1482; x_wconf 86' lang='lat' dir='ltr'><strong>ciusdem</strong></span> <span class='ocrx_word' id='word_1_79' title='bbox 1163 1413 1301 1482; x_wconf 88' lang='lat' dir='ltr'><strong>condam</strong></span> <span class='ocrx_word' id='word_1_80' title='bbox 1345 1413 1467 1481; x_wconf 89' lang='lat' dir='ltr'><strong>domiui</strong></span> <span class='ocrx_word' id='word_1_81' title='bbox 1550 1403 1551 1424; x_wconf 60' lang='lat'>¹</span> 
     </span>
     <span class='ocr_line' id='line_1_11' title="bbox 342 1519 1551 1609; baseline -0.005 -18"><span class='ocrx_word' id='word_1_82' title='bbox 342 1525 488 1594; x_wconf 86' lang='lat' dir='ltr'><strong>Ladislai</strong></span> <span class='ocrx_word' id='word_1_83' title='bbox 519 1524 618 1609; x_wconf 87' lang='lat' dir='ltr'><strong>Regis</strong></span> <span class='ocrx_word' id='word_1_84' title='bbox 648 1521 769 1606; x_wconf 91' lang='lat' dir='ltr'><strong>iugiter</strong></span> <span class='ocrx_word' id='word_1_85' title='bbox 791 1519 988 1606; x_wconf 77' lang='lat' dir='ltr'><strong>famulando,</strong></span> <span class='ocrx_word' id='word_1_86' title='bbox 1006 1529 1038 1588; x_wconf 89' lang='lat' dir='ltr'><strong>et</strong></span> <span class='ocrx_word' id='word_1_87' title='bbox 1054 1519 1191 1589; x_wconf 86' lang='lat' dir='ltr'><strong>diuersis</strong></span> <span class='ocrx_word' id='word_1_88' title='bbox 1211 1522 1337 1589; x_wconf 85' lang='lat' dir='ltr'><strong>actibus</strong></span> <span class='ocrx_word' id='word_1_89' title='bbox 1353 1521 1422 1590; x_wconf 83' lang='lat' dir='ltr'><strong>suis</strong></span> <span class='ocrx_word' id='word_1_90' title='bbox 1438 1526 1468 1586; x_wconf 91' lang='lat' dir='ltr'><strong>et</strong></span> <span class='ocrx_word' id='word_1_91' title='bbox 1550 1565 1551 1572; x_wconf 27' lang='grc' dir='ltr'>ι</span> 
     </span>
     <span class='ocr_line' id='line_1_12' title="bbox 342 1627 1551 1718; baseline -0.008 -18"><span class='ocrx_word' id='word_1_92' title='bbox 342 1634 587 1718; x_wconf 89' lang='lat' dir='ltr'><strong>conspicuorum</strong></span> <span class='ocrx_word' id='word_1_93' title='bbox 618 1631 831 1700; x_wconf 86' lang='lat' dir='ltr'><strong>seruiciorum</strong></span> <span class='ocrx_word' id='word_1_94' title='bbox 863 1649 994 1697; x_wconf 89' lang='lat' dir='ltr'><strong>suornm</strong></span> <span class='ocrx_word' id='word_1_95' title='bbox 1039 1629 1213 1714; x_wconf 82' lang='lat' dir='ltr'><strong>gonoribus</strong></span> <span class='ocrx_word' id='word_1_96' title='bbox 1247 1627 1467 1716; x_wconf 89' lang='lat' dir='ltr'><strong>multiplieiter</strong></span> <span class='ocrx_word' id='word_1_97' title='bbox 1550 1629 1551 1690; x_wconf 65' lang='grc' dir='ltr'>ξ</span> 
     </span>
     <span class='ocr_line' id='line_1_13' title="bbox 341 1736 1551 1826; baseline 0.002 -20"><span class='ocrx_word' id='word_1_98' title='bbox 341 1761 449 1808; x_wconf 87' lang='lat' dir='ltr'><strong>eoram</strong></span> <span class='ocrx_word' id='word_1_99' title='bbox 481 1741 584 1810; x_wconf 88' lang='lat' dir='ltr'><strong>oculis</strong></span> <span class='ocrx_word' id='word_1_100' title='bbox 609 1739 714 1826; x_wconf 90' lang='lat' dir='ltr'><strong>ipsius</strong></span> <span class='ocrx_word' id='word_1_101' title='bbox 729 1737 867 1806; x_wconf 92' lang='lat' dir='ltr'><strong>condam</strong></span> <span class='ocrx_word' id='word_1_102' title='bbox 884 1737 1005 1805; x_wconf 90' lang='lat' dir='ltr'><strong>domini</strong></span> <span class='ocrx_word' id='word_1_103' title='bbox 1022 1736 1166 1805; x_wconf 82' lang='lat' dir='ltr'><strong>badisloi</strong></span> <span class='ocrx_word' id='word_1_104' title='bbox 1180 1737 1281 1822; x_wconf 80' lang='lat' dir='ltr'><strong>Regis</strong></span> <span class='ocrx_word' id='word_1_105' title='bbox 1296 1737 1468 1805; x_wconf 84' lang='lat' dir='ltr'><strong>meruisset</strong></span> <span class='ocrx_word' id='word_1_106' title='bbox 1550 1803 1551 1808; x_wconf 75' lang='grc'>,</span> 
     </span>
     <span class='ocr_line' id='line_1_14' title="bbox 341 1843 1551 1934; baseline -0.004 -20"><span class='ocrx_word' id='word_1_107' title='bbox 341 1849 566 1934; x_wconf 89' lang='lat' dir='ltr'><strong>commendari,</strong></span> <span class='ocrx_word' id='word_1_108' title='bbox 576 1854 608 1915; x_wconf 90' lang='lat' dir='ltr'><strong>et</strong></span> <span class='ocrx_word' id='word_1_109' title='bbox 618 1847 660 1914; x_wconf 94' lang='lat' dir='ltr'><strong>ob</strong></span> <span class='ocrx_word' id='word_1_110' title='bbox 670 1845 857 1913; x_wconf 88' lang='lat' dir='ltr'><strong>fidelitatem</strong></span> <span class='ocrx_word' id='word_1_111' title='bbox 869 1843 994 1912; x_wconf 77' lang='lat' dir='ltr'><strong>Corone</strong></span> <span class='ocrx_word' id='word_1_112' title='bbox 1008 1845 1111 1931; x_wconf 86' lang='lat' dir='ltr'><strong>Regio</strong></span> <span class='ocrx_word' id='word_1_113' title='bbox 1127 1844 1270 1914; x_wconf 89' lang='lat' dir='ltr'><strong>debitam</strong></span> <span class='ocrx_word' id='word_1_114' title='bbox 1280 1867 1317 1915; x_wconf 89' lang='lat' dir='ltr'><strong>se</strong></span> <span class='ocrx_word' id='word_1_115' title='bbox 1326 1845 1465 1912; x_wconf 87' lang='lat' dir='ltr'><strong>diuersis</strong></span> <span class='ocrx_word' id='word_1_116' title='bbox 1550 1861 1551 1916; x_wconf 59' lang='lat'><em>5</em></span> 
     </span>
     <span class='ocr_line' id='line_1_15' title="bbox 341 1953 1551 2040; baseline -0.003 -20"><span class='ocrx_word' id='word_1_117' title='bbox 341 1955 469 2022; x_wconf 83' lang='lat' dir='ltr'><strong>fortune</strong></span> <span class='ocrx_word' id='word_1_118' title='bbox 499 1955 630 2022; x_wconf 89' lang='lat' dir='ltr'><strong>casibus</strong></span> <span class='ocrx_word' id='word_1_119' title='bbox 646 1953 833 2022; x_wconf 75' lang='lat' dir='ltr'><strong>submittere</strong></span> <span class='ocrx_word' id='word_1_120' title='bbox 853 1973 1016 2038; x_wconf 89' lang='lat' dir='ltr'><strong>nunquam</strong></span> <span class='ocrx_word' id='word_1_121' title='bbox 1033 1953 1248 2040; x_wconf 79' lang='lat' dir='ltr'><strong>formidasset,</strong></span> <span class='ocrx_word' id='word_1_122' title='bbox 1265 1955 1465 2020; x_wconf 85' lang='lat' dir='ltr'><strong>voluntatem</strong></span> <span class='ocrx_word' id='word_1_123' title='bbox 1550 2007 1551 2036; x_wconf 68' lang='lat'><strong>,</strong></span> 
     </span>
     <span class='ocr_line' id='line_1_16' title="bbox 340 2058 1551 2160; baseline -0.006 -30"><span class='ocrx_word' id='word_1_124' title='bbox 340 2071 372 2130; x_wconf 88' lang='lat' dir='ltr'><strong>et</strong></span> <span class='ocrx_word' id='word_1_125' title='bbox 388 2070 572 2148; x_wconf 83' lang='lat' dir='ltr'><strong>preceptum</strong></span> <span class='ocrx_word' id='word_1_126' title='bbox 593 2064 692 2148; x_wconf 88' lang='lat' dir='ltr'><strong>ipsius</strong></span> <span class='ocrx_word' id='word_1_127' title='bbox 709 2060 845 2130; x_wconf 89' lang='lat' dir='ltr'><strong>condam</strong></span> <span class='ocrx_word' id='word_1_128' title='bbox 862 2061 982 2127; x_wconf 90' lang='lat' dir='ltr'><strong>domini</strong></span> <span class='ocrx_word' id='word_1_129' title='bbox 998 2061 1146 2128; x_wconf 84' lang='lat' dir='ltr'><strong>Ladislai</strong></span> <span class='ocrx_word' id='word_1_130' title='bbox 1172 2062 1272 2146; x_wconf 86' lang='lat' dir='ltr'><strong>Regis</strong></span> <span class='ocrx_word' id='word_1_131' title='bbox 1301 2058 1466 2144; x_wconf 76' lang='lat' dir='ltr'><strong>sagaciter</strong></span> <span class='ocrx_word' id='word_1_132' title='bbox 1550 2109 1551 2160; x_wconf 53' lang='lat' dir='ltr'><strong>t</strong></span> 
     </span>
     <span class='ocr_line' id='line_1_17' title="bbox 340 2161 1551 2256; baseline -0.003 -20"><span class='ocrx_word' id='word_1_133' title='bbox 340 2170 373 2236; x_wconf 92' lang='lat' dir='ltr'><strong>in</strong></span> <span class='ocrx_word' id='word_1_134' title='bbox 390 2171 538 2237; x_wconf 88' lang='lat' dir='ltr'><strong>omnibus</strong></span> <span class='ocrx_word' id='word_1_135' title='bbox 570 2171 637 2237; x_wconf 93' lang='lat' dir='ltr'><strong>loco</strong></span> <span class='ocrx_word' id='word_1_136' title='bbox 654 2177 686 2236; x_wconf 90' lang='lat' dir='ltr'><strong>et</strong></span> <span class='ocrx_word' id='word_1_137' title='bbox 701 2175 846 2256; x_wconf 89' lang='lat' dir='ltr'><strong>tempore</strong></span> <span class='ocrx_word' id='word_1_138' title='bbox 867 2169 1058 2254; x_wconf 89' lang='lat' dir='ltr'><strong>opportunis</strong></span> <span class='ocrx_word' id='word_1_139' title='bbox 1093 2169 1221 2236; x_wconf 82' lang='lat' dir='ltr'><strong>effectui</strong></span> <span class='ocrx_word' id='word_1_140' title='bbox 1237 2167 1464 2255; x_wconf 79' lang='lat' dir='ltr'><strong>mancipando,</strong></span> <span class='ocrx_word' id='word_1_141' title='bbox 1550 2161 1551 2232; x_wconf 57' lang='grc' dir='ltr'>ζ</span> 
     </span>
     <span class='ocr_line' id='line_1_18' title="bbox 341 2259 1551 2362; baseline 0 -20"><span class='ocrx_word' id='word_1_142' title='bbox 341 2297 379 2342; x_wconf 93' lang='lat' dir='ltr'><strong>eo</strong></span> <span class='ocrx_word' id='word_1_143' title='bbox 394 2275 495 2342; x_wconf 90' lang='lat' dir='ltr'><strong>eciam</strong></span> <span class='ocrx_word' id='word_1_144' title='bbox 528 2284 682 2362; x_wconf 88' lang='lat' dir='ltr'><strong>ternpore,</strong></span> <span class='ocrx_word' id='word_1_145' title='bbox 716 2297 787 2343; x_wconf 91' lang='lat' dir='ltr'><strong>cum</strong></span> <span class='ocrx_word' id='word_1_146' title='bbox 815 2278 958 2358; x_wconf 82' lang='lat' dir='ltr'><strong>Regnum</strong></span> <span class='ocrx_word' id='word_1_147' title='bbox 991 2275 1135 2344; x_wconf 88' lang='lat' dir='ltr'><strong>ciusdem</strong></span> <span class='ocrx_word' id='word_1_148' title='bbox 1169 2277 1307 2345; x_wconf 88' lang='lat' dir='ltr'><strong>condam</strong></span> <span class='ocrx_word' id='word_1_149' title='bbox 1339 2275 1465 2343; x_wconf 89' lang='lat' dir='ltr'><strong>domini</strong></span> <span class='ocrx_word' id='word_1_150' title='bbox 1550 2259 1551 2342; x_wconf 54' lang='grc' dir='ltr'>Ξ</span> 
     </span>
     <span class='ocr_line' id='line_1_19' title="bbox 339 2382 1551 2478; baseline 0 -30"><span class='ocrx_word' id='word_1_151' title='bbox 339 2382 484 2452; x_wconf 88' lang='lat' dir='ltr'><strong>Ladislai</strong></span> <span class='ocrx_word' id='word_1_152' title='bbox 499 2384 598 2469; x_wconf 88' lang='lat' dir='ltr'><strong>Regis</strong></span> <span class='ocrx_word' id='word_1_153' title='bbox 625 2406 682 2470; x_wconf 90' lang='lat' dir='ltr'><strong>per</strong></span> <span class='ocrx_word' id='word_1_154' title='bbox 699 2384 816 2450; x_wconf 88' lang='lat' dir='ltr'><strong>bellum</strong></span> <span class='ocrx_word' id='word_1_155' title='bbox 833 2385 1020 2452; x_wconf 86' lang='lat' dir='ltr'><strong>intestinum</strong></span> <span class='ocrx_word' id='word_1_156' title='bbox 1038 2391 1072 2452; x_wconf 88' lang='lat' dir='ltr'><strong>et</strong></span> <span class='ocrx_word' id='word_1_157' title='bbox 1086 2384 1304 2453; x_wconf 86' lang='lat' dir='ltr'><strong>extrinsecum</strong></span> <span class='ocrx_word' id='word_1_158' title='bbox 1320 2383 1465 2470; x_wconf 88' lang='lat' dir='ltr'><strong>puericie</strong></span> <span class='ocrx_word' id='word_1_159' title='bbox 1550 2475 1551 2478; x_wconf 8' lang='grc' dir='ltr'><strong>Ἴ</strong></span> 
     </span>
     <span class='ocr_line' id='line_1_20' title="bbox 338 2489 1551 2578; baseline -0.004 -18"><span class='ocrx_word' id='word_1_160' title='bbox 338 2513 396 2560; x_wconf 91' lang='lat' dir='ltr'><strong>sne</strong></span> <span class='ocrx_word' id='word_1_161' title='bbox 412 2494 608 2578; x_wconf 81' lang='lat' dir='ltr'><strong>temporibus</strong></span> <span class='ocrx_word' id='word_1_162' title='bbox 625 2493 693 2560; x_wconf 86' lang='lat' dir='ltr'><strong>fere</strong></span> <span class='ocrx_word' id='word_1_163' title='bbox 710 2492 754 2560; x_wconf 87' lang='lat' dir='ltr'><strong>ad</strong></span> <span class='ocrx_word' id='word_1_164' title='bbox 770 2491 1028 2560; x_wconf 88' lang='lat' dir='ltr'><strong>exinanicionem</strong></span> <span class='ocrx_word' id='word_1_165' title='bbox 1045 2492 1173 2562; x_wconf 84' lang='lat' dir='ltr'><strong>virtutis</strong></span> <span class='ocrx_word' id='word_1_166' title='bbox 1194 2497 1338 2562; x_wconf 87' lang='lat' dir='ltr'><strong>extreme</strong></span> <span class='ocrx_word' id='word_1_167' title='bbox 1369 2489 1464 2556; x_wconf 86' lang='lat' dir='ltr'><strong>dene·</strong></span> <span class='ocrx_word' id='word_1_168' title='bbox 1550 2563 1551 2572; x_wconf 11' lang='grc' dir='ltr'>ἢ</span> 
     </span>
     <span class='ocr_line' id='line_1_21' title="bbox 337 2599 1551 2688; baseline -0.001 -24"><span class='ocrx_word' id='word_1_169' title='bbox 337 2599 450 2686; x_wconf 83' lang='lat' dir='ltr'><strong>nisset,</strong></span> <span class='ocrx_word' id='word_1_170' title='bbox 483 2599 570 2667; x_wconf 92' lang='lat' dir='ltr'><strong>idem</strong></span> <span class='ocrx_word' id='word_1_171' title='bbox 602 2601 716 2668; x_wconf 80' lang='lat' dir='ltr'><strong>eomes</strong></span> <span class='ocrx_word' id='word_1_172' title='bbox 748 2599 886 2668; x_wconf 83' lang='lat' dir='ltr'><strong>blechox</strong></span> <span class='ocrx_word' id='word_1_173' title='bbox 917 2601 950 2668; x_wconf 94' lang='lat' dir='ltr'><strong>in</strong></span> <span class='ocrx_word' id='word_1_174' title='bbox 967 2601 1192 2688; x_wconf 89' lang='lat' dir='ltr'><strong>legacionibns</strong></span> <span class='ocrx_word' id='word_1_175' title='bbox 1225 2599 1306 2668; x_wconf 92' lang='lat' dir='ltr'><strong>dicti</strong></span> <span class='ocrx_word' id='word_1_176' title='bbox 1325 2599 1464 2666; x_wconf 91' lang='lat' dir='ltr'><strong>condam</strong></span> <span class='ocrx_word' id='word_1_177' title='bbox 1550 2615 1551 2644; x_wconf 79' lang='lat'>³</span> 
     </span>
     <span class='ocr_line' id='line_1_22' title="bbox 338 2705 1551 2798; baseline 0.005 -26"><span class='ocrx_word' id='word_1_178' title='bbox 338 2705 461 2774; x_wconf 92' lang='lat' dir='ltr'><strong>domini</strong></span> <span class='ocrx_word' id='word_1_179' title='bbox 477 2707 626 2776; x_wconf 88' lang='lat' dir='ltr'><strong>Ladislai</strong></span> <span class='ocrx_word' id='word_1_180' title='bbox 642 2707 741 2794; x_wconf 89' lang='lat' dir='ltr'><strong>Regis</strong></span> <span class='ocrx_word' id='word_1_181' title='bbox 756 2707 991 2793; x_wconf 89' lang='lat' dir='ltr'><strong>multiplicibus</strong></span> <span class='ocrx_word' id='word_1_182' title='bbox 1009 2709 1202 2798; x_wconf 88' lang='lat' dir='ltr'><strong>insudando,</strong></span> <span class='ocrx_word' id='word_1_183' title='bbox 1218 2711 1251 2778; x_wconf 92' lang='lat' dir='ltr'><strong>in</strong></span> <span class='ocrx_word' id='word_1_184' title='bbox 1267 2707 1417 2778; x_wconf 88' lang='lat' dir='ltr'><strong>omnibus</strong></span> <span class='ocrx_word' id='word_1_185' title='bbox 1433 2714 1465 2774; x_wconf 88' lang='lat' dir='ltr'><strong>et</strong></span> <span class='ocrx_word' id='word_1_186' title='bbox 1550 2713 1551 2778; x_wconf 69' lang='grc' dir='ltr'>Ξ</span> 
     </span>
     <span class='ocr_line' id='line_1_23' title="bbox 338 2814 1551 2910; baseline 0 -28"><span class='ocrx_word' id='word_1_187' title='bbox 338 2835 396 2902; x_wconf 91' lang='lat' dir='ltr'><strong>per</strong></span> <span class='ocrx_word' id='word_1_188' title='bbox 421 2816 530 2882; x_wconf 90' lang='lat' dir='ltr'><strong>omnia</strong></span> <span class='ocrx_word' id='word_1_189' title='bbox 549 2837 607 2901; x_wconf 92' lang='lat' dir='ltr'><strong>pro</strong></span> <span class='ocrx_word' id='word_1_190' title='bbox 624 2814 790 2883; x_wconf 91' lang='lat' dir='ltr'><strong>commodo</strong></span> <span class='ocrx_word' id='word_1_191' title='bbox 806 2815 913 2900; x_wconf 87' lang='lat' dir='ltr'><strong>Regni</strong></span> <span class='ocrx_word' id='word_1_192' title='bbox 929 2817 980 2882; x_wconf 89' lang='lat' dir='ltr'><strong>sni</strong></span> <span class='ocrx_word' id='word_1_193' title='bbox 998 2817 1211 2904; x_wconf 87' lang='lat' dir='ltr'><strong>inuigilando,</strong></span> <span class='ocrx_word' id='word_1_194' title='bbox 1229 2839 1322 2886; x_wconf 91' lang='lat' dir='ltr'><strong>suam</strong></span> <span class='ocrx_word' id='word_1_195' title='bbox 1338 2815 1462 2884; x_wconf 89' lang='lat' dir='ltr'><strong>effecis·</strong></span> <span class='ocrx_word' id='word_1_196' title='bbox 1550 2847 1551 2910; x_wconf 57' lang='grc' dir='ltr'>ι</span> 
     </span>
     <span class='ocr_line' id='line_1_24' title="bbox 335 2923 1551 3011; baseline -0.002 -21"><span class='ocrx_word' id='word_1_197' title='bbox 335 2929 386 2990; x_wconf 85' lang='lat' dir='ltr'><strong>set</strong></span> <span class='ocrx_word' id='word_1_198' title='bbox 403 2923 620 3008; x_wconf 79' lang='lat' dir='ltr'><strong>voluntatcm3</strong></span> <span class='ocrx_word' id='word_1_199' title='bbox 644 2923 677 2989; x_wconf 91' lang='lat' dir='ltr'><strong>in</strong></span> <span class='ocrx_word' id='word_1_200' title='bbox 693 2925 1032 3010; x_wconf 83' lang='lat' dir='ltr'><strong>recompensacionem</strong></span> <span class='ocrx_word' id='word_1_201' title='bbox 1052 2925 1156 3011; x_wconf 88' lang='lat' dir='ltr'><strong>ipsius</strong></span> <span class='ocrx_word' id='word_1_202' title='bbox 1172 2924 1307 2994; x_wconf 74' lang='lat' dir='ltr'><strong>Comitis</strong></span> <span class='ocrx_word' id='word_1_203' title='bbox 1322 2923 1462 2991; x_wconf 83' lang='lat' dir='ltr'><strong>blachox</strong></span> <span class='ocrx_word' id='word_1_204' title='bbox 1550 2939 1551 3002; x_wconf 77' lang='lat' dir='ltr'><strong>j</strong></span> 
     </span>
     <span class='ocr_line' id='line_1_25' title="bbox 335 3029 1465 3121; baseline 0.001 -24"><span class='ocrx_word' id='word_1_205' title='bbox 335 3029 546 3097; x_wconf 85' lang='lat' dir='ltr'><strong>seruiciorum</strong></span> <span class='ocrx_word' id='word_1_206' title='bbox 556 3031 617 3096; x_wconf 92' lang='lat' dir='ltr'><strong>sibi</strong></span> <span class='ocrx_word' id='word_1_207' title='bbox 628 3049 701 3096; x_wconf 92' lang='lat' dir='ltr'><strong>cum</strong></span> <span class='ocrx_word' id='word_1_208' title='bbox 717 3029 893 3114; x_wconf 89' lang='lat' dir='ltr'><strong>diligencia</strong></span> <span class='ocrx_word' id='word_1_209' title='bbox 910 3051 1033 3100; x_wconf 87' lang='lat' dir='ltr'><strong>summe</strong></span> <span class='ocrx_word' id='word_1_210' title='bbox 1048 3031 1214 3101; x_wconf 87' lang='lat' dir='ltr'><strong>fidelitatis</strong></span> <span class='ocrx_word' id='word_1_211' title='bbox 1230 3033 1465 3121; x_wconf 86' lang='lat' dir='ltr'><strong>impensorum,</strong></span> 
     </span>
     <span class='ocr_line' id='line_1_26' title="bbox 334 3125 1551 3228; baseline 0.002 -25"><span class='ocrx_word' id='word_1_212' title='bbox 334 3142 368 3203; x_wconf 89' lang='lat' dir='ltr'><strong>ct</strong></span> <span class='ocrx_word' id='word_1_213' title='bbox 382 3155 445 3220; x_wconf 86' lang='lat' dir='ltr'><strong>que</strong></span> <span class='ocrx_word' id='word_1_214' title='bbox 473 3135 535 3206; x_wconf 88' lang='lat' dir='ltr'><strong>sibi</strong></span> <span class='ocrx_word' id='word_1_215' title='bbox 566 3135 752 3221; x_wconf 88' lang='lat' dir='ltr'><strong>impendere</strong></span> <span class='ocrx_word' id='word_1_216' title='bbox 782 3147 891 3222; x_wconf 86' lang='lat' dir='ltr'><strong>posset</strong></span> <span class='ocrx_word' id='word_1_217' title='bbox 906 3137 940 3206; x_wconf 91' lang='lat' dir='ltr'><strong>in</strong></span> <span class='ocrx_word' id='word_1_218' title='bbox 971 3141 1125 3228; x_wconf 83' lang='lat' dir='ltr'><strong>loturum,</strong></span> <span class='ocrx_word' id='word_1_219' title='bbox 1157 3142 1267 3226; x_wconf 88' lang='lat' dir='ltr'><strong>ipsum</strong></span> <span class='ocrx_word' id='word_1_220' title='bbox 1300 3140 1460 3210; x_wconf 75' lang='lat' dir='ltr'><strong>comitem</strong></span> <span class='ocrx_word' id='word_1_221' title='bbox 1550 3125 1551 3162; x_wconf 71' lang='lat'>³</span> 
     </span>
     <span class='ocr_line' id='line_1_27' title="bbox 333 3243 1551 3333; baseline 0.004 -22"><span class='ocrx_word' id='word_1_222' title='bbox 333 3243 481 3331; x_wconf 86' lang='lat' dir='ltr'><strong>Machox,</strong></span> <span class='ocrx_word' id='word_1_223' title='bbox 501 3244 545 3310; x_wconf 78' lang='lat' dir='ltr'><strong>&#39;et</strong></span> <span class='ocrx_word' id='word_1_224' title='bbox 559 3263 617 3330; x_wconf 90' lang='lat' dir='ltr'><strong>per</strong></span> <span class='ocrx_word' id='word_1_225' title='bbox 633 3263 707 3312; x_wconf 91' lang='lat' dir='ltr'><strong>eum</strong></span> <span class='ocrx_word' id='word_1_226' title='bbox 737 3243 877 3314; x_wconf 83' lang='lat' dir='ltr'><strong>Zumbor</strong></span> <span class='ocrx_word' id='word_1_227' title='bbox 895 3245 1026 3314; x_wconf 86' lang='lat' dir='ltr'><strong>fratrem</strong></span> <span class='ocrx_word' id='word_1_228' title='bbox 1042 3267 1136 3316; x_wconf 83' lang='lat' dir='ltr'><strong>suum</strong></span> <span class='ocrx_word' id='word_1_229' title='bbox 1153 3248 1322 3333; x_wconf 81' lang='lat' dir='ltr'><strong>uterinum,</strong></span> <span class='ocrx_word' id='word_1_230' title='bbox 1339 3248 1459 3318; x_wconf 84' lang='lat' dir='ltr'><strong>Farca-</strong></span> <span class='ocrx_word' id='word_1_231' title='bbox 1550 3267 1551 3274; x_wconf 53' lang='lat'>¹</span> 
     </span>
     <span class='ocr_line' id='line_1_28' title="bbox 333 3351 1551 3446; baseline 0.006 -27"><span class='ocrx_word' id='word_1_232' title='bbox 333 3351 426 3440; x_wconf 86' lang='lat' dir='ltr'><strong>sium,</strong></span> <span class='ocrx_word' id='word_1_233' title='bbox 446 3354 552 3439; x_wconf 79' lang='lat' dir='ltr'><strong>boesa,</strong></span> <span class='ocrx_word' id='word_1_234' title='bbox 569 3351 714 3439; x_wconf 77' lang='lat' dir='ltr'><strong>Gyroult,</strong></span> <span class='ocrx_word' id='word_1_235' title='bbox 730 3353 955 3440; x_wconf 74' lang='lat' dir='ltr'><strong>Augustinus,</strong></span> <span class='ocrx_word' id='word_1_236' title='bbox 977 3354 1076 3442; x_wconf 84' lang='lat' dir='ltr'><strong>Helys</strong></span> <span class='ocrx_word' id='word_1_237' title='bbox 1093 3363 1127 3425; x_wconf 89' lang='lat' dir='ltr'><strong>et</strong></span> <span class='ocrx_word' id='word_1_238' title='bbox 1140 3357 1270 3446; x_wconf 81' lang='lat' dir='ltr'><strong>Kemyn</strong></span> <span class='ocrx_word' id='word_1_239' title='bbox 1301 3364 1462 3444; x_wconf 82' lang='lat' dir='ltr'><strong>cognatos</strong></span> <span class='ocrx_word' id='word_1_240' title='bbox 1550 3361 1551 3366; x_wconf 76' lang='grc'>’</span> 
     </span>
     <span class='ocr_line' id='line_1_29' title="bbox 332 3459 1459 3554; baseline 0.008 -28"><span class='ocrx_word' id='word_1_241' title='bbox 332 3479 406 3527; x_wconf 85' lang='lat' dir='ltr'><strong>suos</strong></span> <span class='ocrx_word' id='word_1_242' title='bbox 437 3459 620 3528; x_wconf 87' lang='lat' dir='ltr'><strong>antedictos</strong></span> <span class='ocrx_word' id='word_1_243' title='bbox 653 3463 693 3528; x_wconf 90' lang='lat' dir='ltr'><strong>de</strong></span> <span class='ocrx_word' id='word_1_244' title='bbox 712 3461 900 3531; x_wconf 88' lang='lat' dir='ltr'><strong>condicione</strong></span> <span class='ocrx_word' id='word_1_245' title='bbox 929 3463 1192 3533; x_wconf 89' lang='lat' dir='ltr'><strong>thauarnieorum</strong></span> <span class='ocrx_word' id='word_1_246' title='bbox 1215 3485 1357 3554; x_wconf 88' lang='lat' dir='ltr'><strong>suorum,</strong></span> <span class='ocrx_word' id='word_1_247' title='bbox 1386 3487 1459 3535; x_wconf 89' lang='lat' dir='ltr'><strong>eum</strong></span> 
     </span>
    </p>

    <p class='ocr_par' dir='ltr' id='par_1_3' title="bbox 327 3555 1551 4206">
     <span class='ocr_line' id='line_1_30' title="bbox 331 3555 1551 3663; baseline 0.009 -31"><span class='ocrx_word' id='word_1_248' title='bbox 331 3567 429 3635; x_wconf 88' lang='lat' dir='ltr'><strong>terris</strong></span> <span class='ocrx_word' id='word_1_249' title='bbox 458 3567 602 3653; x_wconf 90' lang='lat' dir='ltr'><strong>ipsorum</strong></span> <span class='ocrx_word' id='word_1_250' title='bbox 632 3569 666 3634; x_wconf 90' lang='lat' dir='ltr'><strong>in</strong></span> <span class='ocrx_word' id='word_1_251' title='bbox 698 3569 778 3638; x_wconf 85' lang='lat' dir='ltr'><strong>villa</strong></span> <span class='ocrx_word' id='word_1_252' title='bbox 807 3571 953 3659; x_wconf 82' lang='lat' dir='ltr'><strong>&#39;Phymar</strong></span> <span class='ocrx_word' id='word_1_253' title='bbox 984 3572 1211 3663; x_wconf 86' lang='lat' dir='ltr'><strong>existentibus,</strong></span> <span class='ocrx_word' id='word_1_254' title='bbox 1243 3575 1389 3644; x_wconf 80' lang='lat' dir='ltr'><strong>duxisset</strong></span> <span class='ocrx_word' id='word_1_255' title='bbox 1418 3597 1461 3643; x_wconf 93' lang='lat' dir='ltr'><strong>ex</strong></span> <span class='ocrx_word' id='word_1_256' title='bbox 1550 3555 1551 3564; x_wconf 8' lang='grc' dir='ltr'>ἵ</span> 
     </span>
     <span class='ocr_line' id='line_1_31' title="bbox 330 3673 1551 3773; baseline 0.012 -35"><span class='ocrx_word' id='word_1_257' title='bbox 330 3673 523 3742; x_wconf 86' lang='lat' dir='ltr'><strong>liberalitate</strong></span> <span class='ocrx_word' id='word_1_258' title='bbox 553 3675 657 3761; x_wconf 87' lang='lat' dir='ltr'><strong>Regia</strong></span> <span class='ocrx_word' id='word_1_259' title='bbox 687 3679 887 3768; x_wconf 88' lang='lat' dir='ltr'><strong>eximendos,</strong></span> <span class='ocrx_word' id='word_1_260' title='bbox 905 3686 974 3747; x_wconf 88' lang='lat' dir='ltr'><strong>tam</strong></span> <span class='ocrx_word' id='word_1_261' title='bbox 989 3701 1072 3767; x_wconf 91' lang='lat' dir='ltr'><strong>pure</strong></span> <span class='ocrx_word' id='word_1_262' title='bbox 1087 3689 1121 3750; x_wconf 88' lang='lat' dir='ltr'><strong>et</strong></span> <span class='ocrx_word' id='word_1_263' title='bbox 1135 3683 1337 3773; x_wconf 84' lang='lat' dir='ltr'><strong>simpliciter,</strong></span> <span class='ocrx_word' id='word_1_264' title='bbox 1361 3691 1398 3752; x_wconf 84' lang='lat' dir='ltr'><strong>vt</strong></span> <span class='ocrx_word' id='word_1_265' title='bbox 1413 3684 1456 3752; x_wconf 92' lang='lat' dir='ltr'><strong>de</strong></span> <span class='ocrx_word' id='word_1_266' title='bbox 1550 3701 1551 3704; x_wconf 73' lang='grc'>’</span> 
     </span>
     <span class='ocr_line' id='line_1_32' title="bbox 331 3781 1455 3878; baseline 0.011 -30"><span class='ocrx_word' id='word_1_267' title='bbox 331 3789 437 3848; x_wconf 87' lang='lat' dir='ltr'><strong>cetero</strong></span> <span class='ocrx_word' id='word_1_268' title='bbox 451 3781 537 3850; x_wconf 89' lang='lat' dir='ltr'><strong>idem</strong></span> <span class='ocrx_word' id='word_1_269' title='bbox 554 3783 669 3852; x_wconf 77' lang='lat' dir='ltr'><strong>Comes</strong></span> <span class='ocrx_word' id='word_1_270' title='bbox 685 3787 833 3874; x_wconf 86' lang='lat' dir='ltr'><strong>blachox,</strong></span> <span class='ocrx_word' id='word_1_271' title='bbox 850 3787 950 3857; x_wconf 84' lang='lat' dir='ltr'><strong>frater</strong></span> <span class='ocrx_word' id='word_1_272' title='bbox 966 3796 998 3857; x_wconf 90' lang='lat' dir='ltr'><strong>ct</strong></span> <span class='ocrx_word' id='word_1_273' title='bbox 1030 3793 1161 3877; x_wconf 86' lang='lat' dir='ltr'><strong>cognati</strong></span> <span class='ocrx_word' id='word_1_274' title='bbox 1191 3793 1244 3864; x_wconf 86' lang='lat' dir='ltr'><strong>sui</strong></span> <span class='ocrx_word' id='word_1_275' title='bbox 1274 3793 1455 3878; x_wconf 87' lang='lat' dir='ltr'><strong>memorati,</strong></span> 
     </span>
     <span class='ocr_line' id='line_1_33' title="bbox 330 3893 1456 3989; baseline 0.012 -33"><span class='ocrx_word' id='word_1_276' title='bbox 330 3896 361 3956; x_wconf 93' lang='lat' dir='ltr'><strong>et</strong></span> <span class='ocrx_word' id='word_1_277' title='bbox 386 3908 503 3956; x_wconf 85' lang='lat' dir='ltr'><strong>eorum</strong></span> <span class='ocrx_word' id='word_1_278' title='bbox 528 3893 675 3981; x_wconf 85' lang='lat' dir='ltr'><strong>heredes,</strong></span> <span class='ocrx_word' id='word_1_279' title='bbox 707 3895 1090 3982; x_wconf 85' lang='lat' dir='ltr'><strong>heredumque&#39;snorum</strong></span> <span class='ocrx_word' id='word_1_280' title='bbox 1120 3919 1325 3971; x_wconf 87' lang='lat' dir='ltr'><strong>successores</strong></span> <span class='ocrx_word' id='word_1_281' title='bbox 1356 3922 1456 3989; x_wconf 87' lang='lat' dir='ltr'><strong>super</strong></span> 
     </span>
     <span class='ocr_line' id='line_1_34' title="bbox 328 3997 1551 4094; baseline 0.014 -33"><span class='ocrx_word' id='word_1_282' title='bbox 328 3997 422 4064; x_wconf 89' lang='lat' dir='ltr'><strong>terris</strong></span> <span class='ocrx_word' id='word_1_283' title='bbox 453 4017 562 4066; x_wconf 91' lang='lat' dir='ltr'><strong>eorum</strong></span> <span class='ocrx_word' id='word_1_284' title='bbox 593 4001 627 4067; x_wconf 91' lang='lat' dir='ltr'><strong>in</strong></span> <span class='ocrx_word' id='word_1_285' title='bbox 657 4001 739 4071; x_wconf 86' lang='lat' dir='ltr'><strong>villa</strong></span> <span class='ocrx_word' id='word_1_286' title='bbox 769 4003 914 4090; x_wconf 80' lang='lat' dir='ltr'><strong>Thymar</strong></span> <span class='ocrx_word' id='word_1_287' title='bbox 946 4007 1171 4094; x_wconf 83' lang='lat' dir='ltr'><strong>existentibus,</strong></span> <span class='ocrx_word' id='word_1_288' title='bbox 1201 4009 1262 4078; x_wconf 84' lang='lat' dir='ltr'><strong>illu</strong></span> <span class='ocrx_word' id='word_1_289' title='bbox 1275 4017 1309 4079; x_wconf 91' lang='lat' dir='ltr'><strong>et</strong></span> <span class='ocrx_word' id='word_1_290' title='bbox 1340 4009 1456 4080; x_wconf 83' lang='lat' dir='ltr'><strong>eadem</strong></span> <span class='ocrx_word' id='word_1_291' title='bbox 1550 4053 1551 4056; x_wconf 58' lang='lat'><em>=</em></span> 
     </span>
     <span class='ocr_line' id='line_1_35' title="bbox 327 4103 1454 4206; baseline 0.012 -35"><span class='ocrx_word' id='word_1_292' title='bbox 327 4103 510 4188; x_wconf 86' lang='lat' dir='ltr'><strong>gauderent</strong></span> <span class='ocrx_word' id='word_1_293' title='bbox 541 4106 700 4198; x_wconf 85' lang='lat' dir='ltr'><strong>libertate,</strong></span> <span class='ocrx_word' id='word_1_294' title='bbox 732 4131 797 4196; x_wconf 90' lang='lat' dir='ltr'><strong>qua</strong></span> <span class='ocrx_word' id='word_1_295' title='bbox 828 4113 927 4180; x_wconf 90' lang='lat' dir='ltr'><strong>ceteri</strong></span> <span class='ocrx_word' id='word_1_296' title='bbox 941 4113 1195 4204; x_wconf 76' lang='lat' dir='ltr'><strong>nobilesRegui</strong></span> <span class='ocrx_word' id='word_1_297' title='bbox 1210 4116 1454 4206; x_wconf 80' lang='lat' dir='ltr'><strong>perfruerentur</strong></span> 
     </span>
    </p>
   </div>
   <div class='ocr_carea' id='block_1_3' title="bbox 323 4211 1450 4408">
    <p class='ocr_par' dir='ltr' id='par_1_4' title="bbox 323 4211 1450 4408">
     <span class='ocr_line' id='line_1_36' title="bbox 325 4211 1450 4310; baseline 0.014 -32"><span class='ocrx_word' id='word_1_298' title='bbox 325 4211 386 4278; x_wconf 88' lang='lat' dir='ltr'><strong>sub</strong></span> <span class='ocrx_word' id='word_1_299' title='bbox 403 4211 523 4282; x_wconf 87' lang='lat' dir='ltr'><strong>vexillo</strong></span> <span class='ocrx_word' id='word_1_300' title='bbox 538 4213 642 4300; x_wconf 81' lang='lat' dir='ltr'><strong>Regio</strong></span> <span class='ocrx_word' id='word_1_301' title='bbox 656 4216 844 4289; x_wconf 89' lang='lat' dir='ltr'><strong>militantes.</strong></span> <span class='ocrx_word' id='word_1_302' title='bbox 868 4219 1020 4292; x_wconf 84' lang='lat' dir='ltr'><strong>Secunda</strong></span> <span class='ocrx_word' id='word_1_303' title='bbox 1035 4223 1174 4310; x_wconf 86' lang='lat' dir='ltr'><strong>predicti</strong></span> <span class='ocrx_word' id='word_1_304' title='bbox 1190 4227 1324 4296; x_wconf 78' lang='lat' dir='ltr'><strong>Comitis</strong></span> <span class='ocrx_word' id='word_1_305' title='bbox 1355 4225 1450 4295; x_wconf 84' lang='lat' dir='ltr'><strong>Pauli</strong></span> 
     </span>
     <span class='ocr_line' id='line_1_37' title="bbox 323 4319 652 4408; baseline 0.021 -23"><span class='ocrx_word' id='word_1_306' title='bbox 323 4320 359 4385; x_wconf 91' lang='lat' dir='ltr'><strong>in</strong></span> <span class='ocrx_word' id='word_1_307' title='bbox 371 4319 575 4408; x_wconf 82' lang='lat' dir='ltr'><strong>Wysregrad</strong></span> <span class='ocrx_word' id='word_1_308' title='bbox 593 4325 652 4392; x_wconf 87' lang='lat' dir='ltr'><strong>stb.</strong></span> 
     </span>
    </p>
   </div>
   <div class='ocr_carea' id='block_1_4' title="bbox 444 4518 1334 4602">
    <p class='ocr_par' dir='ltr' id='par_1_5' title="bbox 444 4518 1334 4602">
     <span class='ocr_line' id='line_1_38' title="bbox 444 4518 1334 4602; baseline 0.02 -33"><span class='ocrx_word' id='word_1_309' title='bbox 444 4518 532 4580; x_wconf 83' lang='lat' dir='ltr'>(XIV.</span> <span class='ocrx_word' id='word_1_310' title='bbox 551 4518 664 4574; x_wconf 74' lang='lat' dir='ltr'><strong>szdzedi</strong></span> <span class='ocrx_word' id='word_1_311' title='bbox 683 4520 822 4576; x_wconf 73' lang='lat' dir='ltr'><strong>oktarelie</strong></span> <span class='ocrx_word' id='word_1_312' title='bbox 842 4523 979 4578; x_wconf 76' lang='lat' dir='ltr'><strong>ittlotnsk</strong></span> <span class='ocrx_word' id='word_1_313' title='bbox 998 4530 1104 4586; x_wconf 75' lang='lat' dir='ltr'><strong>erudeli</strong></span> <span class='ocrx_word' id='word_1_314' title='bbox 1121 4532 1334 4602; x_wconf 71' lang='lat' dir='ltr'><strong>puomytuou)</strong></span> 
     </span>
    </p>
   </div>
   <div class='ocr_carea' id='block_1_5' title="bbox 0 0 1566 5152">
    <p class='ocr_par' dir='ltr' id='par_1_6' title="bbox 0 0 1566 5152">
     <span class='ocr_line' id='line_1_39' title="bbox 0 0 1566 5152; baseline 0 5"><span class='ocrx_word' id='word_1_315' title='bbox 0 0 1566 5152; x_wconf 95' lang='lat' dir='ltr'><strong> </strong></span> 
     </span>
    </p>
   </div>
  </div>
 </body>
</html>
