3124 5152
822 243 981 344 ἕξ-

334 446 503 516 Nicolaum
518 443 647 511 Banum
664 447 696 510 et
711 441 868 510 Comitem
885 441 1060 508 Henricum
1080 460 1120 508 ao
1139 439 1284 527 ipsorum
1309 461 1472 528 sequaces

336 556 370 622 in
401 555 485 622 festo
516 549 792 620 Annunciacionis
822 549 924 618 Beate
955 549 1106 634 Vinginis
1137 549 1283 635 proxime
1303 552 1470 636 preterito,

335 664 371 732 in
385 661 554 748 Wcreucc,
569 658 658 746 apud
674 657 844 726 ecclesiam
859 657 1010 726 Fratrum
1026 659 1198 747 itinerum,
1214 678 1279 743 que
1294 658 1330 725 in
1349 659 1471 729 honore

336 773 439 839 Beate
470 767 616 852 Virginis
646 766 749 834 llarie
773 773 824 835 est
840 771 1035 854 constructa,
1052 766 1196 853 plublice
1211 769 1473 836 excommunica-

336 879 442 946 vimus
458 877 490 942 in
508 875 637 961 scriptis
653 880 685 942 et
700 874 967 944 denunciavimus
992 875 1297 963 excommunicatos,
1329 877 1472 962 pulsatis

338 985 513 1073 campanis,
528 983 673 1052 candelis
689 984 839 1052 accensis
857 989 890 1051 et
905 983 1067 1066 extinctis,
1084 989 1117 1051 et
1133 987 1174 1054 ab
1190 985 1341 1054 omnibus
1357 987 1465 1054 arcius

341 1093 519 1177 evitandos,
534 1112 573 1161 ao
589 1099 691 1160 totam
708 1099 828 1160 terram
847 1091 988 1178 ipsorum
1010 1093 1231 1162 ecclesiastico
1257 1095 1471 1182 supponimus

338 1202 523 1290 interdicto,
555 1201 657 1270 donec
688 1200 730 1269 de
744 1201 916 1288 premissis
933 1201 1119 1271 excessibus
1136 1208 1167 1268 et
1182 1203 1366 1273 commissis
1383 1204 1459 1272 dam

337 1312 410 1399 puis
427 1315 459 1379 et
474 1309 599 1378 iniuriis
630 1309 731 1378 illatis
762 1311 843 1396 Dec,
878 1307 1026 1378 Ecclesic
1057 1316 1089 1378 et
1118 1309 1221 1392 nobis,
1246 1329 1286 1378 ac
1316 1309 1469 1380 fratribus

335 1421 465 1504 nostris,
492 1418 641 1505 Capitulo
672 1419 825 1487 videlicet
855 1416 1078 1504 Zagrabicnsi,
1110 1418 1326 1486 satisfaciant.
1361 1421 1470 1499 Quare

337 1536 444 1598 vestre
460 1527 685 1615 supplicamus
697 1527 888 1613 paternitati
906 1526 1078 1612 diligenter
1093 1527 1293 1610 requirendo
1303 1536 1336 1596 et
1350 1529 1465 1596 devote

336 1644 496 1723 quatenus
520 1639 666 1723 prefatos
681 1637 873 1721 Magistrum
888 1636 1080 1720 Johunuem,
1097 1635 1270 1706 Nicolaum
1285 1637 1414 1705 Banum
1431 1647 1463 1706 et

337 1745 494 1816 Comitem
524 1745 699 1812 chrioum
724 1765 763 1812 ac
794 1763 904 1812 eorum
937 1746 1110 1832 complices
1141 1752 1250 1814 vestra
1281 1745 1461 1832 paternitas

335 1861 500 1941 tamquam
515 1851 811 1920 excommunicatos
830 1853 909 1920 velit
924 1853 1058 1940 evitare,
1083 1859 1115 1920 et
1131 1853 1171 1920 ab
1187 1852 1337 1922 omnibus
1353 1855 1460 1922 arcius

335 1963 436 2032 tacut
450 1961 573 2031 evitari.
588 1963 708 2028 Datum
726 1959 898 2046 Zagrabic‚
915 1963 949 2027 in
964 1961 1085 2029 Sancto
1117 1960 1263 2028 Sabbato
1294 1981 1381 2029 anno
1398 1963 1455 2030 Do·

336 2073 413 2139 mini
432 2071 670 2138 MCCLXXXI.

444 2181 511 2248 Nos
528 2199 603 2246 vero
619 2177 776 2266 predictis
791 2177 897 2246 literis
913 2179 1033 2266 prefati
1055 2182 1177 2251 domini
1194 2187 1347 2272 Episcopi
1373 2189 1464 2257 fidem

337 2297 373 2355 ut
388 2285 560 2355 debuimus
591 2287 759 2354 credulam
779 2285 983 2380 adhibentes,
1002 2311 1041 2358 ac
1058 2293 1126 2360 eius
1143 2291 1324 2378 predictam
1343 2316 1464 2363 excom-

336 2392 570 2464 municacionis
586 2396 786 2462 sentenciam
801 2397 1033 2485 approbantes,
1049 2400 1297 2472 universitatem
1325 2413 1462 2472 vestram

337 2503 530 2590 requirimus
561 2509 593 2570 ct
608 2522 784 2591 monemus,
819 2510 978 2590 quatenns
1008 2508 1111 2578 dictos
1137 2511 1221 2578 filios
1238 2511 1372 2580 chrici
1386 2513 1463 2580 Bari
1548 2493 1549 2551 l

336 2620 370 2681 ct
385 2613 529 2698 ipsorum
545 2611 719 2697 complices
736 2619 769 2680 et
792 2632 958 2704 sequaces,
989 2635 1060 2682 cum
1093 2613 1136 2683 ad
1167 2638 1227 2686 ros
1258 2623 1463 2708 accesserint,

337 2727 500 2804 tamquam
534 2721 825 2789 excommunicatos
858 2729 890 2789 ct
916 2725 1187 2794 anatematizatus
1219 2728 1327 2796 velitis
1359 2729 1462 2797 arcius
1547 2751 1548 2760 ¹

335 2827 469 2914 evitare,
496 2828 597 2895 donec
613 2827 674 2914 ipsi
691 2828 820 2896 domino
837 2829 998 2917 Episcopo
1015 2841 1047 2900 et
1064 2833 1211 2902 Ecclesic
1242 2855 1301 2904 sue
1332 2840 1462 2924 prestita

334 2933 560 3004 satisfactione
594 2933 806 3021 dampnorum
838 2944 870 3005 et
885 2938 1073 3007 iniuriarum
1090 2943 1271 3011 huiusmodi
1290 2949 1460 3016 secundum
1546 3005 1547 3016 t

334 3045 469 3112 sormam
494 3045 641 3112 Ecclesia
657 3045 777 3114 tuerint
792 3047 949 3132 legittime
966 3051 1115 3118 absoluti.
1150 3055 1269 3121 Datum
1301 3056 1459 3145 Strigonii‚

334 3153 446 3220 eodem
463 3174 559 3240 anno,
577 3153 676 3220 tercio
686 3155 741 3220 die
751 3156 988 3240 quindenarum
1006 3159 1140 3228 Domice
1154 3163 1417 3236 Resurrectionis.

335 3355 507 3422 (Thaletica,
539 3359 721 3412 Monuments
752 3361 890 3412 historica
908 3364 1093 3429 Episcopatus
1121 3367 1319 3433 Zagrabiensis
1349 3373 1371 3422 1.
1402 3373 1460 3422 lrdt.

479 3452 539 3498 206.
559 3449 578 3498 1.
598 3450 631 3500 V.
651 3453 677 3500 ὅ.
697 3451 779 3518 lisjer
798 3451 864 3504 Ocd.
885 3455 960 3519 Dipl.
981 3460 1014 3510 V.
1035 3460 1092 3510 sut
1115 3464 1138 3509 3.
1158 3475 1180 3510 r.
1203 3465 1261 3512 105.
1278 3465 1309 3526 l.)
