3148 5146
814 279 973 378 *9ss-

330 471 674 557 ComiteZeladicnsi,
700 471 826 540 Jacobo
857 471 983 539 Comite
1014 471 1192 558 Nytriensi,
1207 478 1240 540 et
1255 474 1332 544 aliis
1362 495 1458 559 quam

300 657 303 664 ,
328 581 476 666 pluribus
492 581 672 648 Comitatus
688 580 793 664 Regni
811 580 997 648 tenentibus
1015 586 1047 646 et
1064 579 1217 648 honores.

416 778 578 840 (Tlrulesics¹
597 779 722 828 Menum.
742 777 807 827 hist.
827 777 919 841 Episc.
940 777 1134 842 Zagrsbiensis
1153 777 1176 826 1.
1196 779 1257 828 ket.
1281 785 1340 830 171.
1355 783 1385 845 l)

757 1063 926 1072 -—.--—-—.—
932 1065 961 1072 u·-
967 1065 1022 1072 ι--ισκ

859 1589 913 1660 93.

322 1791 383 1858 IV.
398 1791 516 1856 Lcszlc
530 1791 712 1877 kirdlyaek
730 1789 888 1855 Zurcinka
904 1792 1060 1878 belycdyet
1085 1795 1241 1877 terppozd
1267 1795 1450 1882 udomdnyu

536 1895 690 1964 Salomon
706 1897 941 1980 Gdborncleflo
956 1903 1112 1964 ezdmriru.
1135 1900 1233 1967 1274.

428 2091 606 2159 Ladizlaus
638 2093 701 2159 Dei
731 2093 845 2178 gracia
886 2093 1042 2179 Vngarie,
1084 2093 1265 2178 Dalmecie‚
1302 2097 1446 2187 Oroacie,

320 2199 433 2278 Reme,
452 2197 574 2281 Seruie,
609 2197 760 2284 Gallicie,
790 2198 994 2286 Lodomerie,
1027 2198 1196 2286 Cumanie,
1229 2201 1449 2292 Bulgarieque

236 2291 239 2294 ¹
321 2307 392 2374 Rex
407 2303 556 2372 omnibus
570 2311 638 2371 tam
654 2305 857 2390 presentibus
890 2327 989 2392 qnam
1005 2306 1122 2374 futuris
1139 2317 1308 2394 presentes
1327 2313 1448 2383 litteras

320 2411 514 2498 inspecturis
530 2411 669 2480 salutem
685 2413 719 2478 in
734 2433 783 2498 eo,
799 2413 854 2498 qui
870 2422 1015 2482 eternam
1035 2418 1172 2484 sulutem
1202 2417 1347 2501 Regibus
1369 2421 1449 2490 elar-

321 2518 417 2602 gitur.
436 2519 478 2585 Vl
509 2518 706 2586 collaciones
732 2518 917 2605 Principum
939 2528 1094 2608 perpetue
1109 2519 1283 2590 soliditatis
1300 2524 1450 2594 firmitate

321 2624 505 2712 fulciantur,
521 2625 766 2710 priuilegiorum
783 2626 888 2694 solent
903 2629 1081 2697 munimine
1098 2628 1299 2716 confirmeri;
1325 2651 1450 2716 preser-

319 2733 378 2801 tim
409 2733 487 2816 quia
501 2731 536 2800 id
551 2733 776 2801 inconcussum
802 2743 983 2822 permanet,
999 2735 1088 2821 qood
1103 2735 1207 2821 Regio
1223 2735 1323 2805 luerit
1340 2749 1446 2826 patro·

319 2841 403 2909 oinio
419 2839 657 2909 communitum.
674 2839 817 2908 Proinde
831 2839 875 2908 ad
890 2843 1112 2910 uniuersorum
1144 2850 1212 2910 tam
1244 2848 1449 2928 presencium

320 2969 417 3034 quam
443 2948 623 3016 futurorum
638 2946 790 3015 noticiam
807 2949 957 3018 uolumus
972 2951 1146 3036 peruenire
1162 2975 1170 3014 :
1189 2948 1274 3038 quod
1290 2953 1445 3025 Salomon

317 3055 405 3124 filius
421 3054 586 3122 Gabrielis
602 3055 709 3123 tidelis
725 3062 836 3124 noster
851 3057 895 3124 ad
905 3065 1050 3125 nostram
1060 3056 1221 3128 accedens
1231 3062 1450 3144 presenciam,

318 3162 483 3247 quendam
512 3168 631 3230 terram
664 3160 771 3232 castri
803 3163 845 3230 de
861 3163 935 3232 Aba
965 3164 1090 3250 Wyuar
1119 3164 1268 3234 Zamnes
1294 3177 1445 3238 vocatam

319 3271 449 3340 anobis
466 3269 584 3358 petiuit
605 3269 668 3338 sibi
700 3269 772 3338 deri
803 3270 952 3356 dicendo,
985 3271 1124 3340 eandem
1155 3291 1295 3341 uacuam
1326 3295 1404 3345 esse
1419 3283 1451 3344 et

318 3377 591 3447 inhabitatoribus
611 3377 809 3449 destitutam.
831 3379 949 3446 Verum
966 3381 1045 3464 quic
1062 3379 1157 3447 uobis
1173 3377 1316 3449 deterre
1333 3384 1448 3450 eadem

317 3485 439 3552 ueritas
455 3505 519 3553 non
535 3485 725 3568 constabat;
749 3505 808 3554 nos
824 3485 946 3554 lactum
961 3494 1048 3556 terre
1066 3485 1210 3554 eiusdem
1236 3487 1448 3572 inquisicioni
1565 3489 1566 3582 l

317 3589 461 3676 Capituli
491 3591 662 3678 Agriensis
694 3591 845 3662 duximus
869 3595 1144 3663 committendam.
1161 3593 1225 3673 Qui
1240 3597 1448 3681 postmodum
1565 3585 1566 3652 3

315 3699 410 3767 nobis
424 3699 587 3784 prefatam
603 3705 725 3767 terram
741 3720 814 3769 esse
829 3707 952 3770 terram
968 3703 1074 3771 Cosmi
1101 3702 1275 3789 prenotati,
1306 3721 1448 3772 uacuam
1565 3761 1566 3802 p

314 3807 444 3893 penitus
475 3815 508 3876 et
521 3805 762 3876 habitatoribus
793 3805 995 3895 destitutam,
1011 3817 1043 3877 et
1058 3809 1132 3878 vsui
1148 3809 1244 3878 nium
1264 3817 1447 3879 metrorum

314 3912 529 3983 sullicieutem
545 3915 599 3982 uel
630 3913 728 3999 paulo
759 3913 845 4001 plus,
862 3915 897 3982 iu
912 3915 980 3983 suis
1009 3913 1127 3983 litteris
1158 3913 1362 3985 intimarunt.
1379 3921 1451 3987 Nos

175 4091 176 4094 ,
312 4021 423 4106 itaque
455 4019 601 4090 eiusdem
617 4019 800 4091 Salomonis
827 4022 980 4108 graciosa
995 4021 1156 4106 obsequia
1172 4028 1205 4088 et
1219 4019 1333 4092 fidelia
1346 4027 1447 4093 serni·
1565 4045 1566 4080 1

313 4128 375 4218 cia,
396 4148 458 4215 qne
489 4126 577 4197 idem
593 4149 615 4198 a
630 4129 831 4216 temporibus
861 4149 919 4198 sue
948 4131 1136 4218 iuuentutis,
1168 4127 1308 4216 primum
1338 4130 1446 4201 karis-

313 4235 386 4305 simi
415 4235 520 4324 petris
552 4237 655 4306 nostri
680 4239 780 4324 Regis
797 4237 844 4306 St.
861 4237 950 4306 clare
979 4236 1228 4324 recordacionis,
1246 4243 1279 4304 et
1294 4255 1355 4325 per
1368 4259 1444 4306 eon-

313 4363 452 4432 scquens
467 4343 587 4415 nostris
605 4345 807 4433 temporibus
823 4344 858 4414 in
875 4343 1015 4416 diuersis
1041 4343 1307 4432 expedicionibus
1337 4345 1446 4431 Regni
1565 4397 1566 4402 ,

312 4452 426 4536 nostri,
444 4457 477 4522 et
491 4453 678 4541 specialiter
707 4455 743 4523 in
759 4455 1009 4542 expugnatione
1024 4454 1124 4524 castri
1140 4452 1334 4542 laudensis,
1353 4452 1441 4539 quod

310 4573 370 4642 per
384 4555 581 4628 Teutonicos
612 4567 727 4630 contra
757 4553 902 4631 nostram
932 4563 1069 4648 Regiam
1101 4560 1309 4630 bidentatem
1339 4559 1442 4628 conti·
1565 4577 1566 4588 ¹
