3068 5150
820 319 981 422 Q„

337 541 505 592 uersurum
523 527 589 586 tam
607 517 809 604 presencium
826 535 923 600 quam
939 516 1118 582 futurorum
1135 519 1254 585 noticie
1269 525 1383 587 tenore
1395 541 1459 607 pre·

337 631 487 697 senoium
497 630 646 696 uolumus
656 623 724 691 fieri
734 623 954 708 manifestum,
971 623 1055 706 quod
1068 623 1141 690 licet
1150 625 1271 693 nobilis
1288 628 1338 692 uir
1353 629 1460 696 Comes

336 738 466 823 Kemyn
481 735 567 802 filius
584 732 720 800 Comitis
752 731 920 800 Benedicti
951 730 993 797 de
1023 729 1144 813 Pukur‚
1177 732 1283 801 frater
1314 734 1459 802 videlicet

255 837 257 844 ’
336 844 424 914 Petri
454 839 617 928 quondam
633 842 726 927 Bani,
741 840 834 906 iuxta
850 837 1087 906 continenciam
1104 859 1161 908 seu
1177 847 1321 908 tenorem
1340 843 1458 911 littera·
1529 871 1530 880 κ

336 974 407 1021 rum
422 957 604 1018 nostrarum
620 948 762 1036 priorum
779 947 971 1014 dominabus
988 965 1047 1014 seu
1063 948 1228 1016 sororibus
1254 951 1377 1018 Sancte
1399 951 1460 1017 lla·

337 1061 385 1130 rie
399 1059 542 1144 Virginis
557 1059 598 1126 de
622 1059 736 1124 Insula
752 1058 923 1124 occasione
939 1055 1025 1123 dotis
1040 1063 1073 1124 et
1088 1077 1194 1124 rerum
1209 1059 1462 1142 paraiernalinm

339 1169 456 1238 nobilis
473 1167 604 1236 domine
633 1166 743 1233 relicte
775 1163 909 1232 Comitis
941 1166 1061 1252 Abrae,
1092 1163 1224 1232 racione
1255 1169 1348 1234 cuius
1382 1167 1462 1234 dotis
1530 1194 1531 1224 u

339 1277 450 1345 eedem
477 1296 603 1344 sorores
618 1272 782 1360 quandam
803 1273 1044 1360 possessionem
1061 1273 1173 1342 Pnkur
1189 1282 1340 1342 vocatam
1357 1297 1461 1343 coram
1530 1327 1531 1330 ,

339 1385 469 1454 domino
484 1384 640 1452 Ladinlao
656 1382 775 1451 illustri
800 1381 891 1465 Rege
921 1381 1065 1464 Vngarie
1097 1383 1297 1468 inpetebaut‚
1330 1383 1464 1469 quadra·

341 1494 433 1577 ginta
463 1513 601 1580 marcas,
618 1491 766 1575 singulae
782 1511 854 1558 eum
871 1489 1008 1574 singulis
1026 1489 1170 1576 quinque
1188 1493 1300 1578 pensis
1318 1493 1464 1561 denario·

339 1623 409 1670 rum
449 1601 620 1668 Banalium
661 1605 882 1685 computatam
908 1600 985 1665 item
1017 1599 1138 1666 Paulus
1179 1599 1279 1668 frater
1319 1602 1464 1670 eiusdem

339 1708 473 1777 Comitis
489 1711 615 1794 Kemyn
640 1706 772 1774 racione
788 1706 1024 1776 destruccionis
1038 1707 1115 1774 ville
1131 1708 1304 1775 earundem
1323 1731 1465 1779 sororum

340 1819 464 1888 Samud
479 1826 595 1887 uocate
626 1817 795 1887 duodecim
828 1821 928 1886 boues
960 1817 1276 1902 composicionsliter
1305 1818 1341 1884 in
1370 1819 1466 1884 certis

340 1927 486 1998 terminis
503 1925 629 1994 eisdem
646 1925 812 1994 sororibus
829 1945 936 1992 coram
954 1925 1045 1992 nobis
1061 1924 1143 1992 darc
1159 1932 1192 1992 et
1207 1925 1335 1995 soluere
1351 1927 1467 1993 debue-

340 2035 382 2102 rit
399 2060 406 2101 :
424 2043 534 2102 tamen
549 2033 635 2104 idem
651 2034 767 2102 Comes
793 2036 921 2121 Kemyn
954 2053 1011 2118 pro
1043 2053 1078 2101 se
1109 2041 1141 2100 et
1171 2053 1229 2120 pro
1260 2034 1401 2102 Nicolao
1431 2054 1466 2100 au

339 2144 524 2212 Laurencio
556 2143 632 2230 dlijs
664 2142 809 2212 eiusdem
840 2141 928 2209 Petri
958 2140 1041 2210 Bani
1057 2141 1171 2210 frutris
1187 2143 1238 2210 eui
1254 2143 1467 2229 personaliter

338 2251 554 2338 comparando
586 2252 678 2337 ipsas
709 2248 931 2334 quadraginta
971 2269 1099 2316 marcas
1130 2248 1227 2317 modo
1258 2251 1465 2338 supradicto;
1532 2243 1533 2302 Ὗ

340 2361 418 2428 item
448 2358 571 2428 Paulus
602 2359 702 2427 irater
732 2358 878 2428 eiusdem
910 2357 1014 2425 dictos
1045 2357 1215 2426 duodecim
1239 2359 1340 2426 boues
1356 2359 1392 2425 in
1407 2367 1466 2425 ter·

340 2466 437 2536 minis
476 2467 521 2534 ad
559 2467 704 2535 dandum
745 2471 778 2534 et
808 2466 998 2534 soluendum
1029 2466 1207 2553 assumptis
1237 2465 1334 2534 fratri
1366 2468 1467 2534 Paulo

341 2571 505 2642 Conuerso
521 2571 653 2642 Ordinis
669 2576 820 2642 Fratrum
830 2573 1082 2658 Predieatorum‚
1093 2573 1246 2642 Generali
1262 2575 1467 2643 Procuratori

339 2682 482 2768 ipsarum
512 2683 727 2769 dominarum,
758 2682 875 2750 Comiti
905 2681 1068 2769 Myehaeli
1108 2681 1251 2751 Officiali
1292 2681 1468 2750 earundem

339 2789 469 2858 nomine
500 2798 533 2858 et
547 2791 619 2860 vice
648 2791 838 2876 Monasterij
870 2790 992 2857 Sancte
1016 2789 1117 2858 llario
1132 2791 1278 2876 Virginis
1295 2790 1336 2858 de
1353 2791 1466 2858 Insula

342 2920 383 2966 ac
398 2897 623 2968 uniuersarum
635 2919 780 2968 sororum
791 2899 832 2966 de
843 2901 967 2988 ecdem,
980 2901 1242 2988 comparentibus
1258 2903 1428 2968 sciuerunt
1438 2907 1469 2964 et

340 3006 500 3076 dederunt
515 3007 662 3092 plenarie
678 3028 787 3076 eoram
802 3008 907 3092 nobis,
925 3009 1061 3076 eundem
1078 3006 1234 3076 Comitem
1250 3009 1392 3095 Kemyn,
1415 3007 1468 3073 Ni-

344 3115 469 3184 colaum
484 3123 516 3184 et
531 3116 725 3184 Laurenium
741 3115 824 3182 filios
840 3115 928 3183 Petri
944 3115 1037 3202 Beni,
1053 3137 1093 3183 ac
1112 3117 1255 3202 ipsorum
1272 3115 1414 3183 heredes
1437 3115 1468 3180 iu

341 3225 427 3293 lacto
443 3224 529 3293 dotis
539 3223 623 3292 dicte
640 3223 768 3292 domine
784 3223 896 3291 relicte
912 3221 1051 3291 Comitis
1068 3225 1185 3307 Abrae,
1202 3223 1283 3290 etin
1304 3223 1469 3290 solucione

341 3333 561 3419 quadraginta
577 3351 758 3399 marcarum
774 3331 994 3417 predictarum
1011 3351 1070 3416 pro
1086 3332 1161 3416 ipsa
1176 3331 1251 3397 dote
1266 3330 1469 3414 debitarum

342 3443 417 3508 item
450 3439 588 3510 eundem
607 3441 744 3507 Paulum
760 3439 794 3505 in
809 3439 899 3506 lacto
924 3438 1095 3507 duodecim
1111 3442 1209 3508 boum
1226 3441 1293 3507 iam
1309 3438 1467 3507 dictorum

340 3549 472 3616 nomine
487 3547 624 3634 predicti
639 3549 827 3632 Monasterij
846 3548 1116 3614 ecvniuersarum
1132 3568 1278 3615 sororum
1296 3549 1337 3615 de
1354 3547 1467 3615 ecdem

341 3656 554 3725 reddiderunt
568 3675 647 3742 pure
663 3662 696 3722 et
712 3655 901 3741 simpliciter
919 3656 1107 3742 expeditos;
1123 3662 1155 3722 et
1170 3657 1275 3744 ipsam
1291 3657 1470 3742 possessio

340 3787 416 3833 nom
432 3762 553 3851 Pulrur,
570 3765 604 3830 in
620 3771 714 3851 parte
729 3769 762 3831 et
777 3764 811 3829 in
827 3771 908 3852 toto,
924 3767 967 3830 ab
983 3764 1068 3830 omni
1084 3765 1292 3851 impeticione
1308 3776 1339 3834 et
1371 3786 1471 3834 vexa·

341 3873 436 3940 eione
466 3871 610 3958 ipsarum
650 3892 795 3939 sororum
838 3872 1022 3958 expeditam
1056 3881 1087 3939 et
1118 3875 1241 3959 puriter
1273 3875 1469 3942 absolutam.

341 3980 494 4048 Preterea
509 3980 597 4048 idem
615 3979 713 4048 frater
741 3981 861 4048 Paulus
877 3985 909 4047 et
940 3981 1055 4048 Comes
1084 3981 1235 4068 Mychael
1266 3982 1463 4051 reddideruu

341 4093 373 4154 et
387 4089 599 4155 restituerunt
615 4108 723 4155 coram
740 4088 836 4155 nobis
853 4088 960 4155 eidem
977 4087 1092 4155 Comiti
1108 4090 1236 4176 Kemyn
1252 4087 1469 4158 instrumenta

341 4202 375 4264 et
390 4197 586 4264 munimenta
602 4217 641 4264 ac
671 4197 846 4285 priuilegia
877 4205 943 4264 tam
975 4197 1112 4282 Regalis
1144 4218 1242 4282 quam
1272 4199 1340 4264 alia
1373 4217 1471 4283 super

341 4302 455 4371 eadem
480 4305 685 4388 possessione
710 4305 822 4372 Pukur
837 4305 950 4372 habits
966 4312 998 4373 et
1014 4306 1170 4374 confecta
1188 4307 1337 4373 Ceterum
1358 4325 1470 4374 omnes

340 4412 467 4478 litteras
484 4431 581 4497 super
596 4431 752 4498 processu
769 4414 872 4480 tocius
888 4433 984 4480 cause
1009 4413 1156 4500 predicte
1187 4421 1358 4482 emanatas
1388 4415 1469 4481 alte-

343 4525 435 4585 rutra
451 4518 594 4604 parcium
610 4518 754 4588 reddidit
770 4519 814 4588 ad
831 4523 1043 4606 cassandum3
1069 4524 1116 4589 ita
1132 4530 1167 4589 ut
1181 4523 1210 4589 si
1226 4544 1292 4607 qua
1322 4525 1470 4608 ipsarum

342 4625 474 4709 aliquas
490 4645 531 4692 ex
546 4626 628 4709 ipsis
659 4627 884 4697 fraudulenter
913 4649 1015 4716 penes
1033 4651 1069 4699 se
1100 4639 1310 4718 reseruasset,
1345 4633 1471 4704 uiribus
