3148 5146
564 313 724 413 ..¹93-

72 517 186 578 uostre
202 505 429 589 cancellatim
451 507 554 573 Paulo
571 503 807 591 Vesprimiensi
823 506 900 573 aule
926 511 1038 573 nostre
1054 504 1237 574 crocotis-u

73 619 134 705 rio,
152 615 347 685 Lodomerio
364 612 584 698 Waradiensi
600 611 802 701 Thymotheo
816 611 1040 699 Zagrabiensi,
1057 611 1219 699 Dyonisio

74 723 245 796 Jauriensi
261 728 295 791 et
309 721 408 789 Petro
426 719 663 789 Traussiluauo
680 719 852 806 Episcopis
868 719 1036 789 Eoolesias
1052 719 1115 787 Dei
1141 719 1210 787 feli·

75 836 158 904 citer
173 829 440 916 gubernantibus.
463 828 622 917 Dyouisio
653 828 815 914 Palatino,
849 826 974 896 Gemite
999 827 1043 894 de
1073 825 1210 914 Oeluoh,

74 939 197 1009 Judicn
214 937 455 1018 Cumanorum
475 935 617 1004 Henrioo
632 936 725 1004 Bano
741 934 849 1004 toeius
866 935 1052 1022 Solanonie,
1070 935 1217 1024 Nyoolao

77 1045 242 1132 Voyuoda
256 1043 492 1113 Trunssiluano
509 1043 633 1112 Comite
649 1041 861 1125 danaorum
879 1040 1049 1110 Iwaohino
1059 1043 1217 1126 Magistro

80 1151 343 1222 Tanaruioorum
372 1158 553 1219 nostrorum
584 1150 707 1218 Comite
739 1150 780 1218 de
810 1149 911 1236 Plys;
933 1151 1029 1236 Moys
1059 1149 1221 1234 Magistro

81 1260 343 1330 Tnuarnioornm
384 1258 513 1326 domine
542 1257 667 1343 Regina
698 1257 876 1326 karissime
907 1256 1064 1326 consortis
1094 1263 1234 1340 nostra.

82 1366 212 1436 Comite
227 1355 444 1453 Symigiansi3
467 1367 616 1453 Nyeolao
632 1363 752 1432 Judioe
768 1365 862 1432 Curio
879 1374 999 1454 nostre,
1026 1365 1148 1436 Oomite
1175 1369 1215 1436 de

82 1472 262 1559 Gueohke;
286 1475 390 1542 Paulo
405 1474 496 1541 Bano
512 1473 553 1541 de
578 1471 729 1558 Zeuriuo,
762 1471 909 1540 Johanne
942 1473 1067 1542 comite
1099 1473 1219 1562 Supra-

81 1583 211 1665 niensi;
235 1581 402 1652 Harbordo
419 1583 577 1668 Magistro
593 1581 782 1666 Agasouum
807 1587 990 1650 nostrorum
1022 1581 1147 1650 Oomite
1179 1584 1219 1651 de

82 1693 238 1773 Barana;
260 1691 430 1780 Reynoldo
445 1691 601 1776 Magistro
616 1688 848 1776 Dapiferornm
874 1699 1067 1776 nostrorum,
1094 1691 1216 1759 Comite

82 1799 368 1887 Zaigagenrienst
397 1798 525 1868 Dedalo
541 1798 665 1866 Comita
681 1794 880 1882 Zaladiensi,
912 1796 1075 1886 Gregorio
1093 1795 1216 1866 Gemite

82 1906 192 1974 Casiri
211 1906 333 1992 Ferrei,
349 1907 472 1975 Jacobo
488 1905 613 1974 Comite
627 1905 808 1992 Nytriensi,
826 1904 936 1974 Oohnn
953 1903 1080 1974 comite
1092 1905 1220 1992 vespri-

81 2013 200 2082 miensi
216 2020 249 2080 et
264 2013 342 2103 aiijs
358 2035 455 2099 quam
471 2013 620 2100 pluribus
637 2012 817 2083 Comitatus
833 2013 940 2099 Regni
973 2013 1158 2082 tenentibus
1188 2019 1222 2081 et

80 2119 233 2190 honores.

81 2318 226 2379 (Eredetie
257 2319 455 2384 borhnrtyan,
486 2319 616 2386 melynek
649 2317 770 2384 peasotje
803 2321 953 2387 elvsszett,
996 2339 1013 2374 a
1044 2325 1129 2377 budai
1161 2320 1215 2371 kir.

482 2410 612 2462 kamarai
630 2409 826 2479 levelrtrban.)

523 2695 791 2708 Qn-

623 3227 697 3298 100.

82 3423 150 3490 IV.
167 3423 284 3492 nardo
298 3425 480 3512 kindlyook
494 3426 664 3513 Kottoyeo
678 3428 833 3516 helyedyet
850 3434 1005 3517 tdryyaro
1031 3429 1236 3518 adamannum.

201 3529 323 3596 Tameia
338 3541 458 3614 mester,
474 3530 585 3597 Gdbor
600 3537 772 3601 maoteroek
779 3537 829 3620 fia
844 3541 1003 3603 stomaro.
1027 3533 1124 3607 1274.

204 3725 393 3812 Ladynlaus
423 3727 485 3794 Dei
517 3728 630 3812 grania
660 3728 837 3815 Raugonia,
868 3729 1048 3817 Dalmatio,
1079 3729 1223 3820 (troanie,

79 3832 204 3919 Brome,
237 3833 363 3918 Seruio,
394 3831 545 3923 Gallioie,
571 3835 771 3922 Lodomarie‚
812 3837 979 3923 Cumania,
1006 3837 1226 3924 Balgarieque

78 3939 161 4006 Rex
183 3939 345 4008 uniuersis
372 3939 493 4009 Christi
525 3941 677 4010 fidelibus
707 3961 844 4030 presens
859 3946 1013 4032 scriptum
1030 3945 1224 4034 inspecturis

78 4050 231 4115 salntem
249 4047 283 4114 in
300 4048 444 4115 omnium
460 4051 634 4118 saltatore.
665 4050 738 4118 Juri
754 4058 919 4137 consonat,
952 4074 1011 4122 neo
1043 4055 1227 4140 preindioat

81 4154 243 4241 equitati,
277 4153 364 4239 quod
378 4155 481 4240 Regia
496 4155 638 4224 fideliter
653 4156 828 4245 Mayestati
845 4157 1041 4228 famulantes
1065 4161 1227 4247 eondigne

78 4260 373 4332 remunerationis
390 4265 563 4350 priuilegio
580 4263 748 4350 gaudeant
764 4272 796 4333 et
812 4265 972 4333 fruantur.
1008 4268 1150 4335 Proinde
1183 4269 1227 4334 ad

74 4372 320 4442 uniuersorum
335 4371 492 4440 noticiam
508 4371 622 4442 harum
638 4374 723 4442 serie
739 4375 887 4442 volumus
918 4375 1100 4460 peruenire,
1137 4376 1224 4460 quod

72 4479 211 4550 nobilis
225 4480 278 4548 uir
292 4479 450 4565 Magister
466 4480 609 4550 Thomas
624 4481 711 4551 filius
736 4481 886 4567 Magistri
920 4481 1086 4552 orbitatis
1118 4482 1235 4552 fidelis.

70 4597 200 4662 noster
215 4587 260 4656 ad
284 4595 430 4658 nostram
456 4588 614 4660 aooedons
644 4589 847 4676 presentiam
878 4609 900 4656 a
931 4591 1026 4660 nobis
1058 4591 1225 4661 humiliter
